1715 2734
184 74 453 112 ACTIONIS
485 74 546 111 IN
577 73 621 112 C.
644 73 887 110 VERREM
918 71 1220 110 SECVNDAE
1251 71 1356 107 LIB.
1380 70 1398 107 I
1438 75 1545 116 3178

153 182 301 221 misisti.
351 182 492 221 Recita
518 183 623 220 hunc
653 181 781 232 ipsum
811 183 943 220 locum
964 182 1014 219 de
1043 179 1281 219 testimonio.
1341 181 1482 218 TESTI-
1506 195 1544 228 79

153 259 323 286 MoerM
354 248 398 286 C.
414 249 576 285 VERRIS
607 258 652 284 IN
683 249 1018 284 ARTEMIDORVM.
1076 246 1175 282 NON
1211 256 1352 282 MVLTO
1386 256 1483 282 Posr

152 324 196 348 IN
236 323 388 349 DOMVM
419 335 480 348 —.
559 312 766 349 Bellumne
804 312 952 359 populo
987 312 1172 347 Romano
1212 311 1484 358 Lampsacena

150 375 285 414 civitas
320 378 446 414 facere
481 376 727 414 conabatur?
765 376 933 413 deficere
963 375 1014 413 ab
1046 373 1210 424 imperio
1244 388 1289 412 ac
1320 374 1482 412 nomine

114 456 130 487 5
150 448 285 478 nostro
314 441 500 479 volebat?
556 440 687 478 Video
716 440 822 479 enim
852 448 889 478 et
917 453 963 478 ex
995 439 1040 477 iis
1067 453 1168 489 quae
1198 439 1271 488 legi
1293 446 1330 477 et
1350 438 1483 476 audivi

149 505 343 555 intellego,
368 505 407 542 in
429 519 507 555 qua
527 505 682 544 civitate
704 519 784 543 non
815 506 935 543 modo
965 506 1114 554 legatus
1144 504 1279 554 populi
1310 503 1483 541 Romani

149 569 440 617 circumsessus,
454 583 535 607 non
553 571 674 608 modo
688 570 776 619 igni,
797 571 909 617 ferro,
927 583 1057 615 manu,
1076 569 1198 619 copiis
1219 576 1479 618 oppugnatus,

150 636 219 673 sed
241 634 374 684 aliqua
393 648 440 672 ex
460 642 568 684 parte
590 634 756 673 violatus
778 635 835 681 sit,
856 634 929 672 nisi
960 634 1118 683 publice
1139 634 1230 672 satis
1252 635 1398 671 factum
1420 634 1478 679 sit,

148 700 183 738 ei
218 700 363 738 civitati
402 701 549 738 bellum
588 700 709 739 indici
740 708 858 750 atque
888 700 1017 738 inferri
1052 701 1186 737 solere.
1265 700 1379 747 Quae
1409 699 1480 737 fuit
1502 704 1543 733 80

91 780 130 802 10
149 764 262 814 igitur
282 778 400 802 causa
421 778 488 802 cur
509 773 651 802 cuncta
672 765 807 803 civitas
831 767 1192 814 Lampsacenorum
1214 765 1264 803 de
1281 764 1478 810 contione,

148 842 267 878 quem
287 831 338 867 ad
356 831 519 867 modum
541 837 623 867 tute
644 830 794 877 scribis,
810 831 974 868 domum
989 837 1096 867 tuam
1111 832 1390 869 concurreret?
1419 833 1481 868 Tu

148 893 253 931 enim
276 907 405 943 neque
426 894 465 931 in
501 894 635 932 litteris
663 908 759 944 quas
795 894 944 933 Neroni
980 894 1111 940 mittis,
1143 907 1271 943 neque
1304 893 1343 930 in
1377 894 1479 932 testi-

149 958 284 996 monio
305 972 464 997 causam
485 959 582 997 tanti
603 961 793 997 tumultus
814 958 990 997 ostendis
1011 960 1141 997 ullam.
1201 959 1419 997 Obsessum
1442 966 1480 997 te

147 1023 255 1069 dicis,
275 1023 404 1073 ignem
434 1025 620 1070 adlatum,
654 1031 849 1062 sarmenta
875 1023 1126 1069 circumdata,
1159 1022 1335 1061 lictorem
1368 1030 1479 1060 tuum

90 1103 126 1135 15
148 1088 322 1126 occisum
352 1102 437 1127 esse
471 1088 585 1135 dicis,
611 1089 833 1138 prodeundi
861 1088 930 1126 tibi
955 1088 994 1126 in
1019 1088 1221 1138 publicum
1243 1095 1478 1138 potestatem

147 1154 289 1191 factam
316 1167 459 1203 negas:
490 1167 648 1191 causam
679 1153 794 1191 huius
825 1153 921 1191 tanti
949 1153 1102 1191 terroris
1129 1154 1313 1191 occultas.
1375 1154 1478 1190 Nam

146 1218 177 1256 si
198 1232 316 1268 quarn
340 1219 512 1256 Rubrius
540 1218 720 1256 iniuriam
748 1232 820 1257 suo
847 1218 1008 1256 nomine
1034 1231 1080 1256 ac
1107 1231 1187 1256 non
1215 1218 1385 1267 impulsu
1411 1225 1479 1255 tuo

146 1290 183 1321 et
204 1291 271 1321 tua
297 1283 511 1333 cupiditate
540 1283 703 1330 fecisset,
727 1285 778 1322 de
805 1283 859 1321 tui
885 1283 1039 1322 comitis
1066 1282 1203 1321 iniuria
1224 1290 1406 1332 questum
1427 1284 1477 1321 ad

145 1355 183 1386 te
204 1348 334 1397 potius
362 1361 480 1398 quam
502 1356 540 1386 te
567 1356 838 1398 oppugnatum
860 1347 1046 1386 venirent.
1107 1348 1209 1387 Cum
1238 1347 1353 1396 igitur
1377 1360 1478 1396 quae

89 1426 128 1447 20
145 1426 262 1450 causa
282 1413 383 1450 illius
404 1415 595 1451 turnultus
621 1413 734 1451 fuerit
759 1420 877 1451 testes
904 1426 927 1450 a
954 1413 1068 1450 nobis
1096 1412 1277 1462 producti
1298 1412 1474 1459 dixerint,

144 1477 228 1527 ipse
248 1478 390 1523 celarit,
408 1491 541 1516 nonne
561 1491 720 1516 causam
742 1479 844 1515 hanc
860 1491 978 1527 quam
996 1491 1067 1515 nos
1089 1477 1364 1527 proposuimus
1385 1491 1476 1515 curn

144 1542 298 1580 illorum
338 1543 563 1581 testimonia
602 1551 685 1580 tum
725 1542 834 1580 istius
875 1542 1116 1580 taciturnitas
1158 1549 1345 1592 perpetua
1385 1555 1475 1580 con-

145 1607 301 1645 firmat?

201 1672 308 1710 Huic
335 1672 486 1710 homini
514 1672 678 1722 parcetis
706 1672 830 1722 igitur,
858 1672 1021 1719 iudices,
1042 1671 1152 1709 cuius
1180 1679 1287 1709 tanta
1313 1679 1476 1721 peccata
1494 1648 1546 1729 :8312

87 1752 124 1784 25
146 1745 234 1774 sunt
256 1746 297 1775 ut
331 1737 355 1775 ii
388 1738 531 1787 quibus
563 1738 720 1776 iniurias
752 1738 884 1776 fecerit
912 1751 1040 1787 neque
1073 1736 1288 1786 legitimum
1320 1745 1474 1786 tempus

144 1810 367 1852 exspectare
397 1804 448 1840 ad
486 1802 756 1840 ulciscendum
796 1816 924 1852 neque
959 1802 1036 1839 vim
1076 1809 1224 1839 tantam
1259 1802 1404 1839 doloris
1435 1802 1474 1839 in

142 1874 341 1916 posterum
363 1867 516 1906 differre
539 1868 769 1916 potuerint?
827 1868 1119 1907 Circumsessus
1141 1881 1192 1905 es.
1243 1869 1279 1904 A
1301 1867 1474 1916 quibus?

142 1934 177 1969 A
212 1932 501 1981 Lampsacenis.
581 1932 761 1970 Barbaris
796 1933 1035 1979 hominibus,
1071 1934 1200 1978 credo,
1230 1939 1296 1970 aut
1330 1932 1375 1970 iis
1405 1932 1472 1982 qui

142 1996 277 2046 populi
318 1997 489 2035 Romani
528 2011 674 2035 nornen
714 2005 1024 2035 contemnerent.
1114 1999 1244 2035 Immo
1283 2010 1373 2035 vero
1420 1998 1470 2035 ab

84 2075 125 2105 30
143 2061 369 2099 hominibus
391 2069 428 2099 et
459 2069 594 2099 natura
625 2069 663 2099 et
695 2063 982 2100 consuetudine
1013 2070 1050 2100 et
1086 2062 1293 2112 disciplina
1325 2061 1470 2100 lenissi-

12 2181 15 2206 ³.
190 2174 247 2202 1=3
274 2164 394 2195 Recita
415 2190 420 2195 .
439 2190 445 2195 .
464 2188 471 2195 .
494 2165 628 2195 domum
647 2166 679 2204 ιή
698 2176 764 2204 mg.
778 2171 823 2205 pr,
840 2167 964 2205 (ipsum
984 2166 1071 2196 hunc
1090 2166 1123 2200 b)
1144 2177 1150 2195 z
1175 2177 1240 2197 om.
1260 2165 1324 2195 ΒΨ
1450 2176 1469 2204 3

12 2211 16 2241 ζ
142 2207 347 2246 lampsaceni
366 2208 427 2239 civ,
445 2208 503 2239 fac.
523 2208 744 2247 conabaturp
759 2221 764 2239 z
792 2209 996 2247 lampsaceni
1016 2210 1077 2239 sac.
1098 2209 1306 2239 conabantur
1324 2211 1339 2239 δ
1432 2219 1466 2238 11

13 2243 16 2280 f
142 2252 232 2280 tuam
246 2256 308 2290 pr:
333 2261 398 2281 om.
417 2249 481 2279 ΒΨ
592 2256 805 2280 concurreret
823 2251 840 2280 b
856 2251 918 2291 Lg.
937 2262 979 2289 42
995 2264 1001 2281 :
1026 2253 1105 2281 -erit
1122 2251 1176 2292 Dp
1193 2254 1256 2283 rell.
1428 2265 1468 2284 22

143 2298 305 2332 perpetua
322 2293 499 2323 confirmat
516 2293 571 2332 Dp
589 2293 652 2324 rell.
669 2304 676 2322 ε
701 2293 787 2324 conf.
806 2304 899 2333 perp.
920 2305 958 2333 qr
974 2295 1155 2333 (Zielinski,
1170 2300 1203 2334 p.
1227 2297 1302 2336 193)
1427 2300 1469 2327 26

143 2336 185 2366 ad
202 2336 313 2367 ulcisc.
331 2346 423 2375 exsp.
446 2336 479 2375 q¹
