<?xml version="1.0" encoding="UTF-8"?>
<!DOCTYPE html PUBLIC "-//W3C//DTD XHTML 1.0 Transitional//EN"
    "http://www.w3.org/TR/xhtml1/DTD/xhtml1-transitional.dtd">
<html xmlns="http://www.w3.org/1999/xhtml" xml:lang="en" lang="en">
 <head>
  <title>
</title>
<meta http-equiv="Content-Type" content="text/html;charset=utf-8" />
  <meta name='ocr-system' content='tesseract 3.04.00' />
  <meta name='ocr-capabilities' content='ocr_page ocr_carea ocr_par ocr_line ocrx_word'/>
</head>
<body>
  <div class='ocr_page' id='page_1' title='image "./orationesrecogno03ciceuoft/orationesrecogno03ciceuoft_0127.png"; bbox 0 0 1715 2734; ppageno 0'>
   <div class='ocr_carea' id='block_1_1' title="bbox 145 100 1536 151">
    <p class='ocr_par' dir='ltr' id='par_1_1' title="bbox 145 100 1536 151">
     <span class='ocr_line' id='line_1_1' title="bbox 145 100 1536 151; baseline 0.003 -14"><span class='ocrx_word' id='word_1_1' title='bbox 145 100 413 138; x_wconf 90' lang='lat' dir='ltr'><strong>ACTIONIS</strong></span> <span class='ocrx_word' id='word_1_2' title='bbox 445 101 506 138; x_wconf 95' lang='lat' dir='ltr'>IN</span> <span class='ocrx_word' id='word_1_3' title='bbox 537 100 580 139; x_wconf 94' lang='lat' dir='ltr'>C.</span> <span class='ocrx_word' id='word_1_4' title='bbox 604 101 845 138; x_wconf 86' lang='lat' dir='ltr'>VERREM</span> <span class='ocrx_word' id='word_1_5' title='bbox 877 101 1175 140; x_wconf 87' lang='lat' dir='ltr'>SECVNDAE</span> <span class='ocrx_word' id='word_1_6' title='bbox 1206 103 1310 140; x_wconf 88' lang='lat' dir='ltr'><strong>LIB.</strong></span> <span class='ocrx_word' id='word_1_7' title='bbox 1335 104 1353 140; x_wconf 96' lang='grc' dir='ltr'>Ι</span> <span class='ocrx_word' id='word_1_8' title='bbox 1393 112 1450 149; x_wconf 87' lang='lat'>49</span> <span class='ocrx_word' id='word_1_9' title='bbox 1475 118 1536 151; x_wconf 89' lang='lat'>129</span> 
     </span>
    </p>
   </div>
   <div class='ocr_carea' id='block_1_2' title="bbox 54 209 1535 2148">
    <p class='ocr_par' dir='ltr' id='par_1_2' title="bbox 126 209 1535 455">
     <span class='ocr_line' id='line_1_2' title="bbox 127 209 1452 250; baseline 0.003 -4"><span class='ocrx_word' id='word_1_10' title='bbox 127 209 321 247; x_wconf 88' lang='lat' dir='ltr'>fiunt—in</span> <span class='ocrx_word' id='word_1_11' title='bbox 341 223 389 248; x_wconf 90' lang='lat' dir='ltr'>eo</span> <span class='ocrx_word' id='word_1_12' title='bbox 410 211 497 248; x_wconf 92' lang='lat' dir='ltr'>loco</span> <span class='ocrx_word' id='word_1_13' title='bbox 518 209 558 247; x_wconf 92' lang='lat' dir='ltr'>in</span> <span class='ocrx_word' id='word_1_14' title='bbox 574 223 755 248; x_wconf 82' lang='lat' dir='ltr'>sermone</span> <span class='ocrx_word' id='word_1_15' title='bbox 777 210 982 249; x_wconf 88' lang='lat' dir='ltr'>hominum</span> <span class='ocrx_word' id='word_1_16' title='bbox 999 211 1187 249; x_wconf 80' lang='lat' dir='ltr'>audaciae</span> <span class='ocrx_word' id='word_1_17' title='bbox 1208 225 1300 250; x_wconf 90' lang='lat' dir='ltr'>suae</span> <span class='ocrx_word' id='word_1_18' title='bbox 1315 226 1452 250; x_wconf 88' lang='lat' dir='ltr'>monu-</span> 
     </span>
     <span class='ocr_line' id='line_1_3' title="bbox 127 254 1535 343; baseline 0.003 -32"><span class='ocrx_word' id='word_1_19' title='bbox 127 282 302 312; x_wconf 84' lang='lat' dir='ltr'>mentum</span> <span class='ocrx_word' id='word_1_20' title='bbox 342 283 543 312; x_wconf 85' lang='lat' dir='ltr'>aeternum</span> <span class='ocrx_word' id='word_1_21' title='bbox 583 275 811 325; x_wconf 72' lang='lat' dir='ltr'>relinquere.</span> <span class='ocrx_word' id='word_1_22' title='bbox 872 277 1024 314; x_wconf 84' lang='lat' dir='ltr'>Aedem</span> <span class='ocrx_word' id='word_1_23' title='bbox 1066 277 1251 322; x_wconf 77' lang='lat' dir='ltr'>Castoris,</span> <span class='ocrx_word' id='word_1_24' title='bbox 1289 277 1447 323; x_wconf 84' lang='lat' dir='ltr'>iudices,</span> <span class='ocrx_word' id='word_1_25' title='bbox 1472 254 1535 343; x_wconf 49' lang='grc' dir='ltr'>ἓξ)</span> 
     </span>
     <span class='ocr_line' id='line_1_4' title="bbox 126 337 1506 389; baseline 0.002 -13"><span class='ocrx_word' id='word_1_26' title='bbox 126 341 167 376; x_wconf 91' lang='lat' dir='ltr'>P.</span> <span class='ocrx_word' id='word_1_27' title='bbox 193 340 329 377; x_wconf 90' lang='lat' dir='ltr'>Iunius</span> <span class='ocrx_word' id='word_1_28' title='bbox 356 340 493 378; x_wconf 87' lang='lat' dir='ltr'>habuit</span> <span class='ocrx_word' id='word_1_29' title='bbox 518 341 704 378; x_wconf 88' lang='lat' dir='ltr'>tuendam</span> <span class='ocrx_word' id='word_1_30' title='bbox 728 342 777 378; x_wconf 79' lang='lat' dir='ltr'>de</span> <span class='ocrx_word' id='word_1_31' title='bbox 807 343 848 378; x_wconf 91' lang='lat' dir='ltr'>L.</span> <span class='ocrx_word' id='word_1_32' title='bbox 873 343 979 379; x_wconf 89' lang='lat' dir='ltr'>Sulla</span> <span class='ocrx_word' id='word_1_33' title='bbox 1010 342 1057 389; x_wconf 83' lang='lat' dir='ltr'>Q.</span> <span class='ocrx_word' id='word_1_34' title='bbox 1091 343 1255 379; x_wconf 86' lang='lat' dir='ltr'>Metello</span> <span class='ocrx_word' id='word_1_35' title='bbox 1286 343 1451 380; x_wconf 87' lang='lat' dir='ltr'>consuli-</span> <span class='ocrx_word' id='word_1_36' title='bbox 1497 337 1506 345; x_wconf 65' lang='lat'>⁸</span> 
     </span>
     <span class='ocr_line' id='line_1_5' title="bbox 126 404 1447 455; baseline 0.001 -13"><span class='ocrx_word' id='word_1_37' title='bbox 126 404 208 442; x_wconf 89' lang='lat' dir='ltr'>bus.</span> <span class='ocrx_word' id='word_1_38' title='bbox 271 406 309 442; x_wconf 90' lang='lat' dir='ltr'>Is</span> <span class='ocrx_word' id='word_1_39' title='bbox 348 412 524 442; x_wconf 90' lang='lat' dir='ltr'>mortuus</span> <span class='ocrx_word' id='word_1_40' title='bbox 559 412 642 451; x_wconf 73' lang='lat' dir='ltr'>est3</span> <span class='ocrx_word' id='word_1_41' title='bbox 684 405 838 455; x_wconf 86' lang='lat' dir='ltr'>reliquit</span> <span class='ocrx_word' id='word_1_42' title='bbox 877 405 1070 455; x_wconf 90' lang='lat' dir='ltr'>pupillum</span> <span class='ocrx_word' id='word_1_43' title='bbox 1111 419 1272 455; x_wconf 86' lang='lat' dir='ltr'>parvum</span> <span class='ocrx_word' id='word_1_44' title='bbox 1313 406 1447 444; x_wconf 87' lang='lat' dir='ltr'>filium.</span> 
     </span>
    </p>

    <p class='ocr_par' dir='ltr' id='par_1_3' title="bbox 86 469 1450 778">
     <span class='ocr_line' id='line_1_6' title="bbox 86 469 1449 511; baseline 0.001 -5"><span class='ocrx_word' id='word_1_45' title='bbox 86 480 102 511; x_wconf 85' lang='lat'><strong><em>5</em></strong></span> <span class='ocrx_word' id='word_1_46' title='bbox 125 469 226 506; x_wconf 88' lang='lat' dir='ltr'>Cum</span> <span class='ocrx_word' id='word_1_47' title='bbox 277 471 319 506; x_wconf 94' lang='lat' dir='ltr'>L.</span> <span class='ocrx_word' id='word_1_48' title='bbox 370 469 557 508; x_wconf 88' lang='lat' dir='ltr'>Octavius</span> <span class='ocrx_word' id='word_1_49' title='bbox 606 470 650 508; x_wconf 89' lang='lat' dir='ltr'>C.</span> <span class='ocrx_word' id='word_1_50' title='bbox 702 470 883 508; x_wconf 84' lang='lat' dir='ltr'>Aurelius</span> <span class='ocrx_word' id='word_1_51' title='bbox 935 471 1117 508; x_wconf 90' lang='lat' dir='ltr'>consules</span> <span class='ocrx_word' id='word_1_52' title='bbox 1165 470 1274 508; x_wconf 88' lang='lat' dir='ltr'>aedis</span> <span class='ocrx_word' id='word_1_53' title='bbox 1323 484 1449 508; x_wconf 88' lang='lat' dir='ltr'>sacras</span> 
     </span>
     <span class='ocr_line' id='line_1_7' title="bbox 123 533 1447 584; baseline 0.002 -14"><span class='ocrx_word' id='word_1_54' title='bbox 123 533 356 571; x_wconf 81' lang='lat' dir='ltr'>locavissent</span> <span class='ocrx_word' id='word_1_55' title='bbox 395 547 524 583; x_wconf 91' lang='lat' dir='ltr'>neque</span> <span class='ocrx_word' id='word_1_56' title='bbox 568 534 789 583; x_wconf 82' lang='lat' dir='ltr'>potuissent</span> <span class='ocrx_word' id='word_1_57' title='bbox 828 534 961 572; x_wconf 88' lang='lat' dir='ltr'>omnia</span> <span class='ocrx_word' id='word_1_58' title='bbox 1005 542 1105 572; x_wconf 87' lang='lat' dir='ltr'>sarta</span> <span class='ocrx_word' id='word_1_59' title='bbox 1144 542 1246 573; x_wconf 89' lang='lat' dir='ltr'>tecta</span> <span class='ocrx_word' id='word_1_60' title='bbox 1285 535 1447 584; x_wconf 78' lang='lat' dir='ltr'>exigere,</span> 
     </span>
     <span class='ocr_line' id='line_1_8' title="bbox 121 598 1450 648; baseline 0.002 -13"><span class='ocrx_word' id='word_1_61' title='bbox 121 611 250 647; x_wconf 88' lang='lat' dir='ltr'>neque</span> <span class='ocrx_word' id='word_1_62' title='bbox 271 598 296 635; x_wconf 90' lang='lat' dir='ltr'>ii</span> <span class='ocrx_word' id='word_1_63' title='bbox 317 606 513 648; x_wconf 88' lang='lat' dir='ltr'>praetores</span> <span class='ocrx_word' id='word_1_64' title='bbox 534 598 676 647; x_wconf 92' lang='lat' dir='ltr'>quibus</span> <span class='ocrx_word' id='word_1_65' title='bbox 697 606 777 637; x_wconf 88' lang='lat' dir='ltr'>erat</span> <span class='ocrx_word' id='word_1_66' title='bbox 798 599 997 648; x_wconf 84' lang='lat' dir='ltr'>negotium</span> <span class='ocrx_word' id='word_1_67' title='bbox 1019 600 1167 645; x_wconf 77' lang='lat' dir='ltr'>datum,</span> <span class='ocrx_word' id='word_1_68' title='bbox 1192 600 1235 638; x_wconf 91' lang='lat' dir='ltr'>C.</span> <span class='ocrx_word' id='word_1_69' title='bbox 1260 601 1450 638; x_wconf 77' lang='lat' dir='ltr'>Sacerdos</span> 
     </span>
     <span class='ocr_line' id='line_1_9' title="bbox 122 663 1449 713; baseline 0.002 -13"><span class='ocrx_word' id='word_1_70' title='bbox 122 670 159 700; x_wconf 91' lang='lat' dir='ltr'>et</span> <span class='ocrx_word' id='word_1_71' title='bbox 195 665 250 700; x_wconf 90' lang='lat' dir='ltr'>M.</span> <span class='ocrx_word' id='word_1_72' title='bbox 288 663 464 709; x_wconf 83' lang='lat' dir='ltr'>Caesius,</span> <span class='ocrx_word' id='word_1_73' title='bbox 496 665 642 701; x_wconf 86' lang='lat' dir='ltr'>factum</span> <span class='ocrx_word' id='word_1_74' title='bbox 675 671 732 702; x_wconf 89' lang='lat' dir='ltr'>est</span> <span class='ocrx_word' id='word_1_75' title='bbox 764 672 921 702; x_wconf 88' lang='lat' dir='ltr'>senatus</span> <span class='ocrx_word' id='word_1_76' title='bbox 956 665 1193 710; x_wconf 85' lang='lat' dir='ltr'>consultum,</span> <span class='ocrx_word' id='word_1_77' title='bbox 1225 664 1369 713; x_wconf 88' lang='lat' dir='ltr'>quibus</span> <span class='ocrx_word' id='word_1_78' title='bbox 1400 666 1449 702; x_wconf 87' lang='lat' dir='ltr'>de</span> 
     </span>
     <span class='ocr_line' id='line_1_10' title="bbox 121 728 1448 778; baseline 0.001 -13"><span class='ocrx_word' id='word_1_79' title='bbox 121 728 231 766; x_wconf 89' lang='lat' dir='ltr'>sartis</span> <span class='ocrx_word' id='word_1_80' title='bbox 259 728 370 766; x_wconf 85' lang='lat' dir='ltr'>tectis</span> <span class='ocrx_word' id='word_1_81' title='bbox 398 728 599 778; x_wconf 86' lang='lat' dir='ltr'>cognitum</span> <span class='ocrx_word' id='word_1_82' title='bbox 621 736 658 766; x_wconf 90' lang='lat' dir='ltr'>et</span> <span class='ocrx_word' id='word_1_83' title='bbox 679 729 896 766; x_wconf 86' lang='lat' dir='ltr'>iudicatum</span> <span class='ocrx_word' id='word_1_84' title='bbox 924 742 1004 766; x_wconf 89' lang='lat' dir='ltr'>non</span> <span class='ocrx_word' id='word_1_85' title='bbox 1025 737 1137 774; x_wconf 89' lang='lat' dir='ltr'>esset,</span> <span class='ocrx_word' id='word_1_86' title='bbox 1161 728 1217 766; x_wconf 93' lang='lat' dir='ltr'>uti</span> <span class='ocrx_word' id='word_1_87' title='bbox 1239 730 1282 768; x_wconf 91' lang='lat' dir='ltr'>C.</span> <span class='ocrx_word' id='word_1_88' title='bbox 1307 731 1448 767; x_wconf 84' lang='lat' dir='ltr'>Verres</span> 
     </span>
    </p>

    <p class='ocr_par' dir='ltr' id='par_1_4' title="bbox 64 793 1448 1104">
     <span class='ocr_line' id='line_1_11' title="bbox 64 793 1446 843; baseline 0.001 -13"><span class='ocrx_word' id='word_1_89' title='bbox 64 805 102 826; x_wconf 87' lang='lat'>10</span> <span class='ocrx_word' id='word_1_90' title='bbox 122 795 162 830; x_wconf 89' lang='lat' dir='ltr'>P.</span> <span class='ocrx_word' id='word_1_91' title='bbox 210 793 367 832; x_wconf 89' lang='lat' dir='ltr'>Caelius</span> <span class='ocrx_word' id='word_1_92' title='bbox 414 801 611 843; x_wconf 85' lang='lat' dir='ltr'>praetores</span> <span class='ocrx_word' id='word_1_93' title='bbox 654 801 938 843; x_wconf 85' lang='lat' dir='ltr'>cognoscerent</span> <span class='ocrx_word' id='word_1_94' title='bbox 984 801 1021 831; x_wconf 90' lang='lat' dir='ltr'>et</span> <span class='ocrx_word' id='word_1_95' title='bbox 1069 793 1297 832; x_wconf 88' lang='lat' dir='ltr'>iudicarent.</span> <span class='ocrx_word' id='word_1_96' title='bbox 1359 795 1446 842; x_wconf 87' lang='lat' dir='ltr'>Qua</span> 
     </span>
     <span class='ocr_line' id='line_1_12' title="bbox 122 857 1448 911; baseline 0 -13"><span class='ocrx_word' id='word_1_97' title='bbox 122 866 318 911; x_wconf 87' lang='lat' dir='ltr'>potestate</span> <span class='ocrx_word' id='word_1_98' title='bbox 351 859 424 899; x_wconf 90' lang='lat' dir='ltr'>iste</span> <span class='ocrx_word' id='word_1_99' title='bbox 458 861 648 911; x_wconf 87' lang='lat' dir='ltr'>permissa</span> <span class='ocrx_word' id='word_1_100' title='bbox 686 862 742 899; x_wconf 89' lang='lat' dir='ltr'>sic</span> <span class='ocrx_word' id='word_1_101' title='bbox 771 861 919 899; x_wconf 87' lang='lat' dir='ltr'>abusus</span> <span class='ocrx_word' id='word_1_102' title='bbox 949 869 1008 899; x_wconf 88' lang='lat' dir='ltr'>est</span> <span class='ocrx_word' id='word_1_103' title='bbox 1037 868 1080 900; x_wconf 88' lang='lat' dir='ltr'>ut</span> <span class='ocrx_word' id='word_1_104' title='bbox 1108 874 1157 900; x_wconf 87' lang='lat' dir='ltr'>ex</span> <span class='ocrx_word' id='word_1_105' title='bbox 1186 860 1262 901; x_wconf 89' lang='lat' dir='ltr'>Cn.</span> <span class='ocrx_word' id='word_1_106' title='bbox 1295 857 1448 899; x_wconf 80' lang='lat' dir='ltr'>Fannio</span> 
     </span>
     <span class='ocr_line' id='line_1_13' title="bbox 118 924 1447 974; baseline 0.001 -12"><span class='ocrx_word' id='word_1_107' title='bbox 118 932 155 962; x_wconf 92' lang='lat' dir='ltr'>et</span> <span class='ocrx_word' id='word_1_108' title='bbox 177 938 223 962; x_wconf 88' lang='lat' dir='ltr'>ex</span> <span class='ocrx_word' id='word_1_109' title='bbox 248 925 297 973; x_wconf 84' lang='lat' dir='ltr'>Q.</span> <span class='ocrx_word' id='word_1_110' title='bbox 319 924 449 962; x_wconf 88' lang='lat' dir='ltr'>Tadio</span> <span class='ocrx_word' id='word_1_111' title='bbox 476 924 725 974; x_wconf 88' lang='lat' dir='ltr'>cognovistis,</span> <span class='ocrx_word' id='word_1_112' title='bbox 750 938 884 963; x_wconf 89' lang='lat' dir='ltr'>verum</span> <span class='ocrx_word' id='word_1_113' title='bbox 912 932 1045 963; x_wconf 90' lang='lat' dir='ltr'>tamen</span> <span class='ocrx_word' id='word_1_114' title='bbox 1075 939 1166 963; x_wconf 89' lang='lat' dir='ltr'>curn</span> <span class='ocrx_word' id='word_1_115' title='bbox 1196 933 1297 963; x_wconf 88' lang='lat' dir='ltr'>esset</span> <span class='ocrx_word' id='word_1_116' title='bbox 1325 927 1447 963; x_wconf 89' lang='lat' dir='ltr'>omni—</span> 
     </span>
     <span class='ocr_line' id='line_1_14' title="bbox 119 988 1443 1039; baseline 0.002 -13"><span class='ocrx_word' id='word_1_117' title='bbox 119 989 191 1026; x_wconf 89' lang='lat' dir='ltr'>bus</span> <span class='ocrx_word' id='word_1_118' title='bbox 231 988 270 1026; x_wconf 91' lang='lat' dir='ltr'>in</span> <span class='ocrx_word' id='word_1_119' title='bbox 309 989 426 1027; x_wconf 90' lang='lat' dir='ltr'>rebus</span> <span class='ocrx_word' id='word_1_120' title='bbox 468 989 712 1038; x_wconf 90' lang='lat' dir='ltr'>apertissime</span> <span class='ocrx_word' id='word_1_121' title='bbox 757 989 1178 1039; x_wconf 88' lang='lat' dir='ltr'>impudentissimeque</span> <span class='ocrx_word' id='word_1_122' title='bbox 1222 991 1443 1039; x_wconf 84' lang='lat' dir='ltr'>praedatus,</span> 
     </span>
     <span class='ocr_line' id='line_1_15' title="bbox 118 1053 1444 1104; baseline 0.002 -14"><span class='ocrx_word' id='word_1_123' title='bbox 118 1054 194 1091; x_wconf 87' lang='lat' dir='ltr'>hoc</span> <span class='ocrx_word' id='word_1_124' title='bbox 226 1053 349 1091; x_wconf 90' lang='lat' dir='ltr'>voluit</span> <span class='ocrx_word' id='word_1_125' title='bbox 379 1053 637 1091; x_wconf 83' lang='lat' dir='ltr'>clarissimum</span> <span class='ocrx_word' id='word_1_126' title='bbox 674 1054 892 1104; x_wconf 87' lang='lat' dir='ltr'>relinquere</span> <span class='ocrx_word' id='word_1_127' title='bbox 926 1054 1116 1092; x_wconf 89' lang='lat' dir='ltr'>indicium</span> <span class='ocrx_word' id='word_1_128' title='bbox 1152 1055 1444 1093; x_wconf 87' lang='lat' dir='ltr'>latrociniorum</span> 
     </span>
    </p>

    <p class='ocr_par' dir='ltr' id='par_1_5' title="bbox 65 1118 1523 1428">
     <span class='ocr_line' id='line_1_16' title="bbox 65 1118 1445 1168; baseline 0.002 -14"><span class='ocrx_word' id='word_1_129' title='bbox 65 1133 97 1163; x_wconf 85' lang='lat'>15</span> <span class='ocrx_word' id='word_1_130' title='bbox 118 1131 290 1164; x_wconf 87' lang='lat' dir='ltr'>suorum,</span> <span class='ocrx_word' id='word_1_131' title='bbox 327 1119 377 1156; x_wconf 93' lang='lat' dir='ltr'>de</span> <span class='ocrx_word' id='word_1_132' title='bbox 408 1131 488 1167; x_wconf 92' lang='lat' dir='ltr'>quo</span> <span class='ocrx_word' id='word_1_133' title='bbox 520 1132 600 1156; x_wconf 90' lang='lat' dir='ltr'>non</span> <span class='ocrx_word' id='word_1_134' title='bbox 632 1118 767 1157; x_wconf 89' lang='lat' dir='ltr'>audire</span> <span class='ocrx_word' id='word_1_135' title='bbox 796 1119 1012 1168; x_wconf 91' lang='lat' dir='ltr'>aliquando</span> <span class='ocrx_word' id='word_1_136' title='bbox 1042 1120 1111 1157; x_wconf 88' lang='lat' dir='ltr'>sed</span> <span class='ocrx_word' id='word_1_137' title='bbox 1142 1119 1273 1157; x_wconf 88' lang='lat' dir='ltr'>videre</span> <span class='ocrx_word' id='word_1_138' title='bbox 1300 1119 1445 1157; x_wconf 85' lang='lat' dir='ltr'>cotidie</span> 
     </span>
     <span class='ocr_line' id='line_1_17' title="bbox 118 1182 1523 1232; baseline 0.001 -13"><span class='ocrx_word' id='word_1_139' title='bbox 118 1195 333 1231; x_wconf 71' lang='lat' dir='ltr'>possemus</span> <span class='ocrx_word' id='word_1_140' title='bbox 394 1182 598 1231; x_wconf 86' lang='lat' dir='ltr'>Quaesivit</span> <span class='ocrx_word' id='word_1_141' title='bbox 629 1183 715 1232; x_wconf 90' lang='lat' dir='ltr'>quis</span> <span class='ocrx_word' id='word_1_142' title='bbox 747 1185 887 1221; x_wconf 87' lang='lat' dir='ltr'>aedem</span> <span class='ocrx_word' id='word_1_143' title='bbox 922 1183 1094 1222; x_wconf 88' lang='lat' dir='ltr'>Castoris</span> <span class='ocrx_word' id='word_1_144' title='bbox 1127 1192 1268 1221; x_wconf 90' lang='lat' dir='ltr'>sartam</span> <span class='ocrx_word' id='word_1_145' title='bbox 1302 1192 1444 1221; x_wconf 83' lang='lat' dir='ltr'>tectam</span> <span class='ocrx_word' id='word_1_146' title='bbox 1472 1201 1523 1230; x_wconf 72' lang='lat'>131</span> 
     </span>
     <span class='ocr_line' id='line_1_18' title="bbox 118 1247 1446 1298; baseline 0 -12"><span class='ocrx_word' id='word_1_147' title='bbox 118 1248 280 1286; x_wconf 89' lang='lat' dir='ltr'>deberet</span> <span class='ocrx_word' id='word_1_148' title='bbox 318 1249 480 1286; x_wconf 88' lang='lat' dir='ltr'>tradere.</span> <span class='ocrx_word' id='word_1_149' title='bbox 543 1247 701 1286; x_wconf 87' lang='lat' dir='ltr'>Iunium</span> <span class='ocrx_word' id='word_1_150' title='bbox 741 1248 869 1298; x_wconf 91' lang='lat' dir='ltr'>ipsum</span> <span class='ocrx_word' id='word_1_151' title='bbox 910 1256 1108 1286; x_wconf 89' lang='lat' dir='ltr'>mortuum</span> <span class='ocrx_word' id='word_1_152' title='bbox 1148 1262 1233 1287; x_wconf 91' lang='lat' dir='ltr'>esse</span> <span class='ocrx_word' id='word_1_153' title='bbox 1272 1249 1446 1296; x_wconf 74' lang='lat' dir='ltr'>sciebat3</span> 
     </span>
     <span class='ocr_line' id='line_1_19' title="bbox 119 1313 1444 1364; baseline 0 -13"><span class='ocrx_word' id='word_1_154' title='bbox 119 1313 216 1351; x_wconf 89' lang='lat' dir='ltr'>scire</span> <span class='ocrx_word' id='word_1_155' title='bbox 242 1314 398 1352; x_wconf 89' lang='lat' dir='ltr'>volebat</span> <span class='ocrx_word' id='word_1_156' title='bbox 422 1315 472 1352; x_wconf 87' lang='lat' dir='ltr'>ad</span> <span class='ocrx_word' id='word_1_157' title='bbox 501 1327 619 1363; x_wconf 89' lang='lat' dir='ltr'>quern</span> <span class='ocrx_word' id='word_1_158' title='bbox 641 1313 705 1351; x_wconf 92' lang='lat' dir='ltr'>illa</span> <span class='ocrx_word' id='word_1_159' title='bbox 733 1327 792 1351; x_wconf 89' lang='lat' dir='ltr'>res</span> <span class='ocrx_word' id='word_1_160' title='bbox 822 1313 1042 1363; x_wconf 89' lang='lat' dir='ltr'>pertineret.</span> <span class='ocrx_word' id='word_1_161' title='bbox 1103 1314 1227 1352; x_wconf 88' lang='lat' dir='ltr'>Audit</span> <span class='ocrx_word' id='word_1_162' title='bbox 1252 1314 1444 1364; x_wconf 88' lang='lat' dir='ltr'>pupillum</span> 
     </span>
     <span class='ocr_line' id='line_1_20' title="bbox 120 1378 1445 1428; baseline 0 -12"><span class='ocrx_word' id='word_1_163' title='bbox 120 1392 203 1416; x_wconf 90' lang='lat' dir='ltr'>esse</span> <span class='ocrx_word' id='word_1_164' title='bbox 246 1378 382 1416; x_wconf 90' lang='lat' dir='ltr'>filium.</span> <span class='ocrx_word' id='word_1_165' title='bbox 455 1380 592 1416; x_wconf 89' lang='lat' dir='ltr'>Homo</span> <span class='ocrx_word' id='word_1_166' title='bbox 636 1378 703 1428; x_wconf 92' lang='lat' dir='ltr'>qui</span> <span class='ocrx_word' id='word_1_167' title='bbox 746 1392 900 1428; x_wconf 85' lang='lat' dir='ltr'>semper</span> <span class='ocrx_word' id='word_1_168' title='bbox 948 1378 1000 1416; x_wconf 88' lang='lat' dir='ltr'>ita</span> <span class='ocrx_word' id='word_1_169' title='bbox 1043 1380 1171 1428; x_wconf 89' lang='lat' dir='ltr'>palam</span> <span class='ocrx_word' id='word_1_170' title='bbox 1215 1378 1445 1425; x_wconf 76' lang='lat' dir='ltr'>dictitasset,</span> 
     </span>
    </p>

    <p class='ocr_par' dir='ltr' id='par_1_6' title="bbox 61 1444 1526 1758">
     <span class='ocr_line' id='line_1_21' title="bbox 61 1444 1442 1494; baseline -0.001 -11"><span class='ocrx_word' id='word_1_171' title='bbox 61 1462 101 1483; x_wconf 85' lang='lat'>20</span> <span class='ocrx_word' id='word_1_172' title='bbox 118 1444 288 1494; x_wconf 90' lang='lat' dir='ltr'>pupillos</span> <span class='ocrx_word' id='word_1_173' title='bbox 318 1452 355 1482; x_wconf 89' lang='lat' dir='ltr'>et</span> <span class='ocrx_word' id='word_1_174' title='bbox 384 1445 551 1494; x_wconf 86' lang='lat' dir='ltr'>pupillas</span> <span class='ocrx_word' id='word_1_175' title='bbox 581 1444 836 1482; x_wconf 89' lang='lat' dir='ltr'>certissimam</span> <span class='ocrx_word' id='word_1_176' title='bbox 862 1446 1047 1494; x_wconf 85' lang='lat' dir='ltr'>praedam</span> <span class='ocrx_word' id='word_1_177' title='bbox 1076 1458 1161 1483; x_wconf 90' lang='lat' dir='ltr'>esse</span> <span class='ocrx_word' id='word_1_178' title='bbox 1188 1445 1442 1494; x_wconf 85' lang='lat' dir='ltr'>praetoribus,</span> 
     </span>
     <span class='ocr_line' id='line_1_22' title="bbox 118 1510 1441 1562; baseline 0 -14"><span class='ocrx_word' id='word_1_179' title='bbox 118 1518 296 1559; x_wconf 90' lang='lat' dir='ltr'>optatum</span> <span class='ocrx_word' id='word_1_180' title='bbox 336 1512 537 1562; x_wconf 89' lang='lat' dir='ltr'>negotium</span> <span class='ocrx_word' id='word_1_181' title='bbox 577 1511 649 1549; x_wconf 88' lang='lat' dir='ltr'>sibi</span> <span class='ocrx_word' id='word_1_182' title='bbox 690 1510 728 1547; x_wconf 92' lang='lat' dir='ltr'>in</span> <span class='ocrx_word' id='word_1_183' title='bbox 768 1510 897 1548; x_wconf 90' lang='lat' dir='ltr'>sinum</span> <span class='ocrx_word' id='word_1_184' title='bbox 936 1511 1110 1548; x_wconf 89' lang='lat' dir='ltr'>delatum</span> <span class='ocrx_word' id='word_1_185' title='bbox 1150 1524 1235 1548; x_wconf 89' lang='lat' dir='ltr'>esse</span> <span class='ocrx_word' id='word_1_186' title='bbox 1273 1510 1441 1548; x_wconf 89' lang='lat' dir='ltr'>dicebat.</span> 
     </span>
     <span class='ocr_line' id='line_1_23' title="bbox 119 1576 1443 1626; baseline 0.001 -14"><span class='ocrx_word' id='word_1_187' title='bbox 119 1577 426 1615; x_wconf 89' lang='lat' dir='ltr'>Monumentum</span> <span class='ocrx_word' id='word_1_188' title='bbox 453 1578 517 1615; x_wconf 87' lang='lat' dir='ltr'>illa</span> <span class='ocrx_word' id='word_1_189' title='bbox 547 1576 818 1626; x_wconf 82' lang='lat' dir='ltr'>amplitudine,</span> <span class='ocrx_word' id='word_1_190' title='bbox 849 1576 915 1613; x_wconf 91' lang='lat' dir='ltr'>illo</span> <span class='ocrx_word' id='word_1_191' title='bbox 943 1589 1070 1624; x_wconf 81' lang='lat' dir='ltr'>opere,</span> <span class='ocrx_word' id='word_1_192' title='bbox 1095 1576 1273 1625; x_wconf 87' lang='lat' dir='ltr'>quamvis</span> <span class='ocrx_word' id='word_1_193' title='bbox 1299 1583 1443 1613; x_wconf 90' lang='lat' dir='ltr'>sartum</span> 
     </span>
     <span class='ocr_line' id='line_1_24' title="bbox 117 1641 1445 1693; baseline 0 -15"><span class='ocrx_word' id='word_1_194' title='bbox 117 1648 263 1679; x_wconf 88' lang='lat' dir='ltr'>tectum</span> <span class='ocrx_word' id='word_1_195' title='bbox 291 1643 564 1693; x_wconf 88' lang='lat' dir='ltr'>integrumque</span> <span class='ocrx_word' id='word_1_196' title='bbox 589 1650 701 1688; x_wconf 85' lang='lat' dir='ltr'>esset,</span> <span class='ocrx_word' id='word_1_197' title='bbox 732 1650 863 1679; x_wconf 86' lang='lat' dir='ltr'>tamen</span> <span class='ocrx_word' id='word_1_198' title='bbox 889 1641 1038 1690; x_wconf 86' lang='lat' dir='ltr'>aliquid</span> <span class='ocrx_word' id='word_1_199' title='bbox 1068 1654 1109 1678; x_wconf 89' lang='lat' dir='ltr'>se</span> <span class='ocrx_word' id='word_1_200' title='bbox 1134 1641 1383 1678; x_wconf 89' lang='lat' dir='ltr'>inventurum</span> <span class='ocrx_word' id='word_1_201' title='bbox 1406 1641 1445 1678; x_wconf 88' lang='lat' dir='ltr'>in</span> 
     </span>
     <span class='ocr_line' id='line_1_25' title="bbox 117 1706 1526 1758; baseline 0.001 -15"><span class='ocrx_word' id='word_1_202' title='bbox 117 1719 196 1755; x_wconf 89' lang='lat' dir='ltr'>quo</span> <span class='ocrx_word' id='word_1_203' title='bbox 232 1708 357 1746; x_wconf 88' lang='lat' dir='ltr'>moliri</span> <span class='ocrx_word' id='word_1_204' title='bbox 389 1708 645 1758; x_wconf 89' lang='lat' dir='ltr'>praedarique</span> <span class='ocrx_word' id='word_1_205' title='bbox 680 1715 812 1757; x_wconf 86' lang='lat' dir='ltr'>posset</span> <span class='ocrx_word' id='word_1_206' title='bbox 841 1706 1110 1744; x_wconf 84' lang='lat' dir='ltr'>arbitrabatur.</span> <span class='ocrx_word' id='word_1_207' title='bbox 1171 1708 1214 1743; x_wconf 94' lang='lat' dir='ltr'>L.</span> <span class='ocrx_word' id='word_1_208' title='bbox 1254 1707 1445 1745; x_wconf 90' lang='lat' dir='ltr'>Habonio</span> <span class='ocrx_word' id='word_1_209' title='bbox 1470 1723 1526 1753; x_wconf 75' lang='lat'>132</span> 
     </span>
    </p>

    <p class='ocr_par' dir='ltr' id='par_1_7' title="bbox 59 1770 1447 2083">
     <span class='ocr_line' id='line_1_26' title="bbox 59 1770 1447 1822; baseline -0.001 -13"><span class='ocrx_word' id='word_1_210' title='bbox 59 1785 95 1815; x_wconf 80' lang='lat'>25</span> <span class='ocrx_word' id='word_1_211' title='bbox 115 1773 255 1810; x_wconf 89' lang='lat' dir='ltr'>aedem</span> <span class='ocrx_word' id='word_1_212' title='bbox 284 1774 456 1812; x_wconf 89' lang='lat' dir='ltr'>Castoris</span> <span class='ocrx_word' id='word_1_213' title='bbox 482 1774 580 1812; x_wconf 90' lang='lat' dir='ltr'>tradi</span> <span class='ocrx_word' id='word_1_214' title='bbox 609 1773 839 1822; x_wconf 88' lang='lat' dir='ltr'>oportebat:</span> <span class='ocrx_word' id='word_1_215' title='bbox 877 1771 907 1809; x_wconf 89' lang='lat' dir='ltr'>is</span> <span class='ocrx_word' id='word_1_216' title='bbox 935 1785 1027 1809; x_wconf 87' lang='lat' dir='ltr'>casu</span> <span class='ocrx_word' id='word_1_217' title='bbox 1059 1770 1194 1821; x_wconf 86' lang='lat' dir='ltr'>pupilli</span> <span class='ocrx_word' id='word_1_218' title='bbox 1222 1771 1312 1808; x_wconf 87' lang='lat' dir='ltr'>Iuni</span> <span class='ocrx_word' id='word_1_219' title='bbox 1342 1779 1447 1809; x_wconf 88' lang='lat' dir='ltr'>tutor</span> 
     </span>
     <span class='ocr_line' id='line_1_27' title="bbox 115 1835 1446 1888; baseline 0.001 -15"><span class='ocrx_word' id='word_1_220' title='bbox 115 1844 195 1874; x_wconf 90' lang='lat' dir='ltr'>erat</span> <span class='ocrx_word' id='word_1_221' title='bbox 233 1845 470 1876; x_wconf 89' lang='lat' dir='ltr'>testamento</span> <span class='ocrx_word' id='word_1_222' title='bbox 508 1837 650 1888; x_wconf 88' lang='lat' dir='ltr'>patris:</span> <span class='ocrx_word' id='word_1_223' title='bbox 694 1850 784 1874; x_wconf 90' lang='lat' dir='ltr'>cum</span> <span class='ocrx_word' id='word_1_224' title='bbox 825 1849 872 1874; x_wconf 93' lang='lat' dir='ltr'>eo</span> <span class='ocrx_word' id='word_1_225' title='bbox 912 1835 995 1873; x_wconf 88' lang='lat' dir='ltr'>sine</span> <span class='ocrx_word' id='word_1_226' title='bbox 1035 1837 1115 1873; x_wconf 92' lang='lat' dir='ltr'>ullo</span> <span class='ocrx_word' id='word_1_227' title='bbox 1159 1835 1446 1874; x_wconf 83' lang='lat' dir='ltr'>intertrimento</span> 
     </span>
     <span class='ocr_line' id='line_1_28' title="bbox 115 1902 1446 1952; baseline -0.001 -12"><span class='ocrx_word' id='word_1_228' title='bbox 115 1910 351 1941; x_wconf 83' lang='lat' dir='ltr'>convenerat</span> <span class='ocrx_word' id='word_1_229' title='bbox 381 1903 457 1941; x_wconf 93' lang='lat' dir='ltr'>iam</span> <span class='ocrx_word' id='word_1_230' title='bbox 488 1916 606 1952; x_wconf 90' lang='lat' dir='ltr'>quem</span> <span class='ocrx_word' id='word_1_231' title='bbox 637 1903 687 1940; x_wconf 92' lang='lat' dir='ltr'>ad</span> <span class='ocrx_word' id='word_1_232' title='bbox 722 1902 884 1939; x_wconf 86' lang='lat' dir='ltr'>modum</span> <span class='ocrx_word' id='word_1_233' title='bbox 922 1902 1148 1939; x_wconf 88' lang='lat' dir='ltr'>traderetur.</span> <span class='ocrx_word' id='word_1_234' title='bbox 1211 1902 1290 1938; x_wconf 90' lang='lat' dir='ltr'>Iste</span> <span class='ocrx_word' id='word_1_235' title='bbox 1319 1902 1369 1938; x_wconf 83' lang='lat' dir='ltr'>ad</span> <span class='ocrx_word' id='word_1_236' title='bbox 1405 1915 1446 1939; x_wconf 89' lang='lat' dir='ltr'>se</span> 
     </span>
     <span class='ocr_line' id='line_1_29' title="bbox 116 1966 1445 2017; baseline -0.001 -13"><span class='ocrx_word' id='word_1_237' title='bbox 116 1968 348 2006; x_wconf 90' lang='lat' dir='ltr'>Habonium</span> <span class='ocrx_word' id='word_1_238' title='bbox 376 1976 519 2015; x_wconf 82' lang='lat' dir='ltr'>vocat;</span> <span class='ocrx_word' id='word_1_239' title='bbox 548 1967 699 2017; x_wconf 83' lang='lat' dir='ltr'>quaerit</span> <span class='ocrx_word' id='word_1_240' title='bbox 727 1966 870 2016; x_wconf 87' lang='lat' dir='ltr'>ecquid</span> <span class='ocrx_word' id='word_1_241' title='bbox 897 1966 945 2004; x_wconf 91' lang='lat' dir='ltr'>sit</span> <span class='ocrx_word' id='word_1_242' title='bbox 975 1968 1081 2016; x_wconf 92' lang='lat' dir='ltr'>quod</span> <span class='ocrx_word' id='word_1_243' title='bbox 1107 1980 1130 2003; x_wconf 92' lang='lat' dir='ltr'>a</span> <span class='ocrx_word' id='word_1_244' title='bbox 1157 1966 1307 2016; x_wconf 90' lang='lat' dir='ltr'>pupillo</span> <span class='ocrx_word' id='word_1_245' title='bbox 1332 1966 1445 2004; x_wconf 91' lang='lat' dir='ltr'>tradi-</span> 
     </span>
     <span class='ocr_line' id='line_1_30' title="bbox 113 2031 1441 2083; baseline 0.001 -15"><span class='ocrx_word' id='word_1_246' title='bbox 113 2038 196 2069; x_wconf 90' lang='lat' dir='ltr'>tum</span> <span class='ocrx_word' id='word_1_247' title='bbox 227 2046 307 2070; x_wconf 90' lang='lat' dir='ltr'>non</span> <span class='ocrx_word' id='word_1_248' title='bbox 334 2033 392 2078; x_wconf 85' lang='lat' dir='ltr'>sit,</span> <span class='ocrx_word' id='word_1_249' title='bbox 425 2034 533 2083; x_wconf 92' lang='lat' dir='ltr'>quod</span> <span class='ocrx_word' id='word_1_250' title='bbox 563 2032 662 2082; x_wconf 75' lang='lat' dir='ltr'>exigi</span> <span class='ocrx_word' id='word_1_251' title='bbox 690 2033 843 2070; x_wconf 86' lang='lat' dir='ltr'>debeat.</span> <span class='ocrx_word' id='word_1_252' title='bbox 905 2033 1008 2071; x_wconf 92' lang='lat' dir='ltr'>Cum</span> <span class='ocrx_word' id='word_1_253' title='bbox 1041 2032 1115 2078; x_wconf 84' lang='lat' dir='ltr'>ille,</span> <span class='ocrx_word' id='word_1_254' title='bbox 1143 2031 1182 2069; x_wconf 90' lang='lat' dir='ltr'>id</span> <span class='ocrx_word' id='word_1_255' title='bbox 1213 2032 1321 2081; x_wconf 90' lang='lat' dir='ltr'>quod</span> <span class='ocrx_word' id='word_1_256' title='bbox 1351 2039 1441 2078; x_wconf 89' lang='lat' dir='ltr'>erat,</span> 
     </span>
    </p>

    <p class='ocr_par' dir='ltr' id='par_1_8' title="bbox 54 2096 1443 2148">
     <span class='ocr_line' id='line_1_31' title="bbox 54 2096 1443 2148; baseline -0.002 -11"><span class='ocrx_word' id='word_1_257' title='bbox 54 2107 95 2137; x_wconf 81' lang='lat'>30</span> <span class='ocrx_word' id='word_1_258' title='bbox 114 2096 259 2135; x_wconf 91' lang='lat' dir='ltr'>diceret</span> <span class='ocrx_word' id='word_1_259' title='bbox 282 2098 434 2136; x_wconf 88' lang='lat' dir='ltr'>facilem</span> <span class='ocrx_word' id='word_1_260' title='bbox 456 2098 605 2148; x_wconf 88' lang='lat' dir='ltr'>pupillo</span> <span class='ocrx_word' id='word_1_261' title='bbox 627 2098 876 2136; x_wconf 83' lang='lat' dir='ltr'>traditionem</span> <span class='ocrx_word' id='word_1_262' title='bbox 899 2112 997 2145; x_wconf 81' lang='lat' dir='ltr'>esse,</span> <span class='ocrx_word' id='word_1_263' title='bbox 1020 2097 1128 2147; x_wconf 88' lang='lat' dir='ltr'>signa</span> <span class='ocrx_word' id='word_1_264' title='bbox 1150 2104 1187 2135; x_wconf 93' lang='lat' dir='ltr'>et</span> <span class='ocrx_word' id='word_1_265' title='bbox 1214 2098 1320 2135; x_wconf 89' lang='lat' dir='ltr'>dona</span> <span class='ocrx_word' id='word_1_266' title='bbox 1340 2110 1443 2135; x_wconf 89' lang='lat' dir='ltr'>com-</span> 
     </span>
    </p>
   </div>
   <div class='ocr_carea' id='block_1_3' title="bbox 112 2201 1443 2414">
    <p class='ocr_par' dir='ltr' id='par_1_9' title="bbox 112 2201 1443 2414">
     <span class='ocr_line' id='line_1_32' title="bbox 157 2201 1443 2241; baseline -0.001 -10"><span class='ocrx_word' id='word_1_267' title='bbox 157 2211 175 2238; x_wconf 86' lang='lat'><strong>3</strong></span> <span class='ocrx_word' id='word_1_268' title='bbox 200 2201 242 2231; x_wconf 90' lang='lat' dir='ltr'>de</span> <span class='ocrx_word' id='word_1_269' title='bbox 260 2201 351 2241; x_wconf 82' lang='lat' dir='ltr'>qu:</span> <span class='ocrx_word' id='word_1_270' title='bbox 376 2213 441 2232; x_wconf 86' lang='lat' dir='ltr'>om.</span> <span class='ocrx_word' id='word_1_271' title='bbox 456 2202 509 2232; x_wconf 77' lang='grc' dir='ltr'>νὸδ</span> <span class='ocrx_word' id='word_1_272' title='bbox 642 2212 660 2240; x_wconf 88' lang='lat'><strong>5</strong></span> <span class='ocrx_word' id='word_1_273' title='bbox 685 2203 779 2232; x_wconf 81' lang='lat' dir='ltr'>aedis</span> <span class='ocrx_word' id='word_1_274' title='bbox 813 2201 858 2232; x_wconf 85' lang='lat' dir='ltr'>V:</span> <span class='ocrx_word' id='word_1_275' title='bbox 883 2203 985 2233; x_wconf 83' lang='lat' dir='ltr'>aedes</span> <span class='ocrx_word' id='word_1_276' title='bbox 1006 2208 1030 2241; x_wconf 84' lang='lat' dir='ltr'>p</span> <span class='ocrx_word' id='word_1_277' title='bbox 1149 2212 1166 2239; x_wconf 95' lang='lat'><em>7</em></span> <span class='ocrx_word' id='word_1_278' title='bbox 1192 2201 1224 2230; x_wconf 85' lang='lat' dir='ltr'>hi</span> <span class='ocrx_word' id='word_1_279' title='bbox 1248 2206 1272 2240; x_wconf 79' lang='lat' dir='ltr'>p</span> <span class='ocrx_word' id='word_1_280' title='bbox 1405 2211 1443 2230; x_wconf 84' lang='lat'>10</span> 
     </span>
     <span class='ocr_line' id='line_1_33' title="bbox 114 2242 1443 2285; baseline 0.001 -13"><span class='ocrx_word' id='word_1_281' title='bbox 114 2242 225 2283; x_wconf 72' lang='lat' dir='ltr'>Celius</span> <span class='ocrx_word' id='word_1_282' title='bbox 242 2250 262 2280; x_wconf 77' lang='lat' dir='ltr'>j&gt;</span> <span class='ocrx_word' id='word_1_283' title='bbox 278 2256 284 2273; x_wconf 73' lang='grc' dir='ltr'><strong>ε</strong></span> <span class='ocrx_word' id='word_1_284' title='bbox 309 2245 447 2276; x_wconf 85' lang='lat' dir='ltr'>Coelius</span> <span class='ocrx_word' id='word_1_285' title='bbox 463 2257 484 2285; x_wconf 91' lang='lat' dir='ltr'>q</span> <span class='ocrx_word' id='word_1_286' title='bbox 576 2255 609 2275; x_wconf 88' lang='lat'>11</span> <span class='ocrx_word' id='word_1_287' title='bbox 638 2246 686 2275; x_wconf 86' lang='lat' dir='ltr'>sic</span> <span class='ocrx_word' id='word_1_288' title='bbox 704 2245 824 2276; x_wconf 84' lang='lat' dir='ltr'>abusus</span> <span class='ocrx_word' id='word_1_289' title='bbox 838 2250 889 2276; x_wconf 82' lang='lat' dir='ltr'>est</span> <span class='ocrx_word' id='word_1_290' title='bbox 903 2258 923 2275; x_wconf 87' lang='grc' dir='ltr'><em>π</em></span> <span class='ocrx_word' id='word_1_291' title='bbox 942 2252 947 2271; x_wconf 63' lang='lat' dir='ltr'><strong><em>s</em></strong></span> <span class='ocrx_word' id='word_1_292' title='bbox 962 2249 969 2262; x_wconf 48' lang='grc' dir='ltr'>ί</span> <span class='ocrx_word' id='word_1_293' title='bbox 981 2250 1028 2276; x_wconf 77' lang='lat' dir='ltr'>est</span> <span class='ocrx_word' id='word_1_294' title='bbox 1044 2256 1127 2276; x_wconf 72' lang='lat' dir='ltr'>nova</span> <span class='ocrx_word' id='word_1_295' title='bbox 1145 2245 1229 2275; x_wconf 74' lang='lat' dir='ltr'>lectio</span> <span class='ocrx_word' id='word_1_296' title='bbox 1244 2245 1251 2261; x_wconf 71' lang='lat'><em>³</em></span> <span class='ocrx_word' id='word_1_297' title='bbox 1290 2256 1296 2273; x_wconf 90' lang='lat'>:</span> <span class='ocrx_word' id='word_1_298' title='bbox 1321 2254 1385 2274; x_wconf 78' lang='lat' dir='ltr'>om.</span> <span class='ocrx_word' id='word_1_299' title='bbox 1408 2244 1443 2273; x_wconf 70' lang='lat'>[25</span> 
     </span>
     <span class='ocr_line' id='line_1_34' title="bbox 112 2286 1441 2329; baseline 0.002 -13"><span class='ocrx_word' id='word_1_300' title='bbox 112 2286 180 2317; x_wconf 81' lang='lat' dir='ltr'>edd.</span> <span class='ocrx_word' id='word_1_301' title='bbox 201 2288 264 2326; x_wconf 73' lang='grc' dir='ltr'>(ΕΙ.</span> <span class='ocrx_word' id='word_1_302' title='bbox 281 2287 360 2319; x_wconf 81' lang='lat' dir='ltr'>Rev.</span> <span class='ocrx_word' id='word_1_303' title='bbox 380 2289 459 2319; x_wconf 84' lang='lat' dir='ltr'>xvii.</span> <span class='ocrx_word' id='word_1_304' title='bbox 478 2289 557 2327; x_wconf 76' lang='lat'>202)</span> <span class='ocrx_word' id='word_1_305' title='bbox 666 2299 703 2327; x_wconf 90' lang='lat'>14</span> <span class='ocrx_word' id='word_1_306' title='bbox 730 2289 887 2319; x_wconf 83' lang='lat' dir='ltr'>iudicium</span> <span class='ocrx_word' id='word_1_307' title='bbox 906 2289 1033 2329; x_wconf 79' lang='lat' dir='ltr'>Zumpl</span> <span class='ocrx_word' id='word_1_308' title='bbox 1048 2289 1091 2319; x_wconf 83' lang='lat' dir='ltr'>al.</span> <span class='ocrx_word' id='word_1_309' title='bbox 1214 2298 1254 2325; x_wconf 87' lang='lat'>24</span> <span class='ocrx_word' id='word_1_310' title='bbox 1282 2287 1441 2318; x_wconf 87' lang='lat' dir='ltr'>Habonio</span> 
     </span>
     <span class='ocr_line' id='line_1_35' title="bbox 112 2329 1435 2373; baseline 0.002 -15"><span class='ocrx_word' id='word_1_311' title='bbox 112 2329 242 2361; x_wconf 73' lang='lat' dir='ltr'>nPrisc.</span> <span class='ocrx_word' id='word_1_312' title='bbox 263 2342 269 2360; x_wconf 80' lang='lat' dir='ltr'>t</span> <span class='ocrx_word' id='word_1_313' title='bbox 295 2332 449 2363; x_wconf 84' lang='lat' dir='ltr'>Rabonio</span> <span class='ocrx_word' id='word_1_314' title='bbox 468 2334 484 2362; x_wconf 90' lang='grc' dir='ltr'><em>δ</em></span> <span class='ocrx_word' id='word_1_315' title='bbox 501 2334 555 2373; x_wconf 82' lang='lat' dir='ltr'>(ut</span> <span class='ocrx_word' id='word_1_316' title='bbox 576 2332 612 2370; x_wconf 83' lang='lat' dir='ltr'>V,</span> <span class='ocrx_word' id='word_1_317' title='bbox 634 2333 652 2364; x_wconf 82' lang='lat' dir='ltr'>i.</span> <span class='ocrx_word' id='word_1_318' title='bbox 678 2336 691 2369; x_wconf 64' lang='grc' dir='ltr'>ξ</span> <span class='ocrx_word' id='word_1_319' title='bbox 716 2332 791 2372; x_wconf 76' lang='grc'>150)</span> <span class='ocrx_word' id='word_1_320' title='bbox 926 2343 968 2371; x_wconf 84' lang='grc'>29</span> <span class='ocrx_word' id='word_1_321' title='bbox 992 2333 1024 2362; x_wconf 92' lang='lat' dir='ltr'>id</span> <span class='ocrx_word' id='word_1_322' title='bbox 1042 2343 1108 2363; x_wconf 85' lang='lat' dir='ltr'>om.</span> <span class='ocrx_word' id='word_1_323' title='bbox 1124 2337 1170 2371; x_wconf 80' lang='lat' dir='ltr'>pq</span> <span class='ocrx_word' id='word_1_324' title='bbox 1285 2342 1327 2369; x_wconf 83' lang='lat'>30</span> <span class='ocrx_word' id='word_1_325' title='bbox 1353 2341 1435 2361; x_wconf 85' lang='lat' dir='ltr'>com-</span> 
     </span>
     <span class='ocr_line' id='line_1_36' title="bbox 112 2375 290 2414; baseline 0 -10"><span class='ocrx_word' id='word_1_326' title='bbox 112 2383 232 2412; x_wconf 86' lang='lat' dir='ltr'>parare</span> <span class='ocrx_word' id='word_1_327' title='bbox 245 2375 290 2414; x_wconf 78' lang='lat' dir='ltr'>pl&gt;</span> 
     </span>
    </p>
   </div>
  </div>
 </body>
</html>
