1715 2734
209 110 252 138 12

209 717 251 753 13

213 776 251 805 30

209 1533 244 1563 31

274 117 313 148 29
634 101 690 138 M.
721 101 889 138 TVLLI
922 99 1228 139 CICERONIS

271 212 441 249 futuram
462 225 469 248 :
500 224 579 249 non
602 209 819 249 reddidisti.
879 209 988 247 Dixit
1018 209 1259 259 Phylarchus
1284 222 1355 259 pro
1375 209 1603 248 testimonio

272 290 324 323 se,
347 277 455 325 quod
477 282 609 314 nosset
630 282 741 313 tuum
762 274 881 313 istum
899 274 1092 321 morbum,
1115 281 1157 312 ut
1177 273 1293 312 amici
1314 274 1369 312 tui
1389 275 1600 325 appellant,

272 341 426 392 cupisse
456 348 494 379 te
524 342 650 379 celare
680 341 730 378 de
760 338 956 389 phaleris3
984 352 1075 378 cum
1099 339 1169 377 abs
1190 346 1228 377 te
1247 340 1467 390 appellatus
1487 346 1598 388 esset,

272 420 434 457 negasse
455 407 600 444 habere
621 418 706 444 sese
723 419 731 452 ;
760 405 867 454 apud
883 403 1003 442 alium
1021 417 1180 454 quoque
1195 417 1261 442 eas
1278 404 1463 443 habuisse
1483 405 1602 454 depo-

271 472 373 518 sitas,
398 485 446 510 ne
468 485 545 521 qua
565 470 855 517 invenirentur,
886 476 993 508 tuam
1024 476 1172 507 tantam
1203 468 1321 507 fuisse
1349 468 1600 518 sagacitatem

270 545 312 575 ut
333 551 397 575 eas
419 550 486 587 per
507 536 615 573 illum
638 535 766 585 ipsum
789 534 1016 585 inspiceres,
1038 533 1105 572 ubi
1127 542 1237 573 erant
1257 533 1486 584 depositae3
1517 541 1599 571 tum

270 617 310 641 se
332 604 570 652 deprensum
593 615 734 651 negare
756 614 835 639 non
858 599 1058 650 potuisse,
1088 599 1140 637 ita
1159 600 1210 638 ab
1226 613 1267 638 se
1284 599 1406 637 invito
1423 600 1601 649 phaleras

270 668 442 705 sublatas
462 666 603 717 gratiis.

326 734 422 778 Iam,
458 738 499 769 ut
537 732 634 770 haec
664 730 798 768 omnia
832 730 997 780 reperire
1027 743 1073 768 ac
1105 729 1335 780 perscrutari
1371 728 1508 768 solitus
1540 728 1598 776 sit,

269 797 430 843 iudiceS,
462 804 521 836 est
555 810 696 846 operae
729 795 896 846 pretium
935 809 1184 846 cognoscere.
1263 794 1471 845 Cibyratae
1510 803 1600 833 sunt

268 864 401 901 fratres
444 861 617 912 quidam,
659 862 915 911 Tlepolemus
954 868 992 899 et
1032 860 1170 907 Hiero,
1220 874 1388 910 quorum
1435 861 1599 899 alterum

268 930 413 977 fingere
447 927 587 977 opinor
611 941 632 965 e
662 940 750 965 cera
784 926 942 964 solitum
973 940 1068 974 esse,
1091 928 1255 965 alterum
1281 940 1366 966 esse
1396 926 1597 977 pictorem.

270 995 406 1031 Hosce
427 992 579 1043 opinor,
604 991 773 1042 Cibyrae
803 1006 892 1030 curn
924 991 964 1029 in
995 991 1260 1042 suspicionem
1293 991 1490 1031 venissent
1521 992 1600 1030 suis

267 1058 417 1096 civibus
445 1060 578 1096 fanum
601 1057 791 1108 expilasse
812 1056 1019 1107 Apollinis,
1042 1057 1183 1096 veritos
1206 1071 1374 1106 poenam
1406 1057 1526 1097 iudici
1555 1070 1600 1096 ac

266 1123 360 1173 legis
387 1125 509 1162 domo
530 1122 758 1173 profugisse.
818 1123 940 1171 Quod
962 1123 1124 1161 Verrem
1151 1122 1288 1161 artifici
1318 1122 1377 1161 sui
1409 1122 1599 1174 cupidum

266 1196 532 1238 cognoverant
568 1196 662 1235 turn,
687 1201 777 1226 cum
807 1187 892 1235 iste,
922 1187 961 1226 id
991 1189 1100 1238 quod
1135 1202 1181 1227 ex
1206 1188 1370 1227 testibus
1395 1187 1598 1235 didicistis,

268 1253 453 1304 Cibyram
484 1268 573 1292 cum
605 1253 788 1292 inanibus
814 1252 1042 1303 syngraphis
1062 1261 1231 1300 venerat,
1255 1255 1378 1292 domo
1407 1252 1599 1303 fugientes

266 1320 316 1357 ad
351 1333 441 1357 eum
476 1333 517 1357 se
549 1321 712 1366 exsules,
749 1332 839 1357 cum
879 1318 951 1357 iste
987 1326 1088 1357 esset
1127 1318 1166 1356 in
1197 1319 1301 1366 Asia,
1335 1320 1596 1357 contulerunt.

270 1384 423 1421 Habuit
462 1398 530 1422 eos
569 1398 702 1422 secum
743 1383 809 1421 illo
841 1391 1017 1434 tempore
1061 1392 1098 1423 et
1133 1384 1172 1422 in
1205 1383 1411 1435 legationis
1445 1383 1598 1434 praedis

267 1456 386 1499 atquc
426 1449 534 1487 furtis
568 1451 734 1487 multum
771 1448 924 1487 illorum
962 1463 1081 1499 opera
1120 1449 1365 1499 consilioque
1398 1462 1490 1487 usus
1529 1456 1598 1487 est.

271 1515 326 1552 Hi
355 1521 445 1552 sunt
471 1513 522 1552 illi
545 1513 688 1564 quibus
709 1513 747 1551 in
776 1513 918 1551 tabulis
940 1516 1053 1553 refert
1074 1528 1158 1553 sese
1174 1516 1222 1564 Q.
1246 1515 1396 1554 Tadius
1422 1514 1599 1553 ‘dedisse

268 1579 373 1617 iussu
409 1579 530 1625 istius,
568 1578 727 1618 Graecis
762 1579 977 1629 pictoribus
992 1581 1010 1618 '.
1071 1582 1150 1618 Eos
1179 1580 1255 1618 iam
1289 1581 1391 1618 bene
1420 1579 1598 1630 cognitos

266 1652 304 1682 et
331 1659 370 1682 re
401 1645 586 1695 probatos
618 1658 752 1682 secum
783 1644 821 1682 in
843 1644 1015 1683 Siciliam
1036 1646 1155 1684 duxit.
1217 1647 1310 1695 Quo
1341 1653 1597 1695 posteaquam

266 1718 466 1755 venerunt,
503 1710 724 1748 mirandum
765 1710 804 1748 in
841 1713 1003 1749 modum
1034 1710 1160 1761 (canis
1200 1711 1400 1750 venaticos
1429 1710 1596 1761 diceres)

266 1775 317 1814 ita
349 1775 616 1815 odorabantur
649 1775 783 1814 onmia
817 1784 855 1815 et
890 1776 1203 1827 pervestigabant
1234 1784 1286 1823 ut,
1319 1776 1386 1815 ubi
1421 1776 1596 1827 quidque
1642 1789 1653 1795 ·

266 1849 377 1888 esset,
393 1841 523 1890 aliqua
540 1841 689 1880 ratione
712 1842 940 1881 invenirent.
1001 1842 1120 1880 Aliud
1143 1842 1343 1889 minando,
1361 1841 1466 1881 aliud
1489 1841 1596 1892 polli-

265 1908 403 1953 cendo,
419 1906 526 1945 aliud
547 1920 615 1956 per
636 1921 778 1954 servos,
801 1907 907 1946 aliud
930 1920 997 1956 per
1018 1906 1171 1953 liberos,
1196 1920 1262 1956 per
1282 1908 1454 1945 amicum
1476 1906 1597 1954 aliud,

264 1972 370 2010 aliud
405 1985 472 2021 per
506 1972 709 2011 inimicum
746 1973 1025 2020 inveniebant3
1063 1972 1253 2022 quicquid
1280 1972 1353 2010 illis
1384 1974 1593 2023 placuerat,

309 2087 328 2106 2
352 2081 387 2107 ut
404 2077 498 2108 amici
520 2078 565 2108 tui
584 2078 754 2118 appellant
774 2079 807 2115 (ξ
826 2089 835 2107 1
854 2078 970 2117 >usual
990 2078 1058 2108 sccl.
1081 2076 1246 2108 Schwabe.
1263 2077 1377 2107 Eberlt.
1397 2089 1402 2107 1
1428 2088 1491 2108 om.
1507 2076 1597 2107 Nohl

265 2129 285 2158 5
308 2125 397 2151 tuam
424 2126 549 2152 tantam
577 2125 637 2161 7³15:
675 2122 771 2152 istius
800 2126 926 2152 tantam
956 2121 1039 2152 RS:
1075 2121 1164 2160 apud
1198 2120 1287 2150 illum
1317 2126 1399 2151 tant.
1428 2120 1593 2155 Schwabe,

266 2174 370 2198 penes
389 2164 478 2194 illum
497 2170 519 2195 t.
540 2165 654 2196 Ebcrlt.
803 2176 818 2203 7
846 2166 1049 2203 deprensum
1071 2163 1119 2195 R:
1146 2164 1396 2202 deprehensum
1414 2163 1443 2193 S
1457 2168 1487 2193 et
1502 2162 1590 2194 codd.

262 2207 338 2245 filma
440 2209 596 2247 phaleras
615 2208 762 2240 sublatas
780 2208 892 2239 §DQ
920 2207 1208 2247 phalerasublatas
1228 2206 1278 2236 R:
1307 2207 1397 2245 phal.
1416 2206 1543 2236 ablatas
1560 2218 1589 2244 π,

264 2249 454 2281 ΛΙανίιάηηε
480 2252 610 2289 Caprlla
638 2251 706 2281 edd.
842 2252 861 2280 8
887 2251 1002 2289 gratiis
1030 2250 1146 2282 Halm,
1178 2249 1354 2278 Zielinski:
1380 2250 1485 2288 gratis
1503 2249 1588 2288 vulg.

270 2295 305 2321 16
329 2305 400 2324 cum
420 2306 485 2324 om.
507 2295 568 2325 RS
675 2305 709 2332 ¹7
736 2295 968 2333 profugientes
985 2295 1000 2323 δ
1113 2293 1150 2322 18
1176 2302 1248 2321 cum
1269 2292 1329 2321 iste
1349 2297 1441 2320 esset
1461 2292 1493 2320 in
1512 2291 1592 2321 Asia

262 2336 319 2366 dcl.
341 2337 422 2368 Em.
441 2338 533 2368 Nohl
690 2347 728 2377 19
751 2337 792 2367 ab
811 2337 865 2368 illo
879 2338 920 2377 p6
1053 2337 1094 2365 26
1120 2334 1303 2364 minitando
1322 2335 1338 2361 δ

1624 807 1660 828 10
