1715 2734
164 117 430 155 ACTIONIS
452 117 512 154 IN
534 117 578 155 C.
601 116 841 153 VERREM
863 113 1161 153 SECVNDAE
1188 114 1289 150 LIB.
1315 114 1372 150 IV
1431 114 1486 158 63
1509 126 1568 156 140

162 225 296 275 paucis
334 224 408 262 illis
447 224 587 262 diebus
626 225 805 262 decresse
843 223 1040 269 dicebant,
1081 223 1271 260 tollerent.
1333 225 1483 272 Itaque,

161 289 321 335 iudices,
344 288 573 338 Syracusani
600 290 695 326 haec
716 288 873 334 faciunt,
897 287 1007 325 istius
1037 286 1198 324 clientes
1218 294 1337 336 atque
1357 286 1483 324 amici.

162 353 335 390 Primum
358 352 452 390 mihi
473 352 617 390 litteras
639 352 827 402 publicas,
842 366 939 402 quas
960 352 1000 389 in
1020 351 1167 390 aerario
1184 351 1376 390 sanctiore
1397 365 1487 389 con-

161 417 261 456 ditas
282 418 492 463 habebant,
515 418 742 467 proferunt,
771 416 810 454 in
831 416 975 466 quibus
995 417 1210 454 ostendunt
1232 415 1366 453 omnia
1385 430 1486 465 quae

123 497 140 528 5
160 482 239 521 dixi
268 483 398 521 ablata
429 495 513 520 esse
542 481 764 531 perscripta,
798 489 835 519 et
865 483 976 531 plura
1003 480 1120 518 etiam
1143 494 1261 530 quam
1283 493 1355 530 ego
1377 480 1485 530 potui

160 546 316 594 dicere,
346 545 557 596 perscripta
588 554 719 584 autern
753 547 829 584 hoc
864 546 1010 584 rnodo:
1053 546 1174 593 Quod
1206 559 1252 583 ex
1283 546 1382 583 aede
1414 544 1486 582 Mi-

159 626 300 651 nervae
328 613 404 650 hoc
435 618 473 649 et
501 610 597 649 illud
627 612 792 658 abesset,
816 612 924 660 quod
954 618 1000 648 ex
1029 611 1127 648 aede
1159 609 1278 657 Iovis,
1307 610 1415 659 quod
1441 624 1486 647 ex

158 678 257 716 aede
280 676 508 715 Liberi—ut
538 675 705 725 quisque
735 676 780 714 iis
810 677 925 714 rebus
951 675 1107 713 tuendis
1129 674 1486 724 conservandisque

160 743 385 791 praefuerat,
410 740 463 778 ita
485 740 743 791 perscriptum
769 748 995 779 erat—cum
1027 740 1218 778 rationem
1249 753 1270 778 e
1299 742 1384 789 lege
1404 741 1487 778 red-

101 819 141 840 10
160 807 296 844 derent
325 813 362 843 et
387 819 488 855 quae
517 812 749 855 acceperant
775 806 926 843 tradere
947 804 1148 851 deberent,
1173 804 1316 854 petisse
1336 812 1379 842 ut
1398 804 1482 850 sibi,

159 871 266 919 quod
288 884 356 908 eae
377 884 435 908 res
456 870 649 915 abessent,
674 869 964 920 ignosceretur,
993 871 1124 919 itaque
1152 871 1280 908 omnis
1301 870 1485 908 liberatos

157 934 392 981 discessisse,
426 942 465 973 et
498 948 582 972 esse
614 934 792 984 ignotum
824 934 1019 973 omnibus.
1081 936 1190 983 Quas
1230 949 1302 985 ego
1341 934 1485 973 litteras

157 999 422 1049 obsignandas
443 999 604 1049 publico
625 999 736 1049 signo
758 1001 1103 1050 deportandasque
1125 1002 1266 1038 curavi.

212 1067 273 1103 De
294 1064 518 1103 laudatione
538 1072 670 1102 autern
692 1063 788 1102 ratio
809 1065 864 1101 sic
879 1063 974 1101 mihi
996 1064 1149 1102 reddita
1168 1072 1236 1102 est.
1298 1065 1483 1111 Primum,
1509 1077 1564 1108 141

102 1141 136 1171 15
157 1143 246 1167 curn
267 1144 290 1167 a
311 1131 354 1169 C.
378 1132 499 1168 Verre
520 1128 669 1167 litterae
696 1129 898 1179 aliquanto
926 1136 1017 1166 ante
1045 1130 1258 1167 adventum
1281 1143 1413 1167 meum
1435 1131 1484 1168 de

157 1194 382 1233 laudatione
416 1194 624 1241 venissent,
662 1194 759 1232 nihil
797 1207 883 1232 esse
921 1195 1152 1241 decretum3
1195 1195 1352 1241 deinde,
1392 1208 1483 1233 curn

156 1259 316 1309 quidam
355 1273 401 1298 ex
440 1259 540 1297 illius
578 1258 714 1297 amicis
757 1267 1056 1297 commonerent
1094 1268 1274 1308 oportere
1312 1259 1481 1306 decerni,

157 1325 327 1364 maximo
357 1327 527 1364 clamore
552 1339 636 1363 esse
667 1332 705 1363 et
734 1323 914 1363 convicio
944 1323 1168 1374 repudiatos
1184 1339 1194 1371 3
1223 1331 1370 1373 postea,
1392 1338 1482 1362 cum

156 1404 266 1428 meus
287 1392 478 1428 adventus
492 1390 836 1440 adpropinquaret,
854 1389 1065 1439 imperasse
1087 1402 1177 1426 eum
1199 1388 1266 1438 qui
1287 1402 1481 1426 summam

98 1471 136 1492 20
155 1462 389 1505 potestatem
420 1455 581 1493 haberet
611 1462 653 1492 ut
683 1456 967 1499 decernerent,
996 1455 1199 1491 decretum
1235 1455 1287 1491 ita
1321 1467 1406 1493 esse
1440 1461 1483 1492 ut

155 1521 280 1558 multo
300 1522 387 1570 plus
408 1520 462 1558 illi
487 1519 661 1558 laudatio
690 1519 780 1556 mali
802 1532 920 1568 quam
943 1517 1037 1555 boni
1059 1526 1192 1567 posset
1211 1520 1372 1557 adferre.
1434 1520 1481 1556 Id

154 1585 268 1631 adeo,
289 1584 448 1632 iudices,
473 1592 515 1623 ut
536 1584 631 1622 mihi
659 1584 709 1622 ab
738 1583 811 1621 illis
837 1584 1150 1621 demonstratum
1179 1591 1248 1630 est,
1271 1583 1325 1621 sic
1346 1597 1415 1621 vos
1436 1598 1482 1622 ex

155 1663 216 1687 me
237 1651 472 1699 cognoscite.
1502 1683 1529 1719 6

210 1716 301 1753 Mos
331 1722 388 1753 est
417 1715 614 1764 Syracusis
643 1722 695 1761 ut,
719 1714 750 1752 si
771 1727 848 1764 qua
877 1715 928 1752 de
958 1727 996 1751 re
1023 1714 1074 1751 ad
1103 1721 1280 1751 senatum
1303 1715 1477 1760 referant,
1503 1752 1515 1772 Ι
1532 1692 1558 1729 4

96 1793 135 1824 25
155 1779 259 1819 dicat
291 1781 524 1818 sententiam
565 1779 631 1830 qui
663 1779 781 1827 velit,
823 1779 1056 1817 nominatim
1092 1793 1211 1817 nemo
1243 1787 1407 1829 rogatur,
1442 1787 1480 1818 et

155 1852 297 1892 tamen,
332 1852 373 1883 ut
403 1845 569 1894 quisque
603 1852 730 1883 aetate
760 1852 798 1883 et
833 1846 982 1883 honore
1013 1843 1211 1882 antecedit
1248 1844 1300 1881 ita
1331 1844 1478 1893 primus

153 1911 251 1948 solet
272 1923 340 1947 sua
361 1917 500 1960 sponte
528 1909 667 1957 dicere,
692 1909 823 1959 itaque
852 1923 875 1947 a
904 1909 1041 1947 ceteris
1071 1909 1106 1947 ei
1136 1909 1390 1957 conceditur,
1419 1910 1478 1948 sin

152 1974 365 2024 aliquando
387 1982 516 2013 tacent
537 1987 685 2021 omnes,
708 1981 801 2012 tunc
822 1975 957 2012 sortito
978 1981 1171 2023 coguntur
1191 1974 1331 2012 dicere.
1375 1976 1478 2014 Cum

154 2038 217 2077 hic
249 2053 334 2077 mos
364 2047 476 2086 esset,
507 2040 667 2078 refertur
698 2040 748 2077 ad
780 2046 958 2077 senatum
992 2040 1041 2077 de
1074 2038 1300 2077 laudatione
1334 2040 1474 2078 Verris.

94 2117 135 2147 30
157 2105 203 2141 In
225 2117 304 2153 quo
324 2103 504 2153 primum,
527 2110 568 2141 ut
597 2102 746 2152 aliquid
775 2111 875 2141 esset
906 2117 1047 2150 morae,
1072 2103 1181 2141 rnulti
1203 2103 1478 2153 interpellant3

1522 1753 1561 1784 42

195 2208 215 2238 8
240 2207 376 2237 tuendis
395 2207 703 2245 conservandisque
715 2207 773 2246 prS
789 2218 795 2237 :
825 2207 1027 2247 tuendisque
1046 2209 1078 2238 R
1094 2220 1100 2238 :
1126 2207 1260 2238 tuendis
1278 2206 1336 2237 ΒΨ
1354 2208 1407 2247 (ἧς
1422 2218 1473 2249 23,

156 2260 216 2288 103
239 2250 354 2290 supra)
488 2261 509 2288 9
532 2260 575 2279 ex
599 2249 674 2287 lege
693 2251 735 2290 p6
861 2260 899 2281 10
922 2256 1123 2291 acceperant
1149 2251 1242 2281 SDW
1261 2262 1267 2281 z
1299 2258 1475 2290 acceperat

153 2293 226 2332 Rp&
339 2304 372 2323 11
400 2303 460 2323 eae
479 2304 521 2323 π;
546 2293 609 2323 hae
625 2292 707 2323 RS&
835 2303 871 2331 15
896 2294 932 2326 C.
952 2306 1018 2325 om.
1038 2296 1053 2323 δ
1187 2296 1224 2324 18
1249 2300 1366 2333 postea
1382 2295 1471 2336 cum]

154 2342 271 2376 postea
288 2346 385 2375 quam
403 2335 489 2367 codd.
608 2347 648 2374 24
673 2336 822 2366 reserant
839 2336 904 2367 SD
918 2339 961 2368 al.
984 2350 990 2368 ε
1016 2338 1182 2368 reseratur
1200 2337 1261 2367 R‘28
1280 2349 1286 2367 :
1311 2338 1475 2369 referetur

153 2380 197 2412 ΕΙ
215 2391 220 2396 ·
247 2380 389 2411 refertur
402 2386 426 2421 p
446 2380 504 2420 Lg.
523 2390 563 2419 42
650 2390 688 2419 27
714 2381 740 2409 si
759 2381 895 2420 quando
907 2382 950 2424 p&
1031 2382 1071 2410 28
1097 2386 1174 2410 tunc
1192 2380 1284 2412 §Dur
1303 2391 1309 2410 :
1333 2385 1402 2411 tum
1421 2381 1474 2424 Rp
