1715 2734
199 95 225 135 7

192 801 232 824 20

203 1434 228 1471 8

188 1711 225 1733 21

252 100 293 137 πρ
599 88 656 126 Μ.
687 88 857 126 TVLLI
888 87 1196 128 CICERONIS

249 198 442 246 consistit,
479 199 586 237 hunc
633 200 886 249 amplexatur,
928 200 1035 238 hunc
1080 198 1189 238 iubet
1233 198 1316 238 sine
1354 212 1447 238 cura
1485 213 1581 239 esse.

252 263 514 311 ‘Renuntio’,
543 264 680 313 inquit,
716 263 808 303 ‘tibi
845 271 883 302 te
915 264 1116 303 hodiernis
1151 264 1321 303 comitiis
1356 278 1441 303 esse
1472 264 1585 303 abso-

250 329 402 366 lutum.'
458 329 580 377 Quod
600 342 691 366 cum
713 335 793 366 tam
820 328 932 366 multi
960 329 1141 368 homines
1169 329 1436 368 honestissimi
1457 329 1585 368 audis-

250 399 348 440 sent,
381 393 510 431 statim
545 394 597 432 ad
629 407 692 432 me
726 394 922 441 defertur,
965 393 1088 431 immo
1119 407 1210 433 vero
1245 403 1286 432 ut
1318 395 1485 445 quisque
1520 408 1584 434 me

251 458 401 497 viderat
441 459 631 497 narrabat.
701 458 799 497 Aliis
843 459 939 497 illud
985 458 1202 509 indignum,
1243 459 1328 498 aliis
1373 460 1581 499 ridiculum
1603 471 1620 503 5

251 523 479 563 videbatur:
512 523 719 562 ridiculum
752 523 796 562 iis
817 524 883 573 qui
912 523 1023 562 istius
1051 537 1209 562 causam
1238 524 1277 562 in
1305 525 1462 563 testium
1491 526 1580 571 fide,

251 587 291 626 in
318 589 527 627 criminum
555 588 715 636 ratione,
740 588 779 626 in
809 588 983 627 iudicum
1012 596 1217 638 potestate,
1241 602 1321 627 non
1349 589 1386 627 in
1413 589 1582 627 comitiis

250 654 522 692 consularibus
549 653 717 704 positam
744 653 1042 700 arbitrabantur,
1067 653 1273 703 indignum
1304 653 1349 691 iis
1370 654 1437 704 qui
1467 654 1582 692 altius

252 719 539 769 perspiciebant
571 727 609 758 et
642 721 744 757 hanc
773 719 1075 769 gratulationem
1105 720 1155 757 ad
1191 719 1381 758 iudicium
1412 733 1582 758 corrum—

251 785 427 834 pendum
462 791 638 834 spectare
670 784 869 823 videbant.
942 784 1100 822 Etenim
1140 784 1196 822 sic
1235 784 1578 832 ratiocinabantur,
1603 798 1640 820 10

250 849 306 887 sic
340 849 605 887 honestissimi
637 849 819 887 homines
851 848 951 887 inter
979 863 1021 888 se
1050 856 1088 888 et
1119 862 1274 887 mecum
1305 850 1577 899 loquebantur,

248 921 382 964 aperte
402 913 478 952 iam
500 921 538 952 et
558 914 764 964 perspicue
785 915 891 952 nulla
918 927 1004 953 esse
1032 914 1187 953 iudicia.
1247 914 1327 964 Qui
1348 929 1435 954 reus
1456 915 1582 965 pridie

248 978 325 1017 iam
347 979 430 1029 ipse
451 993 492 1018 se
512 981 823 1018 condemnatum
851 979 1026 1030 putabat,
1049 979 1092 1027 is,
1117 987 1376 1030 posteaquam
1397 981 1582 1019 defensor

248 1043 331 1083 eius
352 1046 491 1082 consul
512 1051 570 1083 est
590 1046 727 1092 factus,
749 1044 994 1082 absolvitur?
1052 1044 1161 1093 Quid
1189 1044 1335 1095 igitur?
1363 1046 1471 1095 quod
1499 1053 1582 1084 tota

249 1108 391 1157 Sicilia,
415 1110 523 1158 quod
553 1123 691 1148 omnes
719 1109 850 1157 Siculi,
879 1122 1018 1148 omnes
1050 1109 1323 1160 negotiatores,
1346 1123 1484 1149 omnes
1514 1124 1581 1160 pu-
1603 1123 1640 1156 15

248 1173 374 1212 blicae
401 1173 654 1224 privataeque
683 1173 833 1212 litterae
861 1175 1016 1213 Romae
1045 1182 1147 1221 sunt,
1171 1174 1320 1212 nihilne
1345 1173 1385 1213 id
1408 1175 1583 1214 valebit?

249 1238 360 1277 Nihil
381 1238 504 1277 invito
526 1240 689 1277 consule
705 1238 922 1289 designato.
977 1239 1116 1288 Quid?
1137 1239 1287 1278 iudices
1309 1252 1389 1277 non
1405 1239 1579 1287 crimina,

247 1317 328 1342 non
356 1304 476 1351 testis,
506 1318 586 1343 non
611 1303 941 1342 existimationem
972 1303 1107 1354 populi
1137 1303 1309 1342 Romani
1341 1307 1583 1354 sequentur?

248 1370 341 1407 Non
357 1384 367 1417 ,·
396 1369 531 1408 omnia
561 1369 599 1407 in
630 1369 746 1407 unius
776 1376 971 1419 potestate
1000 1383 1046 1407 ac
1077 1369 1350 1408 moderatione
1370 1377 1578 1408 vertentur.

248 1436 351 1473 Vere
380 1436 528 1484 loquar,
560 1434 721 1473 iudices.
782 1435 1050 1473 Vehementer
1078 1448 1142 1473 me
1171 1436 1268 1473 haec
1296 1448 1356 1474 res
1383 1448 1581 1474 commov-
1602 1446 1642 1468 20

247 1500 364 1548 ebat,
395 1500 568 1550 optimus
595 1499 701 1538 enim
729 1499 898 1549 quisque
928 1499 980 1537 ita
1011 1500 1246 1549 loquebatur
1279 1502 1382 1539 ‘Iste
1418 1500 1579 1550 quidem

248 1564 319 1602 tibi
358 1564 552 1614 eripietur,
594 1565 663 1602 sed
710 1578 782 1602 nos
825 1578 906 1602 non
953 1565 1176 1603 tenebimus
1226 1564 1372 1603 iudicia
1410 1565 1582 1607 diutius:

248 1629 394 1668 etenim
416 1630 504 1679 quis
532 1630 672 1680 poterit
694 1631 815 1668 Verre
842 1630 1025 1667 absoluto
1046 1631 1097 1668 de
1122 1630 1398 1668 transferendis
1427 1630 1580 1668 iudiciis

248 1696 476 1733 recusare?'
534 1697 626 1732 Erat
651 1694 837 1732 omnibus
865 1696 1101 1742 molestum;
1132 1708 1261 1745 neque
1281 1708 1348 1733 eos
1369 1703 1447 1733 tam
1470 1695 1579 1733 istius

249 1760 420 1798 hominis
460 1760 600 1810 perditi
639 1760 768 1798 subita
807 1759 954 1798 laetitia
985 1773 1103 1810 quam
1144 1760 1314 1802 hominis
1349 1760 1578 1811 amplissimi
1601 1770 1640 1803 25

249 1839 351 1864 nova
384 1825 590 1875 gratulatio
623 1825 911 1863 commovebat.
977 1825 1198 1875 Cupiebam
1233 1825 1477 1863 dissimulare
1517 1839 1580 1864 me

249 1890 289 1928 id
320 1892 483 1928 moleste
514 1891 625 1937 ferre,
645 1890 854 1940 cupiebam
885 1889 1005 1928 animi
1035 1891 1212 1928 dolorem
1244 1891 1352 1928 vultu
1383 1898 1511 1940 tegere
1541 1898 1580 1928 et

249 1955 511 1994 taciturnitate
533 1957 668 1993 celare.

305 2023 409 2059 Ecce
442 2028 574 2059 a-utem
606 2020 680 2058 illis
715 2019 808 2070 ipsis
840 2020 992 2065 diebus,
1027 2033 1117 2058 cum
1153 2028 1350 2069 praetores
1383 2020 1575 2070 designati

248 2086 475 2124 sortirentur
499 2094 537 2124 et
564 2087 621 2123 M.
645 2087 810 2124 Metello
838 2085 1041 2135 obtigisset
1068 2092 1110 2123 ut
1138 2085 1168 2123 is
1193 2086 1243 2124 de
1271 2086 1447 2135 pecuniis
1472 2099 1577 2136 repe·
1597 2099 1639 2129 30

247 2151 381 2188 tundis
411 2158 624 2200 quaereret,
648 2150 849 2188 nuntiatur
879 2150 973 2187 mihi
1004 2158 1152 2188 tantam
1181 2149 1245 2187 isti
1275 2150 1574 2198 gratulationem

289 2265 311 2293 9
334 2254 543 2293 aspiciebant
555 2254 613 2293 pq¹
631 2253 736 2284 Schol.
757 2253 897 2284 Gronov.
917 2265 924 2283 :
949 2254 1175 2293 aspiciebatur
1189 2265 1205 2283 r
1282 2264 1318 2283 12
1344 2254 1404 2284 iarn
1419 2255 1460 2293 p15
1472 2255 1549 2285 Asc.
1569 2265 1576 2272 ·

247 2308 313 2328 om.
334 2297 396 2327 ΟΨ
530 2303 563 2328 et
581 2297 665 2337 vap
683 2309 689 2327 z
713 2307 752 2327 ac
769 2297 846 2327 Asc.
987 2299 1024 2327 18
1049 2303 1232 2336 sequentur
1253 2295 1366 2335 DKp:
1391 2302 1578 2335 sequuntur

250 2340 337 2380 ΕΒΖ
428 2350 466 2380 19
491 2340 565 2371 Non
583 2340 730 2380 DG,Zsl›
748 2351 755 2370 ε
779 2350 855 2370 num
875 2339 1020 2379 G2LKr5
1036 2352 1042 2370 ε
1067 2351 1132 2371 om.
1147 2346 1192 2379 pq
