1715 2734
161 81 429 121 ACTIONIS
461 82 521 119 IN
553 80 597 120 C.
619 81 861 119 VERREM
892 79 1191 119 SECVNDAE
1221 79 1324 117 LIB.
1349 79 1391 116 II
1448 90 1485 118 11
1505 84 1546 117 28

160 192 214 230 ita
253 192 427 231 vivamus
474 199 517 230 ut
559 191 750 230 rationem
794 192 1037 230 reddendam
1081 190 1196 229 nobis
1243 190 1486 228 arbitremur.

159 256 335 295 Africani
369 264 427 295 est
460 258 546 304 1106,
584 255 755 294 hominis
789 254 1240 295 liberalissimi—verum
1277 262 1408 292 tamen
1442 267 1488 292 ea

159 320 368 358 liberalitas
402 328 460 358 est
493 320 698 371 probanda
729 333 830 370 quae
865 319 948 359 sine
979 318 1152 369 periculo
1192 317 1488 356 existimationis

158 392 227 432 est,
264 393 307 423 ut
337 386 377 423 in
411 385 480 424 illo
511 385 605 422 fuit:
636 398 726 423 cum
761 385 811 423 ab
843 398 891 423 eo
926 384 1086 434 quidam
1122 390 1232 421 vetus
1268 384 1489 421 adsectator
1511 398 1550 429 ²9

120 464 138 495 5
158 457 197 487 et
226 463 273 487 ex
299 463 463 487 numero
490 449 705 487 amicorum
735 463 815 488 non
843 450 1067 500 impetraret
1095 448 1151 486 uti
1179 462 1220 486 se
1245 449 1486 498 praefectum

159 514 199 551 in
237 513 410 551 Africam
446 515 619 561 duceret,
654 522 691 552 et
731 514 770 552 id
806 515 919 552 ferret
959 515 1137 559 moleste,
1173 513 1312 559 ‘Noli,’
1348 512 1485 562 inquit,

158 578 311 616 ‘mirari
338 578 369 616 si
404 585 445 616 tu
477 579 553 616 hoc
584 592 607 616 a
639 592 701 616 me
734 592 814 616 non
850 578 1045 628 impetras.
1107 579 1192 627 Ego
1228 577 1304 615 iam
1335 576 1488 627 pridem

157 644 209 681 ab
238 656 286 681 eo
315 643 377 681 cui
408 655 536 681 meam
569 642 897 681 existimationem
931 655 1060 680 caram
1091 643 1172 679 fore
1202 641 1366 679 arbitror
1394 648 1488 690 peto

158 715 200 745 ut
227 720 383 746 mecum
408 709 626 757 praefectus
658 707 934 757 proficiscatur,
961 714 998 744 et
1025 707 1156 744 adhuc
1179 706 1385 756 impetrare
1406 719 1486 744 non

99 787 136 808 10
156 773 342 821 possum.'
401 772 559 810 Etenim
592 785 631 810 re
661 785 750 810 vera
784 773 909 809 multo
945 771 1067 821 magis
1098 779 1156 808 est
1190 772 1406 820 petendum
1435 771 1487 808 ab

156 836 396 884 hominibus,
413 837 443 874 si
460 837 553 874 salvi
570 845 608 874 et
624 836 779 875 honesti
796 850 881 875 esse
897 838 1089 882 volumus,
1113 843 1154 873 ut
1170 843 1261 874 eant
1276 835 1484 874 nobiscum

156 901 194 938 in
220 901 471 951 provinciam,
497 915 614 951 quam
636 901 676 939 in
704 901 869 939 benefici
899 903 988 939 loco
1015 902 1283 939 deferendum.
1345 902 1423 939 Sed
1444 908 1486 939 tu

156 980 246 1004 curn
271 974 309 1004 et
333 974 421 1004 tuos
441 966 589 1005 amicos
611 966 650 1004 in
676 966 917 1016 provinciam
944 965 1054 1015 quasi
1076 965 1115 1003 in
1142 967 1328 1016 praedam
1349 965 1484 1004 invita-

156 1031 225 1069 bas
260 1039 297 1069 et
329 1044 419 1069 curn
453 1031 498 1069 iis
527 1045 572 1069 ac
599 1045 667 1081 per
696 1045 763 1069 eos
794 1031 1033 1080 praedabare
1063 1039 1100 1068 et
1131 1044 1198 1069 eos
1228 1031 1268 1068 in
1297 1030 1484 1069 contione

97 1113 134 1144 15
155 1095 280 1133 anulis
301 1096 426 1134 aureis
447 1097 634 1143 donabas,
658 1110 738 1134 non
760 1097 958 1134 statuebas
980 1096 1050 1134 tibi
1071 1110 1151 1134 non
1173 1097 1300 1134 solum
1322 1097 1372 1134 de
1393 1095 1479 1142 tuis,

155 1161 225 1198 sed
245 1161 363 1198 etiam
383 1162 433 1199 de
454 1161 608 1199 illorum
629 1161 740 1199 factis
762 1161 950 1199 rationem
974 1174 1059 1198 esse
1080 1162 1355 1199 reddendam?

209 1226 311 1264 Cum
332 1227 404 1264 hos
425 1226 498 1264 sibi
519 1234 704 1276 quaestus
725 1226 991 1264 constituisset
1016 1238 1179 1275 magnos
1199 1234 1318 1275 atque
1338 1226 1479 1264 uberes
1499 1240 1544 1271 30

152 1304 199 1327 ex
219 1290 278 1327 his
299 1290 425 1328 causis
445 1304 541 1340 quas
562 1291 644 1340 ipse
664 1291 882 1328 instituerat
902 1303 991 1328 cum
1014 1290 1189 1337 consilio,
1213 1292 1289 1328 hoc
1310 1298 1368 1328 est
1387 1304 1478 1328 cum

153 1368 222 1392 sua
242 1356 414 1402 cohorte,
433 1369 679 1405 cognoscere,
699 1364 782 1394 tum
804 1355 900 1394 illud
921 1355 1118 1394 infinitum
1139 1369 1261 1406 genus
1277 1356 1478 1394 invenerat

95 1435 134 1456 20
151 1421 202 1457 acl
223 1419 547 1458 innumerabilem
564 1420 771 1470 pecuniam
788 1421 1086 1470 corripiendam.
1131 1421 1308 1459 Dubium
1329 1421 1478 1460 nemini
1498 1433 1540 1460 12

152 1493 210 1522 est
244 1485 339 1534 quin
373 1498 510 1523 omnes
545 1486 721 1523 omnium
754 1486 944 1535 pecuniae
979 1486 1130 1535 positae
1162 1486 1238 1524 sint
1272 1486 1311 1523 in
1341 1499 1478 1524 eorum

151 1557 344 1599 potestate
382 1550 449 1599 qui
489 1550 631 1588 iudicia
665 1552 771 1597 dant,
807 1558 844 1588 et
879 1564 1014 1589 eorum
1048 1551 1115 1600 qui
1154 1551 1341 1598 iudicant,
1382 1551 1478 1601 quin

151 1628 269 1653 nemo
290 1622 460 1652 vestrum
483 1614 604 1665 possit
629 1615 737 1653 aedis
760 1629 859 1662 suas,
884 1629 1003 1653 nemo
1030 1617 1210 1662 fundum,
1234 1629 1352 1654 nemo
1372 1617 1479 1654 bona

151 1680 273 1729 patria
311 1681 498 1727 obtinere,
534 1680 575 1726 si,
612 1693 700 1718 cum
738 1681 834 1718 haec
869 1694 891 1718 a
930 1680 1118 1730 quopiam
1153 1689 1322 1719 vestrum
1358 1681 1479 1731 petita

94 1762 130 1793 25
151 1744 237 1791 sint,
272 1752 424 1794 praetor
458 1745 669 1794 improbus,
708 1745 771 1782 cui
806 1758 924 1783 nemo
960 1745 1201 1784 intercedere
1241 1746 1374 1795 possit,
1411 1748 1478 1785 det

150 1822 267 1858 quern
299 1810 388 1847 velit
418 1810 602 1857 iudicem,
633 1810 749 1848 iudex
778 1824 949 1860 nequam
985 1818 1023 1848 et
1054 1810 1148 1848 levis
1180 1812 1289 1860 quod
1324 1819 1478 1860 praetor

149 1873 300 1912 iusserit
334 1874 490 1912 iudicet.
550 1874 589 1912 Si
619 1888 710 1912 vero
740 1875 836 1913 illud
867 1887 1026 1924 quoque
1055 1875 1218 1921 accedit,
1252 1883 1293 1913 ut
1322 1884 1477 1925 praetor
1497 1893 1532 1923 31

149 1938 189 1976 in
215 1952 261 1977 ea
280 1940 396 1977 verba
426 1940 615 1978 iudicium
643 1942 709 1978 det
734 1948 775 1978 ut
797 1942 855 1978 vel
882 1942 925 1978 L.
956 1940 1144 1979 Octavius
1171 1942 1317 1979 Balbus
1344 1941 1472 1988 iudex,

191 2053 209 2081 5
234 2049 267 2074 et
284 2054 326 2073 ex
343 2043 414 2074 CO¹
431 2055 437 2074 :
462 2054 505 2074 ex
521 2044 587 2075 rell.
680 2044 727 2073 uti
747 2042 845 2083 COp:
870 2049 905 2074 ut
921 2044 977 2083 bqr
995 2043 1070 2075 Par.
1093 2045 1178 2082 7786
1311 2055 1327 2083 7
1354 2050 1387 2075 tu
1412 2046 1475 2076 hoc

148 2097 166 2116 a
184 2097 236 2116 me
256 2086 369 2117 CO¹bx
395 2092 428 2117 tu
454 2099 473 2117 a
499 2099 550 2117 me
576 2089 638 2117 hoc
665 2087 730 2118 rell.
876 2097 908 2116 11
938 2093 971 2117 et
996 2088 1127 2117 honesti
1155 2085 1238 2117 CO:
1267 2098 1332 2119 om.
1356 2094 1381 2128 p
1407 2090 1472 2119 rell.

151 2140 188 2158 12
213 2140 310 2168 quam
331 2129 410 2161 CO:
442 2141 541 2169 quam
561 2131 624 2161 hoc
642 2130 707 2160 illis
726 2130 792 2161 rell.
944 2141 979 2168 14
1006 2131 1033 2160 is
1053 2130 1100 2160 C:
1125 2131 1177 2160 his
1197 2129 1238 2159 Οι
1255 2142 1261 2160 :
1290 2131 1353 2161 illis
1365 2132 1410 2171 pb
1427 2133 1470 2164 al.

151 2183 188 2211 ¹5
213 2174 255 2202 de
272 2174 338 2203 tuis
357 2174 426 2204 ίῸ1
443 2186 450 2204 :
475 2175 516 2204 de
533 2179 566 2204 te
585 2174 650 2204 rell.
761 2175 800 2203 18
824 2173 875 2203 his
895 2174 923 2204 C
937 2173 1023 2204 codd.
1046 2185 1052 2203 :
1077 2174 1118 2203 iis
1135 2173 1203 2204 edd.
1309 2184 1349 2213 25
1373 2175 1473 2206 inter-

148 2215 267 2246 cedere
292 2216 359 2257 cOp
385 2217 482 2247 Asa:
519 2217 723 2247 interdicere
750 2217 817 2247 rell.
1008 2228 1047 2256 27
1073 2218 1202 2248 accedit
1226 2228 1241 2247 c
1262 2218 1419 2257 (accidit3
1452 2220 1472 2257 i,

150 2262 187 2295 εξ
205 2269 235 2297 4,
255 2263 310 2297 39)
328 2271 334 2289 :
358 2261 486 2290 accidet
504 2259 594 2290 πὸΟ2
612 2272 617 2289 2
642 2261 783 2291 accedet
799 2261 819 2290 k
936 2261 977 2290 28
1002 2262 1035 2290 in
1054 2270 1093 2290 ea
1110 2260 1212 2290 verba
1230 2265 1365 2299 praetor
1380 2262 1470 2302 vulg.

148 2300 185 2331 L.
207 2300 336 2333 O¹Asc.
356 2313 362 2333 :
387 2313 453 2333 om.
474 2303 539 2334 rell.
