1715 2734
204 95 257 132 24
280 90 322 129 63
649 84 705 120 M.
738 82 908 120 TVLLI
940 80 1248 120 CICERONIS

206 308 256 346 25

214 359 257 400 64

277 192 518 240 hominibus,
547 192 603 230 uti
634 192 793 230 videant
824 198 862 229 et
897 190 1130 240 investigent
1164 203 1289 240 ecqua
1320 190 1427 241 virgo
1461 190 1509 229 sit
1541 197 1609 228 aut

278 257 416 296 mulier
445 257 563 308 digna
584 271 701 307 quam
733 256 786 294 ob
807 269 888 293 rem
919 255 1001 305 ipse
1023 255 1231 305 Lampsaci
1261 255 1407 294 diutius
1435 268 1610 294 commo-

277 331 432 361 raretur.
494 324 586 360 Erat
607 334 741 360 comes
763 321 845 358 eius
868 319 1042 358 Rubrius
1069 319 1242 369 quidam,
1265 321 1386 358 homo
1414 321 1538 357 factus
1558 321 1609 358 ad

278 388 388 426 istius
409 387 604 433 libidines,
630 386 695 436 qui
725 386 823 423 miro
844 384 1020 431 artificio,
1044 398 1298 434 quocumque
1318 393 1488 431 venerat,
1511 386 1609 424 haec
1637 391 1642 397 “

278 453 509 502 investigare
541 450 675 490 omnia
708 451 870 488 solebat.
932 451 971 487 Is
1005 450 1056 487 ad
1087 463 1177 487 eum
1214 464 1292 488 rem
1328 450 1441 488 istam
1472 451 1608 496 defert,

279 518 557 556 Philodamum
579 529 664 554 esse
685 516 897 565 quendam,
914 527 1067 563 genere,
1087 515 1247 560 honore,
1264 514 1399 564 copiiS,
1419 514 1611 553 existima-

277 583 384 621 tione
420 581 532 620 facile
563 580 779 631 principem
816 581 1205 629 Lampsacenorum,
1244 579 1326 617 eius
1361 593 1446 617 esse
1476 579 1606 626 filiam,

276 661 377 697 quae
398 660 488 684 cum
510 653 617 696 patre
632 645 824 682 habitaret
839 652 1045 695 propterea
1066 645 1175 693 quod
1188 643 1311 681 virum
1333 657 1414 682 non
1436 644 1608 691 haberet,

277 712 481 750 mulierem
502 710 642 749 eximia
662 710 980 760 pulchritudine,
1011 710 1081 747 sed
1102 723 1187 748 eam
1216 723 1371 747 summa
1391 709 1610 759 integritate

277 776 548 827 pudicitiaque
578 774 799 813 existimari.
862 776 1010 820 Homo,
1031 782 1072 811 ut
1094 775 1190 812 haec
1216 774 1376 820 audivit,
1395 774 1450 812 sic
1470 775 1610 813 exarsit

276 843 327 880 ad
348 842 388 880 id
410 842 517 891 quod
536 853 615 878 non
632 841 751 877 modo
769 839 851 889 ipse
866 852 1084 888 numquam
1101 838 1260 885 viderat,
1277 840 1347 877 sed
1369 853 1418 878 ne
1433 839 1611 878 audierat

278 907 439 958 quidem
469 906 521 944 ab
551 919 599 943 eo
623 905 691 955 qui
722 904 805 954 ipse
830 904 1001 951 vidisset,
1026 912 1067 941 ut
1098 904 1227 942 statim
1257 906 1308 942 ad
1331 904 1609 943 Philodamum

278 972 441 1023 migrare
466 985 507 1009 se
541 970 688 1009 diceret
716 971 824 1008 velle.
888 971 1049 1019 Hospes
1084 969 1242 1015 Ianitor,
1266 969 1331 1019 qui
1363 969 1459 1007 nihil
1490 970 1612 1021 suspi-

277 1045 439 1083 caretur,
463 1035 608 1074 veritus
639 1048 688 1073 ne
719 1034 816 1084 quid
844 1034 883 1072 in
914 1034 1000 1085 ipso
1030 1047 1071 1072 se
1102 1035 1376 1081 offenderetur,
1406 1035 1608 1074 hominem

278 1117 432 1143 summa
461 1103 497 1140 vi
528 1101 694 1140 retinere
725 1100 866 1151 coepit.
927 1102 1018 1147 Iste,
1053 1100 1120 1150 qui
1160 1100 1324 1150 hospitis
1364 1101 1610 1151 relinquendi

278 1183 437 1208 causam
459 1167 625 1218 reperire
646 1180 727 1205 non
748 1174 891 1216 posset,
911 1165 986 1204 alia
1007 1165 1079 1204 sibi
1102 1165 1252 1204 ratione
1268 1166 1370 1204 viam
1388 1167 1540 1205 munire
1560 1168 1611 1206 ad

278 1242 455 1284 stuprum
489 1232 645 1283 coepit,
676 1230 883 1277 Rubrium,
921 1230 1080 1269 delicias
1111 1244 1210 1276 suas,
1243 1230 1281 1268 in
1312 1231 1498 1270 omnibus
1527 1232 1610 1270 eius

280 1299 387 1338 modi
428 1298 544 1337 rebus
584 1297 805 1335 adiutorem
842 1310 956 1333 suum
999 1304 1035 1333 et
1071 1295 1287 1341 conscium,
1329 1310 1467 1346 parum
1506 1298 1611 1336 laute

279 1363 473 1404 deversari
503 1363 623 1410 dicit,-
663 1363 713 1400 ad
736 1360 1015 1399 Philodamum
1046 1361 1189 1399 deduci
1221 1361 1339 1399 iubet.
1401 1362 1521 1410 Quod
1543 1361 1608 1400 ubi

279 1438 337 1468 est
370 1429 606 1467 Philodamo
645 1426 880 1472 nuntiatum,
915 1425 1070 1464 tametsi
1105 1434 1185 1464 erat
1224 1426 1379 1476 ignarus
1417 1435 1610 1477 quantum

280 1495 353 1533 sibi
392 1508 437 1532 ac
476 1492 606 1531 liberis
642 1491 720 1530 suis
759 1491 836 1529 iam
877 1498 958 1528 tum
996 1491 1086 1528 mali
1126 1491 1436 1539 constitueretur,
1478 1500 1610 1531 tamen

279 1562 330 1599 ad
357 1559 474 1598 istum
496 1557 628 1605 venit,
658 1555 831 1595 ostendit
856 1569 1000 1593 munus
1029 1555 1125 1595 illud
1156 1570 1269 1594 suum
1301 1570 1381 1595 non
1411 1570 1523 1605 esse;
1557 1571 1610 1604 se,

281 1639 371 1664 cum
393 1637 486 1662 suae
506 1630 634 1673 partes
655 1629 785 1660 essent
818 1621 1017 1671 hospitum
1046 1622 1372 1672 recipiendorum,
1402 1630 1484 1660 turn
1506 1623 1612 1672 ipsos

281 1699 413 1729 tamen
453 1695 650 1739 praetores
690 1694 728 1725 et
774 1688 968 1733 consules,
1006 1701 1086 1725 non
1133 1689 1348 1737 legatorum
1393 1689 1608 1734 adseculas,

281 1756 453 1805 recipere
481 1755 616 1792 solere.
665 1755 758 1797 Iste⁷
783 1752 850 1802 qui
886 1767 963 1790 una
990 1753 1206 1802 cupiditate
1240 1761 1448 1802 raperetur,
1484 1760 1610 1791 totum

282 1821 383 1859 illius
415 1821 656 1870 postulatum
691 1831 931 1867 causamque
969 1818 1164 1867 neglexit;
1207 1832 1275 1867 per
1305 1817 1382 1855 vim
1421 1819 1471 1856 ad
1506 1830 1608 1863 eum,

210 1891 264 1928 26
284 1886 350 1936 qui
372 1885 542 1935 recipere
562 1898 642 1922 non
664 1884 847 1929 debebat,
873 1883 1067 1921 Rubrium
1091 1882 1234 1921 deduci
1257 1882 1470 1932 imperavit.
1531 1882 1611 1920 Hic

285 1951 552 1997 Philodamus,
580 1957 838 2000 posteaquam
871 1948 930 1986 ius
958 1962 1072 1986 suum
1100 1947 1278 1986 obtinere
1299 1961 1378 1986 non
1404 1947 1541 1997 potuit,
1569 1955 1611 1986 ut

330 2066 342 2085 1
371 2060 405 2085 ut
421 2055 462 2084 πὸ
614 2055 765 2093 hecquae
782 2059 813 2093 p,
835 2062 960 2091 ecquae
981 2065 992 2082 ς
1013 2062 1019 2081 :
1045 2061 1109 2090 qua
1127 2049 1202 2088 DG,
1219 2062 1225 2080 :
1251 2050 1278 2080 si
1297 2060 1361 2089 qua
1379 2050 1458 2088 KG,
1591 2061 1610 2080 2

285 2104 511 2129 commoretur
528 2098 607 2129 Ern.
627 2102 710 2128 auct.
732 2096 839 2128 Klotz.
860 2095 963 2135 Kays.
1065 2105 1084 2132 5
1110 2095 1204 2124 istam
1224 2093 1277 2133 Dp
1300 2094 1364 2124 rell.
1383 2105 1389 2123 :
1413 2094 1458 2123 ita
1475 2093 1608 2134 Plu-323⁷„

282 2142 407 2173 Madv..
430 2141 540 2173 *Muelh
639 2152 676 2180 13
703 2140 830 2170 Ianitor
846 2140 912 2169 secl.
933 2138 1034 2174 Bake,
1055 2137 1170 2176 Kays„
1188 2137 1298 2167 Mucll.
1392 2147 1434 2166 20
1459 2142 1531 2168 erat
1549 2142 1610 2167 tres

283 2186 376 2226 ng.‚
393 2185 478 2217 Non.
498 2198 505 2216 ε
531 2196 597 2216 non
617 2190 688 2215 erat
706 2184 829 2221 &mn-b
847 2195 853 2212 :
878 2187 949 2212 crat
965 2192 1031 2211 non
1049 2192 1068 2220 q
1086 2181 1128 2210 al.
1221 2191 1256 2210 21
1287 2180 1363 2210 mali
1382 2180 1440 2210 vrb:
1467 2191 1530 2211 om.
1546 2181 1610 2211 ΒΨ

283 2240 323 2259 22
349 2240 469 2259 munus
495 2229 575 2259 illud
601 2238 697 2259 suum
725 2226 851 2257 Dan:
878 2226 959 2255 illud
985 2234 1105 2254 munus
1130 2233 1225 2253 suum
1246 2223 1341 2261 G2K:
1369 2234 1489 2254 munus
1513 2234 1607 2254 suum

285 2273 365 2303 illud
386 2273 424 2311 G,
569 2283 609 2311 23
634 2273 725 2311 ipsos
743 2276 870 2300 tantum
889 2269 948 2308 Lg.
969 2279 1010 2306 42
1157 2277 1197 2304 ²4
1222 2267 1397 2296 adseculas
1417 2267 1513 2306 (ass.)
1530 2267 1607 2298 Dn:

283 2317 429 2348 asseclas
448 2316 511 2347 rell.

1630 463 1648 493 5

1632 794 1672 815 10

1633 1117 1671 1148 15

1633 1444 1672 1465 20
