1715 2734
145 104 411 142 ACTIONIS
434 104 495 140 IN
516 103 562 141 C.
579 103 819 140 VERREM
842 103 1139 141 SECVNDAE
1163 104 1263 141 LIB.
1289 105 1355 142 III
1411 104 1466 150 76

144 214 251 263 cipes
271 215 510 251 frumentum
535 211 788 262 improbasse,
816 211 1016 262 mancipes
1046 211 1170 262 pretio
1198 226 1287 250 cum
1309 212 1468 251 civitati-

144 278 217 317 bus
244 278 447 325 decidisse,
475 285 513 316 et
544 278 705 315 eosdem
734 277 805 315 abs
832 284 870 315 te
899 276 1050 315 illarum
1080 276 1280 315 civitatum
1307 277 1469 316 nomine

143 343 330 393 pecunias
359 342 579 388 abstulisse,
599 342 746 380 deinde
774 342 878 391 ipsos
903 341 977 380 sibi
1004 343 1243 380 frumentum
1264 342 1464 389 coemisse,

143 407 241 445 nihil
253 409 350 445 haec
369 408 420 445 ad
436 414 474 444 te
494 406 715 456 pertinere?
756 409 863 444 Mala
880 408 1104 444 mehercule
1123 420 1168 444 ac
1186 406 1325 444 misera
1337 408 1468 445 defen-

103 486 121 517 5
144 471 201 509 sio
210 480 427 522 praetorem
440 472 518 509 hoc
529 470 661 509 dicere
678 486 686 510 τ
708 472 717 490 ‘
727 473 812 521 Ego
820 473 1059 510 frumentum
1075 485 1204 521 neque
1217 471 1324 520 attigi
1339 485 1468 521 neque

142 536 284 586 aspexi,
333 535 580 585 mancipibus
626 543 859 584 potestatem
902 535 1096 586 probandi
1137 536 1467 585 improbandique

142 599 326 650 permisi3
356 600 557 649 mancipes
587 613 611 637 a
641 600 864 638 civitatibus
895 600 1082 650 pecunias
1112 608 1364 647 extorserunt,
1395 615 1467 650 ego

141 674 283 711 autem,
324 678 445 714 quam
477 665 687 714 pecuniam
726 665 882 715 populis
921 667 1013 703 dare
1051 665 1183 712 debui,
1220 666 1467 716 mancipibus

141 730 282 768 dedi1⁷
339 732 447 768 Mala
485 738 544 768 est
583 731 681 768 haec
719 730 894 779 quidem,
925 738 967 768 ut
1007 731 1097 778 dixi,
1129 745 1174 769 ac
1214 731 1344 781 potius
1387 744 1468 781 per—

83 814 122 835 10
141 796 223 834 dita
256 796 514 834 maximorum
552 804 816 846 peccatorum,
856 796 971 834 huius
1004 805 1136 835 autem
1177 797 1391 847 iniquitatis
1430 806 1468 836 et

141 861 302 899 inertiae
334 861 540 907 confessio,
575 875 656 899 non
699 861 877 899 defensio
899 861 1098 909 criminis;
1134 863 1203 900 sed
1233 870 1364 901 tamen
1394 858 1467 900 hac

141 925 225 975 ipsa
253 925 333 972 tibi,
364 925 395 964 si
419 925 475 964 uti
504 925 650 975 cupias,
682 939 763 963 non
794 925 908 973 licet,⁸
937 934 1041 964 vetat
1071 934 1109 965 te
1135 927 1348 973 Volcatius,
1379 935 1468 966 tuae

140 999 376 1041 tuorumque
410 990 583 1036 deliciae,
616 990 858 1028 mentionem
899 991 1090 1040 mancipis
1129 993 1282 1039 facere,
1320 993 1469 1030 Timar-

140 1056 276 1094 chides
324 1064 467 1103 autem,
515 1058 700 1094 columen
747 1056 917 1094 familiae
963 1064 1123 1103 vestrae,
1158 1057 1298 1106 premit
1336 1060 1467 1096 fauces

83 1138 119 1169 15
141 1120 381 1158 defensionis
411 1128 511 1167 tuae,
543 1120 606 1158 cui
640 1121 756 1158 simul
785 1128 823 1158 et
853 1121 1035 1159 Volcatio
1065 1121 1232 1171 pecunia
1261 1135 1283 1159 a
1313 1121 1468 1160 civitate

140 1193 343 1223 numerata
363 1192 421 1223 est
434 1200 444 1234 3
474 1185 552 1223 iam
573 1199 664 1223 vero
686 1185 812 1223 scriba
832 1193 921 1224 tuus
942 1187 1062 1224 anulo
1093 1200 1212 1224 aureo
1242 1200 1324 1233 suo,
1348 1200 1467 1236 quem

140 1263 186 1287 ex
214 1250 274 1288 his
303 1250 419 1288 rebus
449 1250 607 1297 invenit,
641 1250 713 1287 ista
743 1257 781 1288 te
810 1250 960 1288 ratione
989 1251 1044 1288 uti
1077 1265 1157 1289 non
1187 1251 1297 1289 sinet.
1358 1252 1467 1300 Quid

139 1315 253 1364 igitur
282 1322 339 1353 est
368 1314 561 1364 reliquum
593 1314 667 1352 nisi
697 1314 753 1352 uti
782 1315 926 1353 fateare
955 1323 993 1353 te
1025 1317 1197 1353 Romam
1227 1317 1466 1355 frumentum

139 1387 317 1428 emptum
355 1379 575 1418 Siculorum
615 1379 784 1429 pecunia
823 1379 974 1418 misisse
1018 1380 1216 1430 publicam
1256 1381 1466 1431 pecuniam

80 1461 120 1482 20
139 1445 304 1482 domum
334 1451 441 1481 tuam
471 1443 710 1481 convertisse
726 1446 743 1481 Ρ

193 1509 230 1547 Ο
268 1509 515 1546 consuetudo
553 1508 759 1558 peccandi,
793 1517 979 1559 quantam
1020 1510 1142 1548 habes
1180 1510 1465 1549 iucunditatem

138 1573 325 1622 improbis
360 1581 398 1611 et
431 1572 658 1620 audacibus,
696 1587 787 1611 cum
821 1587 950 1623 poena
983 1574 1079 1612 afuit
1113 1583 1151 1613 et
1185 1575 1343 1613 licentia
1376 1589 1466 1613 con-

137 1646 271 1676 secuta
291 1645 349 1676 est
368 1642 374 1676 l
425 1640 504 1676 Iste
525 1638 564 1676 in
586 1640 662 1676 hoc
681 1652 823 1688 genere
843 1641 1046 1688 peculatus
1068 1653 1148 1678 non
1169 1654 1274 1678 nunc
1295 1640 1463 1689 primum

137 1703 341 1749 invenitur,
378 1705 448 1741 sed
487 1717 592 1740 nunc
628 1704 789 1741 demum
829 1711 992 1742 tenetur.
1062 1705 1246 1743 Vidimus
1285 1705 1376 1743 huic
1413 1705 1465 1742 ab

79 1786 117 1816 25
137 1768 284 1806 aerario
304 1768 513 1818 pecuniam
543 1768 737 1806 numerari
760 1769 957 1818 quaestori
978 1771 1029 1808 ad
1051 1778 1249 1820 sumptum
1273 1770 1464 1808 exercitus

137 1833 362 1880 consularis,
381 1832 551 1871 vidimus
565 1833 698 1882 paucis
713 1841 801 1883 post
818 1834 1019 1872 mensibus
1041 1842 1079 1873 et
1099 1835 1309 1873 exercitum
1325 1843 1362 1873 et
1375 1849 1465 1874 con-

137 1899 262 1936 sulem
283 1898 492 1947 spoliatum
508 1912 518 1945 3
548 1897 612 1935 illa
632 1898 761 1936 omnis
782 1899 950 1948 pecunia
971 1899 1081 1937 latuit
1103 1899 1141 1937 in
1163 1900 1228 1938 illa
1241 1900 1406 1950 caligine
1419 1914 1464 1939 ac

137 1963 307 2003 tenebris
328 1977 428 2013 quae
449 1971 572 2002 totam
593 1977 674 2002 rem
695 1964 894 2014 publicam
911 1972 994 2002 tum
1016 1973 1264 2016 occuparant.
1315 1968 1463 2004 Iterum

183 2077 194 2096 1
223 2078 294 2098 cum
313 2067 401 2099 civit.
421 2069 532 2107 pretio
553 2068 583 2098 O
753 2079 771 2106 4
797 2069 839 2099 ad
856 2074 889 2100 te
907 2070 989 2100 haec
1009 2070 1039 2100 O
1210 2071 1231 2099 6
1255 2070 1372 2108 aspexi
1393 2070 1440 2109 Vp
1457 2081 1464 2101 t

139 2111 268 2149 inspexi
285 2111 332 2141 cO
487 2123 508 2151 9
531 2122 599 2151 sqq.
621 2116 658 2141 ut
673 2122 729 2151 ego
745 2116 775 2142 et
790 2112 972 2144 Muellerus
994 2113 1081 2150 VcO,
1100 2113 1167 2143 nisi
1181 2113 1270 2153 quod
1283 2124 1298 2143 c
1313 2113 1465 2143 habuisse

137 2154 254 2184 dicitur
274 2154 475 2185 confession.
502 2155 662 2193 defensio,
695 2155 727 2183 V
749 2155 961 2187 confessione
986 2157 1149 2188 defensio.
1207 2157 1290 2187 Post
1317 2161 1351 2186 ut
1381 2157 1460 2193 dixi,

137 2197 248 2227 inserit
257 2198 410 2228 defensio
422 2203 457 2237 j),
471 2198 581 2238 inquo
598 2199 694 2228 etiam
711 2202 758 2228 est
773 2204 805 2229 et
823 2200 1006 2239 iniquitatis
1024 2205 1057 2230 et
1076 2204 1108 2239 (ξ
1132 2201 1191 2230 188
1208 2201 1309 2238 infra)
1426 2209 1462 2238 15

137 2241 325 2271 civitatibus
346 2241 377 2270 l'
391 2240 611 2281 (Zielinski‚p.
630 2244 703 2281 196>
797 2253 836 2281 19
860 2244 1037 2282 pecuniam
1055 2254 1121 2275 om.
1141 2243 1171 2274 Ο
1259 2254 1298 2281 24
1323 2243 1382 2273 sed
1399 2267 1406 2273 .
1426 2266 1432 2274 .
1455 2268 1461 2273 .

137 2288 272 2313 tenetur
290 2285 339 2315 ελ.
355 2284 392 2323 p2'
504 2287 545 2315 26
570 2286 741 2316 mensibus
760 2291 834 2325 post
852 2288 967 2326 paucis
987 2293 1019 2317 et
1037 2298 1129 2318 cons.
1150 2292 1183 2317 ct
1200 2297 1310 2318 exerc.
1330 2287 1412 2325 spoli
1433 2286 1463 2315 O

137 2328 178 2355 28
202 2333 405 2366 occuparant
423 2328 469 2358 cO
488 2340 495 2359 z
520 2334 672 2359 —averant
685 2334 709 2368 p
727 2329 792 2360 rell.

1489 116 1551 150 ¹75
