1715 2734
208 83 244 111 11
267 88 306 119 ²5
601 66 606 70 ’
633 74 691 111 Μ.
721 74 890 111 TVLLI
921 72 1229 113 CICERONIS

264 186 333 223 Me
354 198 445 225 cum
476 184 577 232 dico,
602 186 687 224 leve
717 191 800 223 est:
830 191 1052 222 senatorem
1082 183 1218 234 populi
1250 182 1422 222 Romani
1451 182 1482 221 si
1512 197 1593 222 non

260 248 483 296 invitarunt,
518 251 710 288 honorem
742 247 921 287 debitum
950 249 1201 287 detraxerunt
1230 262 1311 286 non
1342 247 1494 286 homini
1521 250 1592 288 sed

259 315 399 354 ordini.
460 317 563 354 Nam
595 314 668 364 ipsi
700 314 835 353 Tullio
864 314 1024 364 patebat
1050 315 1193 352 domus
1218 313 1528 363 locupletissima
1555 321 1593 352 et

260 379 503 431 amplissima
533 381 606 420 Cn.
641 379 806 429 Pompei
838 378 1026 426 Basilisci,
1059 392 1150 429 quo,
1183 378 1335 417 etiamsi
1370 387 1472 417 esset
1501 378 1594 417 invi-

259 452 362 483 tatus
382 459 405 483 a
426 445 548 492 vobis,
572 452 705 483 tamen
734 443 991 491 devertisset3
1021 452 1102 482 erat
1127 444 1245 483 etiam
1272 443 1590 491 Percenniorum,
1613 462 1630 493 5

258 510 326 560 qui
366 524 472 549 nunc
510 510 603 549 item
645 509 825 560 Pompeii
857 516 959 556 sunt,
1001 510 1144 548 domus
1184 508 1472 556 honestissima,
1513 522 1594 559 quo

259 575 406 614 Lucius
454 577 570 613 frater
619 587 729 613 meus
778 587 934 612 summa
972 573 1127 613 illorum
1166 576 1368 612 voluntate
1414 574 1590 613 devertit.

260 641 425 679 Senator
464 640 601 690 populi
642 639 826 687 Romani,
869 640 978 689 quod
1018 639 1058 677 in
1098 639 1209 678 vobis
1250 639 1332 686 suit,
1383 639 1422 677 in
1462 647 1592 679 vestro

259 705 409 756 oppido
430 705 548 744 iacuit
569 713 607 744 et
627 704 871 755 pernoctavit
901 704 941 742 in
971 704 1144 755 publico.
1205 705 1325 742 Nulla
1355 705 1432 743 hoc
1456 704 1592 744 civitas

258 784 449 820 umquam
469 770 545 808 alia
566 769 778 809 commisit.
840 769 1050 808 ‘Amicum
1082 769 1188 808 enim
1219 777 1396 808 nostrum
1426 769 1465 807 in
1495 770 1593 809 iudi·
1612 785 1652 808 10

258 835 362 873 cium
383 835 578 874 vocabas.'
636 836 700 873 Tu
724 834 822 885 quid
849 848 922 885 ego
952 835 1132 885 privatim
1163 834 1295 885 negoti
1325 848 1457 884 geram
1478 834 1592 874 inter-

198 905 237 937 26
256 900 461 950 pretabere
500 899 777 939 imminuendo
816 901 967 938 honore
1006 899 1236 939 senatorio?
1304 899 1452 938 Verum
1493 901 1591 939 haec

258 973 341 1004 tum
367 979 576 1016 queremur
606 965 636 1004 si
668 965 764 1016 quid
794 966 844 1005 de
868 965 981 1004 vobis
1010 979 1080 1016 per
1109 978 1200 1004 eum
1231 964 1411 1004 ordinem
1441 973 1587 1015 agetur,

255 1031 323 1081 qui
351 1033 452 1070 ordo
478 1045 501 1070 a
530 1031 643 1070 vobis
673 1032 806 1070 adhuc
838 1031 931 1070 solis
958 1038 1210 1081 contemptus
1242 1038 1311 1069 est.
1373 1032 1420 1069 In
1453 1031 1589 1082 populi

258 1096 430 1135 Romani
452 1096 614 1146 quidem
637 1103 896 1147 conspectum
918 1110 999 1146 quo
1020 1110 1087 1135 ore
1111 1110 1180 1134 vos
1202 1095 1485 1134 commisistis?
1514 1110 1588 1136 nec
1611 1113 1648 1145 15

254 1162 360 1212 prius
395 1162 502 1201 illam
532 1176 702 1210 crucem,
735 1176 837 1212 quae
872 1161 990 1201 etiam
1026 1175 1133 1200 nunc
1171 1161 1265 1200 civis
1301 1161 1473 1200 Romani
1504 1175 1589 1201 san-

254 1227 372 1277 guine
393 1229 602 1276 redundat,
617 1241 718 1278 quae
739 1229 816 1266 fixa
835 1235 894 1266 est
913 1229 965 1266 ad
986 1234 1142 1278 portum
1166 1227 1386 1277 urbemque
1406 1234 1586 1276 vestram,

254 1292 457 1331 revellistis
487 1307 617 1343 neque
652 1293 692 1331 in
723 1294 965 1343 profundum
997 1291 1195 1331 abiecistis
1229 1293 1442 1341 locumque
1478 1292 1587 1330 illum

252 1371 415 1396 omnem
437 1358 631 1409 expiastis,
655 1372 775 1409 quarn
799 1360 971 1397 Romam
993 1365 1112 1408 atque
1133 1357 1172 1395 in
1190 1358 1331 1395 horum
1346 1365 1587 1396 conventum

253 1423 443 1461 adiretis?
501 1425 549 1461 In
585 1423 914 1462 Mamertinorum
945 1424 1031 1461 solo
1065 1424 1268 1461 foederato
1298 1430 1418 1473 atque
1446 1430 1588 1472 pacato
1608 1441 1647 1464 20

255 1496 559 1527 monumentum
580 1489 691 1527 istius
715 1488 956 1527 crudelitatis
987 1487 1245 1527 constitutum
1267 1496 1336 1527 est.
1395 1490 1588 1528 Vestrane

255 1554 347 1592 urbs
368 1555 493 1593 electa
513 1562 571 1593 est
591 1556 642 1594 ad
663 1568 782 1605 quam
807 1568 898 1593 cum
927 1553 1080 1592 adirent
1107 1568 1154 1592 ex
1183 1554 1296 1592 Italia
1316 1555 1410 1592 cives
1429 1568 1586 1593 crucem

255 1619 349 1658 civis
403 1620 576 1659 Romani
623 1620 730 1671 prius
777 1633 896 1670 quam
937 1632 1179 1670 quemquam
1229 1619 1400 1658 amicum
1450 1620 1586 1670 populi

257 1685 429 1724 Romani
469 1685 680 1724 viderent?
734 1699 853 1736 quam
892 1698 962 1724 vos
1006 1684 1178 1735 Reginis,
1229 1698 1397 1734 quorum
1439 1684 1585 1723 civitati

255 1751 449 1798 invidetis,
466 1751 641 1802 itemque
661 1751 800 1790 incolis
816 1751 966 1799 vestris,
982 1751 1133 1789 civibus
1156 1750 1359 1797 Romanis,
1375 1752 1583 1790 ostendere
1605 1768 1619 1790 2
1626 1769 1643 1799 5

253 1816 397 1864 soletis,
426 1830 507 1867 quo
537 1817 666 1855 minus
696 1816 769 1854 sibi
799 1818 990 1867 adrogent
1020 1816 1230 1866 minusque
1257 1829 1326 1854 vos
1351 1815 1585 1866 despiciant,

253 1896 343 1920 cum
364 1882 523 1921 videant
545 1882 603 1920 ius
624 1881 790 1921 civitatis
812 1882 878 1921 illo
900 1881 1094 1932 supplicio
1115 1895 1200 1920 esse
1221 1889 1446 1920 mactatum.

191 1929 233 2010 ἒξ
307 1950 455 1986 Verum
491 1949 588 1986 haec
620 1947 761 1986 emisse
793 1956 831 1986 te
863 1947 972 1986 dicis.
1033 1946 1174 1996 Quid?
1209 1946 1273 1984 illa
1303 1946 1472 1985 Attalica
1502 1954 1583 1986 tota

218 2005 226 2021 ¹
253 2012 384 2051 Sicilia
417 2012 620 2050 nominata
653 2013 703 2050 ab
743 2014 884 2052 eodem
927 2012 1035 2050 Heio
1075 2009 1412 2063 [peripetasmata]
1453 2025 1584 2050 emere

251 2078 396 2116 oblitus
417 2079 487 2116 es?
526 2077 655 2116 Licuit
675 2079 816 2116 eodem
839 2078 961 2115 modo
983 2085 1023 2114 ut
1045 2076 1163 2126 signa.
1207 2075 1314 2124 Quid
1328 2075 1432 2113 enim
1449 2084 1580 2114 actum
1601 2091 1640 2122 30

250 2145 337 2181 est?
364 2157 415 2181 an
435 2143 571 2182 litteris
598 2142 836 2194 pepercisti?
882 2144 1030 2180 Verum
1052 2141 1254 2179 hominem
1284 2148 1483 2179 amentem
1504 2142 1580 2180 hoc

293 2259 311 2287 3
336 2254 369 2279 et
385 2249 591 2289 amplissima
605 2251 688 2289 qu:
714 2259 777 2278 om.
796 2246 860 2277 RS
881 2246 936 2282 iii,
957 2248 971 2283 ξ
990 2246 1048 2285 5ρῖ
1162 2255 1195 2275 11
1221 2245 1309 2284 quod
1336 2244 1428 2274 Bake
1537 2255 1578 2274 22

248 2302 321 2322 cum
339 2292 427 2323 codd.
455 2302 542 2332 tcum
565 2319 570 2324 .
589 2317 597 2324 .
617 2317 622 2323 .
641 2293 733 2322 cives
752 2291 898 2322 Romani
916 2289 959 2329 Z)
975 2303 979 2320 :
1005 2289 1060 2328 qui
1077 2289 1195 2320 Lamb.
1213 2300 1220 2320 ε
1244 2289 1443 2327 quicumque
1461 2287 1576 2319 Muell.

247 2335 605 2409 {ilzcjlsniszlijnpplew'
631 2335 695 2377 (Cl.
722 2335 799 2366 Rev.
827 2334 920 2371 xviii,
947 2334 1026 2372 210)
1161 2342 1202 2370 29
1226 2332 1486 2370 peripetasmata
1510 2341 1575 2363 om.
