1715 2734
165 94 220 141 56
243 108 304 139 124
608 94 665 131 M.
697 95 865 132 TVLLI
897 95 1204 134 CICERONIS

154 1257 213 1287 125

164 1614 212 1654 57

150 1667 211 1697 126

238 218 334 243 auro
354 211 472 254 atque
489 205 607 243 ebore
629 203 890 254 perfectiores,
909 206 1035 243 nullas
1056 218 1244 255 umquam
1263 207 1343 245 ullo
1363 205 1402 244 in
1424 208 1573 258 templo

238 269 367 308 fuisse.
429 269 668 308 Incredibile
689 269 797 307 dictu
822 277 879 308 est
909 283 1028 320 quam
1060 270 1172 308 multi
1202 271 1341 309 Graeci
1363 272 1413 310 de
1434 273 1572 310 harum

238 335 437 372 valvarum
492 333 786 383 pulchritudine
834 333 1022 384 scriptum
1077 334 1314 384 reliquerint.
1393 337 1572 374 Nimium

238 399 398 437 forsitan
438 400 536 437 haec
575 398 628 436 illi
670 398 859 437 mirentur
895 407 1015 450 atque
1053 402 1239 448 efferant;
1282 409 1394 449 esto;
1437 415 1571 440 verum

238 471 370 502 tamen
402 463 604 502 honestius
636 471 693 502 est
724 463 777 501 rei
808 464 991 514 publicae
1021 473 1187 512 nostrae,
1213 465 1374 513 iudices,
1398 479 1444 504 ea
1471 480 1572 516 quae

238 528 312 566 illis
341 530 505 578 pulchra
535 541 621 567 esse
651 528 858 566 videantur
888 529 1165 580 imperatorem
1191 538 1368 569 nostrum
1396 531 1434 569 in
1467 531 1573 570 bello

236 593 439 643 reliquisse
475 607 593 643 quam
630 601 849 643 praetorem
885 593 925 632 in
957 608 1054 644 pace
1083 595 1303 634 abstulisse.
1366 598 1424 634 Ex
1453 596 1573 634 ebore

235 658 535 708 diligentissime
557 659 730 708 perfecta
757 667 988 708 argumenta
1014 668 1122 698 erant
1143 660 1182 698 in
1203 660 1324 698 valvis
1342 675 1351 708 3
1382 674 1427 699 ea
1447 662 1572 699 detra-

235 725 369 762 henda
389 723 537 762 curavit
559 723 703 761 omnia.
766 724 962 774 Gorgonis
993 737 1037 762 os
1068 725 1374 774 pulcherrimum
1396 725 1570 764 cinctum

234 788 429 839 anguibus
459 788 608 826 revellit
638 795 758 838 atque
786 789 959 836 abstulit,
991 797 1029 828 et
1059 797 1190 828 tamen
1219 789 1406 828 indicavit
1427 803 1469 829 se
1489 803 1570 828 non

235 855 364 892 solum
398 853 563 892 artificio
603 855 673 892 sed
712 853 830 892 etiam
862 854 988 904 pretio
1027 862 1275 905 quaestuque
1314 855 1434 899 duci:
1478 868 1570 892 nam

235 920 363 958 bullas
401 932 537 957 aureas
576 917 706 956 omnis
738 932 784 957 ex
816 918 861 957 iis
893 919 1024 967 valvis,
1063 933 1163 969 quae
1198 928 1307 958 erant
1348 921 1495 958 multae
1533 927 1571 958 et

234 998 382 1035 graves,
422 998 503 1022 non
548 984 743 1023 dubitavit
791 986 968 1032 auferre;
1016 998 1182 1035 quarum
1222 985 1294 1023 iste
1333 999 1413 1024 non
1452 998 1571 1035 opere

234 1049 505 1089 delectabatur
526 1050 596 1087 sed
618 1050 805 1099 pondere.
867 1051 1008 1099 Itaque
1028 1050 1111 1088 eius
1134 1049 1241 1088 modi
1263 1051 1394 1088 valvas
1415 1048 1571 1099 reliquit

234 1122 277 1152 ut
306 1128 408 1164 quae
438 1113 532 1152 olim
562 1115 613 1152 ad
644 1116 867 1153 ornandum
899 1117 1091 1165 templum
1123 1123 1232 1154 erant
1266 1117 1435 1154 maxime
1463 1128 1569 1153 nunc

234 1186 387 1217 tantum
409 1181 459 1217 ad
480 1180 748 1217 claudendum
770 1181 896 1218 factae
916 1193 1001 1218 esse
1023 1180 1238 1218 videantur.

289 1244 473 1282 Etiamne
493 1244 712 1293 gramineas
735 1245 1001 1283 hastas—vidi
1024 1245 1127 1283 enim
1146 1258 1215 1283 vos
1237 1245 1275 1283 in
1297 1247 1373 1283 hoc
1395 1245 1567 1292 nomine,

234 1323 325 1348 cum
369 1309 478 1348 testis
526 1309 685 1357 diceret,
734 1310 999 1349 commoveri:
1055 1311 1163 1360 quod
1209 1318 1289 1348 erat
1333 1311 1416 1348 eius
1460 1309 1568 1348 modi

234 1383 276 1413 ut
324 1376 446 1413 semel
487 1375 631 1413 vidisse
680 1375 771 1413 satis
820 1383 932 1422 esset,
977 1374 1033 1425 (in
1082 1375 1225 1424 quibus
1275 1388 1404 1424 neque
1448 1388 1568 1413 manu

233 1442 381 1479 factum
412 1440 624 1491 quicquam
657 1452 786 1489 neque
816 1439 1070 1489 pulchritudo
1101 1447 1180 1477 erat
1211 1441 1299 1487 ulla,
1323 1441 1392 1478 sed
1414 1447 1567 1477 tantum
1589 1453 1602 1473 2

233 1506 466 1556 magnitudo
488 1504 727 1543 incredibilis
750 1505 800 1542 de
821 1517 899 1554 qua
917 1506 977 1542 vel
1000 1504 1134 1542 audire
1156 1504 1248 1542 satis
1272 1513 1384 1551 esset,
1401 1504 1567 1542 nimium

232 1572 364 1611 videre
386 1573 472 1622 plus
494 1584 612 1621 quam
634 1569 782 1621 semeL)
803 1570 921 1608 etiam
944 1569 983 1608 id
1004 1570 1225 1620 concupisti
1244 1572 1259 1607 ?

287 1638 391 1675 Nam
431 1637 593 1686 Sappho
632 1648 733 1685 quae
781 1634 936 1672 sublata
975 1635 1025 1672 de
1074 1634 1253 1684 prytanio
1293 1642 1351 1673 est
1389 1635 1457 1672 dat
1496 1633 1567 1672 tibi

232 1703 373 1741 iustam
407 1701 714 1748 excusationem,
745 1713 868 1751 prope
903 1707 945 1738 ut
977 1700 1280 1738 concedendum
1312 1707 1430 1749 atque
1461 1699 1567 1749 igno-

231 1769 423 1807 scendum
446 1780 531 1805 esse
546 1766 733 1805 videatur.
783 1764 993 1804 Silanionis
1010 1778 1109 1815 opus
1132 1772 1210 1802 tam
1234 1766 1461 1815 perfectum,
1485 1772 1565 1803 tam

232 1835 398 1883 elegans,
423 1840 503 1870 tam
525 1831 769 1870 elaboratum
799 1830 1007 1880 quisquam
1040 1843 1122 1868 non
1151 1831 1272 1868 modo
1296 1829 1468 1880 privatus
1496 1830 1566 1868 sed

232 1899 402 1948 populus
436 1897 566 1947 potius
603 1897 763 1934 haberet
799 1909 918 1945 quam
950 1896 1071 1933 homo
1107 1894 1419 1944 elegantissimus
1448 1902 1567 1944 atque

232 1963 529 2009 eruditissimus,
563 1963 735 2000 Verres?
793 1959 991 1998 Nimirum
1022 1967 1158 1998 contra
1188 1959 1264 1997 dici
1297 1959 1393 1997 nihil
1424 1966 1562 2009 potest.

232 2030 422 2067 Nostrum
445 2027 549 2066 enim
572 2041 673 2065 unus
702 2026 880 2076 quisque,
913 2024 980 2074 qui
1012 2033 1089 2062 tam
1122 2024 1224 2062 beati
1257 2037 1375 2074 quam
1407 2023 1478 2061 iste
1507 2031 1565 2061 est

232 2108 312 2133 non
352 2108 498 2140 sumus,
523 2102 601 2131 tam
637 2092 792 2131 delicati
833 2105 918 2130 esse
958 2104 1037 2128 non
1078 2102 1298 2139 possumus,
1337 2088 1366 2127 si
1403 2089 1565 2138 quando

233 2160 382 2211 aliquid
404 2159 512 2198 istius
535 2158 642 2196 modi
662 2157 794 2196 videre
816 2159 930 2203 volet,
955 2164 1015 2193 eat
1036 2156 1086 2193 ad
1107 2155 1247 2193 aedem
1271 2153 1493 2200 Felicitatis,
1514 2154 1564 2191 ad

283 2275 292 2294 1
325 2264 390 2294 ullo
415 2263 444 2292 in
472 2261 597 2300 templo
618 2266 662 2300 pq
687 2260 752 2290 soal.
779 2260 847 2291 sss.
871 2260 951 2293 (ullo
969 2258 1043 2290 add.
1065 2269 1090 2288 s.
1112 2258 1216 2297 l.p‘-‘i:
1256 2257 1309 2288 illo
1325 2257 1449 2296 templo
1467 2256 1566 2287 RSD

236 2308 284 2347 (in
302 2317 366 2346 mg.
390 2316 417 2336 v.
439 2306 456 2336 l.
479 2305 546 2335 ullo
580 2315 586 2333 :
612 2304 679 2333 ullo
697 2303 821 2341 templo
841 2303 893 2333 H²
912 2304 1006 2341 (corr.
1026 2313 1065 2332 ex
1083 2301 1153 2340 illo)
1171 2301 1222 2331 Z:
1250 2301 1314 2330 ullo
1333 2301 1365 2330 in
1384 2306 1534 2340 tempore
1547 2301 1562 2329 δ

234 2351 273 2379 16
287 2349 487 2379 cludendum
506 2347 568 2378 RS
637 2348 674 2377 18
685 2357 758 2377 cum
771 2352 876 2377 testes
889 2348 1070 2387 dicerentp
1137 2350 1209 2376 erat
1223 2344 1310 2376 codd.
1324 2356 1331 2374 ε
1355 2348 1452 2374 erant
1464 2342 1534 2373 edd.
1551 2352 1560 2373 ε

231 2393 321 2432 quod
338 2417 345 2424 .
366 2417 374 2424 .
391 2415 398 2423 .
418 2393 501 2422 satis
518 2396 609 2422 esset
628 2391 685 2421 dd.
709 2390 757 2422 W.
777 2391 885 2429 Mqver
971 2401 1011 2421 22
1026 2391 1173 2421 etiamne
1184 2391 1225 2430 ῥδ
1314 2398 1355 2427 25
1368 2399 1443 2419 esse
1456 2397 1523 2417 om.
1539 2397 1560 2416 π

231 2438 273 2467 28
298 2437 341 2467 nil
360 2437 521 2474 Zsrlinski,
535 2443 568 2476 p.
589 2438 647 2476 178
781 2447 822 2474 29
847 2441 897 2466 est
916 2441 1039 2475 0111.pq

1594 481 1610 511 5

1593 804 1630 826 10

1593 1128 1628 1159 ¹5

1587 1776 1626 1807 25

1585 2100 1623 2131 30
