<?xml version="1.0" encoding="UTF-8"?>
<!DOCTYPE html PUBLIC "-//W3C//DTD XHTML 1.0 Transitional//EN"
    "http://www.w3.org/TR/xhtml1/DTD/xhtml1-transitional.dtd">
<html xmlns="http://www.w3.org/1999/xhtml" xml:lang="en" lang="en">
 <head>
  <title>
</title>
<meta http-equiv="Content-Type" content="text/html;charset=utf-8" />
  <meta name='ocr-system' content='tesseract 3.04.00' />
  <meta name='ocr-capabilities' content='ocr_page ocr_carea ocr_par ocr_line ocrx_word'/>
</head>
<body>
  <div class='ocr_page' id='page_1' title='image "./orationesrecogno03ciceuoft/orationesrecogno03ciceuoft_0204.png"; bbox 0 0 1715 2734; ppageno 0'>
   <div class='ocr_carea' id='block_1_1' title="bbox 117 87 1155 133">
    <p class='ocr_par' dir='ltr' id='par_1_1' title="bbox 117 87 1155 133">
     <span class='ocr_line' id='line_1_1' title="bbox 117 87 1155 133; baseline 0.003 -10"><span class='ocrx_word' id='word_1_1' title='bbox 117 94 173 133; x_wconf 89' lang='grc'>59</span> <span class='ocrx_word' id='word_1_2' title='bbox 197 100 256 132; x_wconf 86' lang='lat'>¹45</span> <span class='ocrx_word' id='word_1_3' title='bbox 561 88 618 126; x_wconf 91' lang='lat' dir='ltr'>M.</span> <span class='ocrx_word' id='word_1_4' title='bbox 650 88 818 126; x_wconf 90' lang='lat' dir='ltr'><strong>TVLLI</strong></span> <span class='ocrx_word' id='word_1_5' title='bbox 849 87 1155 127; x_wconf 89' lang='lat' dir='ltr'>CICERONIS</span> 
     </span>
    </p>
   </div>
   <div class='ocr_carea' id='block_1_2' title="bbox 100 196 1578 2200">
    <p class='ocr_par' dir='ltr' id='par_1_2' title="bbox 100 196 1578 2200">
     <span class='ocr_line' id='line_1_2' title="bbox 190 196 1519 250; baseline 0.003 -16"><span class='ocrx_word' id='word_1_6' title='bbox 190 196 329 234; x_wconf 88' lang='lat' dir='ltr'>darent</span> <span class='ocrx_word' id='word_1_7' title='bbox 355 197 536 236; x_wconf 90' lang='lat' dir='ltr'>homines</span> <span class='ocrx_word' id='word_1_8' title='bbox 563 206 759 236; x_wconf 86' lang='lat' dir='ltr'>aratorum</span> <span class='ocrx_word' id='word_1_9' title='bbox 790 197 961 245; x_wconf 88' lang='lat' dir='ltr'>nomine,</span> <span class='ocrx_word' id='word_1_10' title='bbox 988 199 1207 246; x_wconf 88' lang='lat' dir='ltr'>dederunt;</span> <span class='ocrx_word' id='word_1_11' title='bbox 1241 205 1283 237; x_wconf 89' lang='lat' dir='ltr'>ut</span> <span class='ocrx_word' id='word_1_12' title='bbox 1312 198 1417 238; x_wconf 88' lang='lat' dir='ltr'>idern</span> <span class='ocrx_word' id='word_1_13' title='bbox 1448 211 1519 250; x_wconf 90' lang='lat' dir='ltr'>pro</span> 
     </span>
     <span class='ocr_line' id='line_1_3' title="bbox 190 261 1515 310; baseline 0.003 -12"><span class='ocrx_word' id='word_1_14' title='bbox 190 268 298 310; x_wconf 89' lang='lat' dir='ltr'>parte</span> <span class='ocrx_word' id='word_1_15' title='bbox 320 261 357 299; x_wconf 94' lang='lat' dir='ltr'>in</span> <span class='ocrx_word' id='word_1_16' title='bbox 379 276 591 301; x_wconf 86' lang='lat' dir='ltr'>commune</span> <span class='ocrx_word' id='word_1_17' title='bbox 612 262 766 301; x_wconf 83' lang='lat' dir='ltr'>Siciliae</span> <span class='ocrx_word' id='word_1_18' title='bbox 793 264 1026 310; x_wconf 87' lang='lat' dir='ltr'>conferrent,</span> <span class='ocrx_word' id='word_1_19' title='bbox 1049 263 1166 302; x_wconf 90' lang='lat' dir='ltr'>etiam</span> <span class='ocrx_word' id='word_1_20' title='bbox 1189 263 1229 302; x_wconf 91' lang='lat' dir='ltr'>id</span> <span class='ocrx_word' id='word_1_21' title='bbox 1253 265 1515 303; x_wconf 87' lang='lat' dir='ltr'>contulerunt.</span> 
     </span>
     <span class='ocr_line' id='line_1_4' title="bbox 189 325 1519 377; baseline 0.003 -14"><span class='ocrx_word' id='word_1_22' title='bbox 189 326 279 364; x_wconf 88' lang='lat' dir='ltr'>Vna</span> <span class='ocrx_word' id='word_1_23' title='bbox 307 325 443 365; x_wconf 84' lang='lat' dir='ltr'>civitas</span> <span class='ocrx_word' id='word_1_24' title='bbox 471 340 561 364; x_wconf 89' lang='lat' dir='ltr'>cum</span> <span class='ocrx_word' id='word_1_25' title='bbox 590 334 647 365; x_wconf 88' lang='lat' dir='ltr'>tot</span> <span class='ocrx_word' id='word_1_26' title='bbox 668 327 897 365; x_wconf 89' lang='lat' dir='ltr'>nominibus</span> <span class='ocrx_word' id='word_1_27' title='bbox 925 328 1134 377; x_wconf 90' lang='lat' dir='ltr'>pecuniam</span> <span class='ocrx_word' id='word_1_28' title='bbox 1163 328 1373 367; x_wconf 90' lang='lat' dir='ltr'>contulerit</span> <span class='ocrx_word' id='word_1_29' title='bbox 1398 328 1519 367; x_wconf 89' lang='lat' dir='ltr'>idem-</span> 
     </span>
     <span class='ocr_line' id='line_1_5' title="bbox 188 391 1518 442; baseline 0.003 -14"><span class='ocrx_word' id='word_1_30' title='bbox 188 402 266 439; x_wconf 87' lang='lat' dir='ltr'>que</span> <span class='ocrx_word' id='word_1_31' title='bbox 304 391 381 430; x_wconf 90' lang='lat' dir='ltr'>hoc</span> <span class='ocrx_word' id='word_1_32' title='bbox 422 391 596 430; x_wconf 85' lang='lat' dir='ltr'>civitates</span> <span class='ocrx_word' id='word_1_33' title='bbox 635 398 788 430; x_wconf 85' lang='lat' dir='ltr'>ceterae</span> <span class='ocrx_word' id='word_1_34' title='bbox 829 391 1002 439; x_wconf 80' lang='lat' dir='ltr'>fecerint,</span> <span class='ocrx_word' id='word_1_35' title='bbox 1048 406 1182 431; x_wconf 91' lang='lat' dir='ltr'>nonne</span> <span class='ocrx_word' id='word_1_36' title='bbox 1221 406 1280 431; x_wconf 88' lang='lat' dir='ltr'>res</span> <span class='ocrx_word' id='word_1_37' title='bbox 1327 393 1411 442; x_wconf 87' lang='lat' dir='ltr'>ipsa</span> <span class='ocrx_word' id='word_1_38' title='bbox 1449 407 1518 432; x_wconf 86' lang='lat' dir='ltr'>vos</span> 
     </span>
     <span class='ocr_line' id='line_1_6' title="bbox 187 456 1557 507; baseline 0.002 -14"><span class='ocrx_word' id='word_1_39' title='bbox 187 457 377 494; x_wconf 76' lang='lat' dir='ltr'>admonet</span> <span class='ocrx_word' id='word_1_40' title='bbox 398 464 439 494; x_wconf 92' lang='lat' dir='ltr'>ut</span> <span class='ocrx_word' id='word_1_41' title='bbox 456 456 600 506; x_wconf 86' lang='lat' dir='ltr'>putetis</span> <span class='ocrx_word' id='word_1_42' title='bbox 621 458 786 495; x_wconf 90' lang='lat' dir='ltr'>modum</span> <span class='ocrx_word' id='word_1_43' title='bbox 806 456 978 506; x_wconf 82' lang='lat' dir='ltr'>aliquem</span> <span class='ocrx_word' id='word_1_44' title='bbox 996 457 1086 495; x_wconf 86' lang='lat' dir='ltr'>huic</span> <span class='ocrx_word' id='word_1_45' title='bbox 1107 457 1310 507; x_wconf 82' lang='lat' dir='ltr'>cupiditati</span> <span class='ocrx_word' id='word_1_46' title='bbox 1334 458 1519 496; x_wconf 84' lang='lat' dir='ltr'>constitui</span> <span class='ocrx_word' id='word_1_47' title='bbox 1539 471 1557 502; x_wconf 90' lang='lat'><strong>5</strong></span> 
     </span>
     <span class='ocr_line' id='line_1_7' title="bbox 188 521 1518 570; baseline 0.001 -11"><span class='ocrx_word' id='word_1_48' title='bbox 188 528 367 570; x_wconf 76' lang='lat' dir='ltr'>oportere</span> <span class='ocrx_word' id='word_1_49' title='bbox 381 524 398 559; x_wconf 87' lang='lat'>?</span> <span class='ocrx_word' id='word_1_50' title='bbox 454 521 593 570; x_wconf 82' lang='lat' dir='ltr'>Quid?</span> <span class='ocrx_word' id='word_1_51' title='bbox 623 521 653 559; x_wconf 89' lang='lat' dir='ltr'>si</span> <span class='ocrx_word' id='word_1_52' title='bbox 674 522 752 560; x_wconf 90' lang='lat' dir='ltr'>hoc</span> <span class='ocrx_word' id='word_1_53' title='bbox 770 522 972 560; x_wconf 87' lang='lat' dir='ltr'>voluntate</span> <span class='ocrx_word' id='word_1_54' title='bbox 994 535 1063 560; x_wconf 87' lang='lat' dir='ltr'>sua</span> <span class='ocrx_word' id='word_1_55' title='bbox 1084 523 1190 560; x_wconf 88' lang='lat' dir='ltr'>nulla</span> <span class='ocrx_word' id='word_1_56' title='bbox 1210 522 1345 560; x_wconf 87' lang='lat' dir='ltr'>civitas</span> <span class='ocrx_word' id='word_1_57' title='bbox 1367 522 1468 570; x_wconf 89' lang='lat' dir='ltr'>fecit,</span> <span class='ocrx_word' id='word_1_58' title='bbox 1488 523 1518 560; x_wconf 92' lang='lat' dir='ltr'>si</span> 
     </span>
     <span class='ocr_line' id='line_1_8' title="bbox 188 586 1517 637; baseline 0.002 -14"><span class='ocrx_word' id='word_1_59' title='bbox 188 598 326 624; x_wconf 85' lang='lat' dir='ltr'>omnes</span> <span class='ocrx_word' id='word_1_60' title='bbox 366 586 541 636; x_wconf 89' lang='lat' dir='ltr'>imperio,</span> <span class='ocrx_word' id='word_1_61' title='bbox 584 594 701 633; x_wconf 88' lang='lat' dir='ltr'>metu,</span> <span class='ocrx_word' id='word_1_62' title='bbox 743 586 791 633; x_wconf 88' lang='lat' dir='ltr'>vi,</span> <span class='ocrx_word' id='word_1_63' title='bbox 829 588 934 625; x_wconf 85' lang='lat' dir='ltr'>malo</span> <span class='ocrx_word' id='word_1_64' title='bbox 967 588 1164 625; x_wconf 80' lang='lat' dir='ltr'>adductae</span> <span class='ocrx_word' id='word_1_65' title='bbox 1198 587 1269 625; x_wconf 85' lang='lat' dir='ltr'>tibi</span> <span class='ocrx_word' id='word_1_66' title='bbox 1308 587 1517 637; x_wconf 89' lang='lat' dir='ltr'>pecuniam</span> 
     </span>
     <span class='ocr_line' id='line_1_9' title="bbox 187 651 1516 702; baseline 0 -13"><span class='ocrx_word' id='word_1_67' title='bbox 187 659 403 690; x_wconf 88' lang='lat' dir='ltr'>statuarum</span> <span class='ocrx_word' id='word_1_68' title='bbox 435 651 598 690; x_wconf 88' lang='lat' dir='ltr'>nomine</span> <span class='ocrx_word' id='word_1_69' title='bbox 630 653 893 699; x_wconf 90' lang='lat' dir='ltr'>contulerunt,</span> <span class='ocrx_word' id='word_1_70' title='bbox 926 665 995 702; x_wconf 88' lang='lat' dir='ltr'>per</span> <span class='ocrx_word' id='word_1_71' title='bbox 1024 653 1121 690; x_wconf 89' lang='lat' dir='ltr'>deos</span> <span class='ocrx_word' id='word_1_72' title='bbox 1149 651 1390 699; x_wconf 86' lang='lat' dir='ltr'>immortalis,</span> <span class='ocrx_word' id='word_1_73' title='bbox 1422 666 1516 690; x_wconf 87' lang='lat' dir='ltr'>num</span> 
     </span>
     <span class='ocr_line' id='line_1_10' title="bbox 186 716 1517 767; baseline 0 -13"><span class='ocrx_word' id='word_1_74' title='bbox 186 716 249 754; x_wconf 89' lang='lat' dir='ltr'>cui</span> <span class='ocrx_word' id='word_1_75' title='bbox 289 717 455 755; x_wconf 90' lang='lat' dir='ltr'>dubium</span> <span class='ocrx_word' id='word_1_76' title='bbox 495 731 580 756; x_wconf 88' lang='lat' dir='ltr'>esse</span> <span class='ocrx_word' id='word_1_77' title='bbox 615 717 757 767; x_wconf 88' lang='lat' dir='ltr'>poterit</span> <span class='ocrx_word' id='word_1_78' title='bbox 795 717 902 766; x_wconf 89' lang='lat' dir='ltr'>quin,</span> <span class='ocrx_word' id='word_1_79' title='bbox 939 716 1091 755; x_wconf 85' lang='lat' dir='ltr'>etiamsi</span> <span class='ocrx_word' id='word_1_80' title='bbox 1126 717 1301 755; x_wconf 83' lang='lat' dir='ltr'>statuerit</span> <span class='ocrx_word' id='word_1_81' title='bbox 1339 717 1517 767; x_wconf 89' lang='lat' dir='ltr'>accipere</span> 
     </span>
     <span class='ocr_line' id='line_1_11' title="bbox 185 781 1578 832; baseline -0.001 -13"><span class='ocrx_word' id='word_1_82' title='bbox 185 783 236 820; x_wconf 93' lang='lat' dir='ltr'>ad</span> <span class='ocrx_word' id='word_1_83' title='bbox 268 789 414 820; x_wconf 84' lang='lat' dir='ltr'>statuas</span> <span class='ocrx_word' id='word_1_84' title='bbox 452 781 578 829; x_wconf 88' lang='lat' dir='ltr'>licere,</span> <span class='ocrx_word' id='word_1_85' title='bbox 616 782 722 820; x_wconf 89' lang='lat' dir='ltr'>idern</span> <span class='ocrx_word' id='word_1_86' title='bbox 761 790 894 821; x_wconf 88' lang='lat' dir='ltr'>tamen</span> <span class='ocrx_word' id='word_1_87' title='bbox 933 789 1076 821; x_wconf 85' lang='lat' dir='ltr'>statuat</span> <span class='ocrx_word' id='word_1_88' title='bbox 1114 781 1262 832; x_wconf 87' lang='lat' dir='ltr'>eripere</span> <span class='ocrx_word' id='word_1_89' title='bbox 1300 790 1405 820; x_wconf 84' lang='lat' dir='ltr'>certe</span> <span class='ocrx_word' id='word_1_90' title='bbox 1436 796 1517 820; x_wconf 91' lang='lat' dir='ltr'>non</span> <span class='ocrx_word' id='word_1_91' title='bbox 1541 794 1578 817; x_wconf 87' lang='lat'>10</span> 
     </span>
     <span class='ocr_line' id='line_1_12' title="bbox 106 846 1515 897; baseline 0 -12"><span class='ocrx_word' id='word_1_92' title='bbox 106 854 166 896; x_wconf 86' lang='lat'>146</span> <span class='ocrx_word' id='word_1_93' title='bbox 185 847 331 885; x_wconf 87' lang='lat' dir='ltr'>licere?</span> <span class='ocrx_word' id='word_1_94' title='bbox 388 847 562 885; x_wconf 91' lang='lat' dir='ltr'>Primum</span> <span class='ocrx_word' id='word_1_95' title='bbox 594 847 709 897; x_wconf 90' lang='lat' dir='ltr'>igitur</span> <span class='ocrx_word' id='word_1_96' title='bbox 733 847 771 885; x_wconf 91' lang='lat' dir='ltr'>in</span> <span class='ocrx_word' id='word_1_97' title='bbox 794 848 896 885; x_wconf 90' lang='lat' dir='ltr'>hanc</span> <span class='ocrx_word' id='word_1_98' title='bbox 916 860 997 886; x_wconf 91' lang='lat' dir='ltr'>rem</span> <span class='ocrx_word' id='word_1_99' title='bbox 1029 854 1169 886; x_wconf 88' lang='lat' dir='ltr'>testem</span> <span class='ocrx_word' id='word_1_100' title='bbox 1192 854 1315 884; x_wconf 90' lang='lat' dir='ltr'>totam</span> <span class='ocrx_word' id='word_1_101' title='bbox 1344 846 1515 885; x_wconf 89' lang='lat' dir='ltr'>Siciliam</span> 
     </span>
     <span class='ocr_line' id='line_1_13' title="bbox 184 911 1517 962; baseline -0.001 -12"><span class='ocrx_word' id='word_1_102' title='bbox 184 911 327 959; x_wconf 86' lang='lat' dir='ltr'>citabo,</span> <span class='ocrx_word' id='word_1_103' title='bbox 365 926 466 962; x_wconf 86' lang='lat' dir='ltr'>quae</span> <span class='ocrx_word' id='word_1_104' title='bbox 505 911 601 949; x_wconf 92' lang='lat' dir='ltr'>mihi</span> <span class='ocrx_word' id='word_1_105' title='bbox 637 925 715 949; x_wconf 90' lang='lat' dir='ltr'>una</span> <span class='ocrx_word' id='word_1_106' title='bbox 749 925 846 950; x_wconf 92' lang='lat' dir='ltr'>voce</span> <span class='ocrx_word' id='word_1_107' title='bbox 886 918 1100 949; x_wconf 87' lang='lat' dir='ltr'>statuarum</span> <span class='ocrx_word' id='word_1_108' title='bbox 1133 911 1295 950; x_wconf 89' lang='lat' dir='ltr'>nomine</span> <span class='ocrx_word' id='word_1_109' title='bbox 1334 924 1517 962; x_wconf 85' lang='lat' dir='ltr'>magnam</span> 
     </span>
     <span class='ocr_line' id='line_1_14' title="bbox 184 977 1518 1027; baseline -0.001 -12"><span class='ocrx_word' id='word_1_110' title='bbox 184 977 394 1027; x_wconf 90' lang='lat' dir='ltr'>pecuniam</span> <span class='ocrx_word' id='word_1_111' title='bbox 430 991 499 1027; x_wconf 90' lang='lat' dir='ltr'>per</span> <span class='ocrx_word' id='word_1_112' title='bbox 528 977 606 1015; x_wconf 91' lang='lat' dir='ltr'>vim</span> <span class='ocrx_word' id='word_1_113' title='bbox 638 984 817 1015; x_wconf 87' lang='lat' dir='ltr'>coactam</span> <span class='ocrx_word' id='word_1_114' title='bbox 848 990 933 1015; x_wconf 86' lang='lat' dir='ltr'>esse</span> <span class='ocrx_word' id='word_1_115' title='bbox 963 978 1218 1015; x_wconf 84' lang='lat' dir='ltr'>demonstrat.</span> <span class='ocrx_word' id='word_1_116' title='bbox 1279 977 1383 1014; x_wconf 90' lang='lat' dir='ltr'>Nam</span> <span class='ocrx_word' id='word_1_117' title='bbox 1419 978 1518 1027; x_wconf 86' lang='lat' dir='ltr'>lega-</span> 
     </span>
     <span class='ocr_line' id='line_1_15' title="bbox 184 1041 1516 1092; baseline -0.001 -12"><span class='ocrx_word' id='word_1_118' title='bbox 184 1042 311 1081; x_wconf 87' lang='lat' dir='ltr'>tiones</span> <span class='ocrx_word' id='word_1_119' title='bbox 341 1042 520 1080; x_wconf 89' lang='lat' dir='ltr'>omnium</span> <span class='ocrx_word' id='word_1_120' title='bbox 550 1042 753 1080; x_wconf 90' lang='lat' dir='ltr'>civitatum</span> <span class='ocrx_word' id='word_1_121' title='bbox 784 1041 823 1079; x_wconf 93' lang='lat' dir='ltr'>in</span> <span class='ocrx_word' id='word_1_122' title='bbox 855 1041 1061 1092; x_wconf 85' lang='lat' dir='ltr'>postulatis</span> <span class='ocrx_word' id='word_1_123' title='bbox 1091 1041 1382 1088; x_wconf 88' lang='lat' dir='ltr'>communibus,</span> <span class='ocrx_word' id='word_1_124' title='bbox 1415 1055 1516 1091; x_wconf 86' lang='lat' dir='ltr'>quae</span> 
     </span>
     <span class='ocr_line' id='line_1_16' title="bbox 183 1106 1575 1154; baseline 0 -10"><span class='ocrx_word' id='word_1_125' title='bbox 183 1108 262 1146; x_wconf 90' lang='lat' dir='ltr'>fere</span> <span class='ocrx_word' id='word_1_126' title='bbox 292 1107 427 1146; x_wconf 89' lang='lat' dir='ltr'>omnia</span> <span class='ocrx_word' id='word_1_127' title='bbox 447 1121 493 1145; x_wconf 84' lang='lat' dir='ltr'>ex</span> <span class='ocrx_word' id='word_1_128' title='bbox 523 1107 599 1145; x_wconf 89' lang='lat' dir='ltr'>tuis</span> <span class='ocrx_word' id='word_1_129' title='bbox 625 1106 773 1145; x_wconf 86' lang='lat' dir='ltr'>iniuriis</span> <span class='ocrx_word' id='word_1_130' title='bbox 802 1114 894 1145; x_wconf 87' lang='lat' dir='ltr'>nata</span> <span class='ocrx_word' id='word_1_131' title='bbox 922 1114 1024 1153; x_wconf 85' lang='lat' dir='ltr'>sunt,</span> <span class='ocrx_word' id='word_1_132' title='bbox 1048 1106 1165 1145; x_wconf 89' lang='lat' dir='ltr'>etiam</span> <span class='ocrx_word' id='word_1_133' title='bbox 1193 1108 1270 1145; x_wconf 84' lang='lat' dir='ltr'>hoc</span> <span class='ocrx_word' id='word_1_134' title='bbox 1294 1106 1514 1154; x_wconf 90' lang='lat' dir='ltr'>ediderunt,</span> <span class='ocrx_word' id='word_1_135' title='bbox 1538 1120 1575 1153; x_wconf 80' lang='lat'>15</span> 
     </span>
     <span class='ocr_line' id='line_1_17' title="bbox 184 1173 1514 1219; baseline 0.001 -11"><span class='ocrx_word' id='word_1_136' title='bbox 184 1173 247 1209; x_wconf 85' lang='lat' dir='ltr'>VT</span> <span class='ocrx_word' id='word_1_137' title='bbox 268 1184 444 1210; x_wconf 78' lang='lat' dir='ltr'>STATVAS</span> <span class='ocrx_word' id='word_1_138' title='bbox 465 1184 521 1210; x_wconf 81' lang='lat' dir='ltr'>NE</span> <span class='ocrx_word' id='word_1_139' title='bbox 542 1184 621 1219; x_wconf 87' lang='lat' dir='ltr'>CVI,</span> <span class='ocrx_word' id='word_1_140' title='bbox 641 1184 723 1209; x_wconf 78' lang='lat' dir='ltr'>NISI</span> <span class='ocrx_word' id='word_1_141' title='bbox 745 1183 831 1209; x_wconf 86' lang='lat' dir='ltr'>CVM</span> <span class='ocrx_word' id='word_1_142' title='bbox 855 1184 889 1209; x_wconf 85' lang='lat' dir='ltr'>ls</span> <span class='ocrx_word' id='word_1_143' title='bbox 910 1183 966 1209; x_wconf 82' lang='lat' dir='ltr'>DE</span> <span class='ocrx_word' id='word_1_144' title='bbox 988 1182 1215 1209; x_wconf 82' lang='lat' dir='ltr'><strong>PROVINCIA</strong></span> <span class='ocrx_word' id='word_1_145' title='bbox 1236 1183 1514 1219; x_wconf 77' lang='lat' dir='ltr'>DECEsslsSET,</span> 
     </span>
     <span class='ocr_line' id='line_1_18' title="bbox 100 1235 1516 1287; baseline 0.002 -15"><span class='ocrx_word' id='word_1_146' title='bbox 100 1235 160 1273; x_wconf 92' lang='lat'>60</span> <span class='ocrx_word' id='word_1_147' title='bbox 186 1249 542 1276; x_wconf 76' lang='lat' dir='ltr'>POLLICERENTVR.</span> <span class='ocrx_word' id='word_1_148' title='bbox 604 1239 683 1276; x_wconf 91' lang='lat' dir='ltr'>Tot</span> <span class='ocrx_word' id='word_1_149' title='bbox 713 1244 912 1287; x_wconf 86' lang='lat' dir='ltr'>praetores</span> <span class='ocrx_word' id='word_1_150' title='bbox 942 1236 982 1275; x_wconf 91' lang='lat' dir='ltr'>in</span> <span class='ocrx_word' id='word_1_151' title='bbox 1014 1236 1145 1275; x_wconf 88' lang='lat' dir='ltr'>Sicilia</span> <span class='ocrx_word' id='word_1_152' title='bbox 1174 1237 1341 1283; x_wconf 89' lang='lat' dir='ltr'>fuerunt,</span> <span class='ocrx_word' id='word_1_153' title='bbox 1372 1236 1516 1275; x_wconf 88' lang='lat' dir='ltr'>totiens</span> 
     </span>
     <span class='ocr_line' id='line_1_19' title="bbox 182 1300 1515 1352; baseline -0.001 -13"><span class='ocrx_word' id='word_1_154' title='bbox 182 1304 288 1352; x_wconf 90' lang='lat' dir='ltr'>apud</span> <span class='ocrx_word' id='word_1_155' title='bbox 317 1302 484 1341; x_wconf 87' lang='lat' dir='ltr'>maiores</span> <span class='ocrx_word' id='word_1_156' title='bbox 514 1310 668 1340; x_wconf 88' lang='lat' dir='ltr'>nostros</span> <span class='ocrx_word' id='word_1_157' title='bbox 699 1302 819 1340; x_wconf 91' lang='lat' dir='ltr'>Siculi</span> <span class='ocrx_word' id='word_1_158' title='bbox 847 1309 1027 1340; x_wconf 85' lang='lat' dir='ltr'>senatum</span> <span class='ocrx_word' id='word_1_159' title='bbox 1055 1301 1247 1348; x_wconf 88' lang='lat' dir='ltr'>adierunt,</span> <span class='ocrx_word' id='word_1_160' title='bbox 1271 1300 1415 1339; x_wconf 85' lang='lat' dir='ltr'>totiens</span> <span class='ocrx_word' id='word_1_161' title='bbox 1442 1302 1515 1339; x_wconf 89' lang='lat' dir='ltr'>hac</span> 
     </span>
     <span class='ocr_line' id='line_1_20' title="bbox 184 1365 1515 1417; baseline -0.002 -12"><span class='ocrx_word' id='word_1_162' title='bbox 184 1367 396 1407; x_wconf 86' lang='lat' dir='ltr'>memoria:</span> <span class='ocrx_word' id='word_1_163' title='bbox 427 1376 559 1406; x_wconf 90' lang='lat' dir='ltr'>tamen</span> <span class='ocrx_word' id='word_1_164' title='bbox 582 1367 746 1406; x_wconf 87' lang='lat' dir='ltr'>huiusce</span> <span class='ocrx_word' id='word_1_165' title='bbox 767 1367 858 1405; x_wconf 89' lang='lat' dir='ltr'>novi</span> <span class='ocrx_word' id='word_1_166' title='bbox 887 1366 1072 1417; x_wconf 87' lang='lat' dir='ltr'>postulati</span> <span class='ocrx_word' id='word_1_167' title='bbox 1093 1380 1217 1416; x_wconf 83' lang='lat' dir='ltr'>genus</span> <span class='ocrx_word' id='word_1_168' title='bbox 1238 1374 1357 1416; x_wconf 86' lang='lat' dir='ltr'>atque</span> <span class='ocrx_word' id='word_1_169' title='bbox 1378 1365 1515 1416; x_wconf 89' lang='lat' dir='ltr'>princi-</span> 
     </span>
     <span class='ocr_line' id='line_1_21' title="bbox 102 1432 1576 1483; baseline -0.002 -11"><span class='ocrx_word' id='word_1_170' title='bbox 102 1440 162 1476; x_wconf 71' lang='lat'>147</span> <span class='ocrx_word' id='word_1_171' title='bbox 183 1433 291 1483; x_wconf 90' lang='lat' dir='ltr'>pium</span> <span class='ocrx_word' id='word_1_172' title='bbox 328 1441 395 1472; x_wconf 89' lang='lat' dir='ltr'>tua</span> <span class='ocrx_word' id='word_1_173' title='bbox 428 1441 608 1483; x_wconf 85' lang='lat' dir='ltr'>praetura</span> <span class='ocrx_word' id='word_1_174' title='bbox 641 1433 780 1471; x_wconf 88' lang='lat' dir='ltr'>attulit.</span> <span class='ocrx_word' id='word_1_175' title='bbox 843 1433 951 1481; x_wconf 82' lang='lat' dir='ltr'>Quid</span> <span class='ocrx_word' id='word_1_176' title='bbox 986 1432 1091 1471; x_wconf 89' lang='lat' dir='ltr'>enim</span> <span class='ocrx_word' id='word_1_177' title='bbox 1127 1439 1206 1470; x_wconf 90' lang='lat' dir='ltr'>tam</span> <span class='ocrx_word' id='word_1_178' title='bbox 1247 1445 1394 1470; x_wconf 83' lang='lat' dir='ltr'>novum</span> <span class='ocrx_word' id='word_1_179' title='bbox 1434 1445 1513 1469; x_wconf 92' lang='lat' dir='ltr'>non</span> <span class='ocrx_word' id='word_1_180' title='bbox 1537 1447 1576 1469; x_wconf 90' lang='lat'>20</span> 
     </span>
     <span class='ocr_line' id='line_1_22' title="bbox 182 1497 1515 1548; baseline -0.002 -12"><span class='ocrx_word' id='word_1_181' title='bbox 182 1500 310 1536; x_wconf 89' lang='lat' dir='ltr'>solum</span> <span class='ocrx_word' id='word_1_182' title='bbox 346 1512 396 1545; x_wconf 84' lang='lat' dir='ltr'>re,</span> <span class='ocrx_word' id='word_1_183' title='bbox 433 1499 503 1536; x_wconf 86' lang='lat' dir='ltr'>scd</span> <span class='ocrx_word' id='word_1_184' title='bbox 537 1512 680 1548; x_wconf 84' lang='lat' dir='ltr'>genere</span> <span class='ocrx_word' id='word_1_185' title='bbox 712 1498 798 1548; x_wconf 79' lang='lat' dir='ltr'>ipso</span> <span class='ocrx_word' id='word_1_186' title='bbox 831 1497 1088 1547; x_wconf 84' lang='lat' dir='ltr'>postulandi?</span> <span class='ocrx_word' id='word_1_187' title='bbox 1126 1510 1218 1534; x_wconf 90' lang='lat' dir='ltr'>nam</span> <span class='ocrx_word' id='word_1_188' title='bbox 1251 1504 1379 1535; x_wconf 84' lang='lat' dir='ltr'>cetera</span> <span class='ocrx_word' id='word_1_189' title='bbox 1414 1510 1515 1546; x_wconf 87' lang='lat' dir='ltr'>quac</span> 
     </span>
     <span class='ocr_line' id='line_1_23' title="bbox 182 1562 1514 1614; baseline -0.002 -12"><span class='ocrx_word' id='word_1_190' title='bbox 182 1571 273 1602; x_wconf 81' lang='lat' dir='ltr'>sunt</span> <span class='ocrx_word' id='word_1_191' title='bbox 311 1564 350 1601; x_wconf 94' lang='lat' dir='ltr'>in</span> <span class='ocrx_word' id='word_1_192' title='bbox 390 1564 516 1602; x_wconf 86' lang='lat' dir='ltr'>isdem</span> <span class='ocrx_word' id='word_1_193' title='bbox 556 1563 761 1614; x_wconf 84' lang='lat' dir='ltr'>postulatis</span> <span class='ocrx_word' id='word_1_194' title='bbox 793 1564 843 1601; x_wconf 90' lang='lat' dir='ltr'>de</span> <span class='ocrx_word' id='word_1_195' title='bbox 882 1562 1031 1600; x_wconf 85' lang='lat' dir='ltr'>iniuriis</span> <span class='ocrx_word' id='word_1_196' title='bbox 1063 1562 1139 1600; x_wconf 86' lang='lat' dir='ltr'>tuis</span> <span class='ocrx_word' id='word_1_197' title='bbox 1172 1570 1262 1600; x_wconf 86' lang='lat' dir='ltr'>sunt</span> <span class='ocrx_word' id='word_1_198' title='bbox 1295 1575 1410 1607; x_wconf 75' lang='lat' dir='ltr'>nova,</span> <span class='ocrx_word' id='word_1_199' title='bbox 1445 1563 1514 1600; x_wconf 85' lang='lat' dir='ltr'>sed</span> 
     </span>
     <span class='ocr_line' id='line_1_24' title="bbox 182 1626 1514 1679; baseline -0.002 -12"><span class='ocrx_word' id='word_1_200' title='bbox 182 1636 314 1668; x_wconf 85' lang='lat' dir='ltr'>tamen</span> <span class='ocrx_word' id='word_1_201' title='bbox 335 1643 415 1668; x_wconf 92' lang='lat' dir='ltr'>non</span> <span class='ocrx_word' id='word_1_202' title='bbox 437 1643 542 1667; x_wconf 92' lang='lat' dir='ltr'>novo</span> <span class='ocrx_word' id='word_1_203' title='bbox 564 1630 684 1668; x_wconf 90' lang='lat' dir='ltr'>modo</span> <span class='ocrx_word' id='word_1_204' title='bbox 706 1631 962 1679; x_wconf 77' lang='lat' dir='ltr'>postulantur.</span> <span class='ocrx_word' id='word_1_205' title='bbox 1024 1630 1182 1677; x_wconf 82' lang='lat' dir='ltr'>Rogant</span> <span class='ocrx_word' id='word_1_206' title='bbox 1203 1635 1241 1666; x_wconf 88' lang='lat' dir='ltr'>et</span> <span class='ocrx_word' id='word_1_207' title='bbox 1262 1635 1373 1665; x_wconf 88' lang='lat' dir='ltr'>orant</span> <span class='ocrx_word' id='word_1_208' title='bbox 1395 1626 1514 1665; x_wconf 89' lang='lat' dir='ltr'>Siculi</span> 
     </span>
     <span class='ocr_line' id='line_1_25' title="bbox 182 1693 1514 1744; baseline -0.001 -13"><span class='ocrx_word' id='word_1_209' title='bbox 182 1702 309 1743; x_wconf 85' lang='lat' dir='ltr'>patres</span> <span class='ocrx_word' id='word_1_210' title='bbox 341 1694 585 1744; x_wconf 82' lang='lat' dir='ltr'>conscriptos</span> <span class='ocrx_word' id='word_1_211' title='bbox 616 1702 657 1732; x_wconf 87' lang='lat' dir='ltr'>ut</span> <span class='ocrx_word' id='word_1_212' title='bbox 693 1693 814 1731; x_wconf 84' lang='lat' dir='ltr'>nostri</span> <span class='ocrx_word' id='word_1_213' title='bbox 850 1693 1096 1743; x_wconf 80' lang='lat' dir='ltr'>magistratus</span> <span class='ocrx_word' id='word_1_214' title='bbox 1130 1694 1296 1743; x_wconf 83' lang='lat' dir='ltr'>posthac</span> <span class='ocrx_word' id='word_1_215' title='bbox 1326 1693 1514 1731; x_wconf 86' lang='lat' dir='ltr'>decumas</span> 
     </span>
     <span class='ocr_line' id='line_1_26' title="bbox 181 1757 1573 1809; baseline -0.001 -13"><span class='ocrx_word' id='word_1_216' title='bbox 181 1761 266 1809; x_wconf 86' lang='lat' dir='ltr'>lege</span> <span class='ocrx_word' id='word_1_217' title='bbox 306 1759 523 1798; x_wconf 86' lang='lat' dir='ltr'>Hieronica</span> <span class='ocrx_word' id='word_1_218' title='bbox 562 1760 745 1797; x_wconf 84' lang='lat' dir='ltr'>vendant.</span> <span class='ocrx_word' id='word_1_219' title='bbox 805 1760 867 1797; x_wconf 89' lang='lat' dir='ltr'>Tu</span> <span class='ocrx_word' id='word_1_220' title='bbox 907 1758 1055 1809; x_wconf 89' lang='lat' dir='ltr'>primus</span> <span class='ocrx_word' id='word_1_221' title='bbox 1095 1766 1232 1796; x_wconf 89' lang='lat' dir='ltr'>contra</span> <span class='ocrx_word' id='word_1_222' title='bbox 1266 1757 1509 1796; x_wconf 86' lang='lat' dir='ltr'>vendideras.</span> <span class='ocrx_word' id='word_1_223' title='bbox 1535 1770 1573 1802; x_wconf 85' lang='lat'>25</span> 
     </span>
     <span class='ocr_line' id='line_1_27' title="bbox 183 1822 1514 1874; baseline -0.001 -11"><span class='ocrx_word' id='word_1_224' title='bbox 183 1824 325 1863; x_wconf 83' lang='lat' dir='ltr'>Audio.</span> <span class='ocrx_word' id='word_1_225' title='bbox 387 1827 449 1863; x_wconf 94' lang='lat' dir='ltr'>Ne</span> <span class='ocrx_word' id='word_1_226' title='bbox 483 1825 522 1862; x_wconf 93' lang='lat' dir='ltr'>in</span> <span class='ocrx_word' id='word_1_227' title='bbox 562 1826 701 1863; x_wconf 88' lang='lat' dir='ltr'>cellam</span> <span class='ocrx_word' id='word_1_228' title='bbox 741 1825 850 1874; x_wconf 81' lang='lat' dir='ltr'>quod</span> <span class='ocrx_word' id='word_1_229' title='bbox 889 1824 1102 1874; x_wconf 85' lang='lat' dir='ltr'>imperatur</span> <span class='ocrx_word' id='word_1_230' title='bbox 1139 1822 1358 1862; x_wconf 87' lang='lat' dir='ltr'>aestiment.</span> <span class='ocrx_word' id='word_1_231' title='bbox 1421 1825 1514 1862; x_wconf 90' lang='lat' dir='ltr'>Hoc</span> 
     </span>
     <span class='ocr_line' id='line_1_28' title="bbox 182 1888 1514 1940; baseline -0.001 -14"><span class='ocrx_word' id='word_1_232' title='bbox 182 1903 341 1940; x_wconf 76' lang='lat' dir='ltr'>quoque</span> <span class='ocrx_word' id='word_1_233' title='bbox 369 1897 527 1940; x_wconf 86' lang='lat' dir='ltr'>propter</span> <span class='ocrx_word' id='word_1_234' title='bbox 557 1897 644 1928; x_wconf 82' lang='lat' dir='ltr'>tuos</span> <span class='ocrx_word' id='word_1_235' title='bbox 675 1898 806 1928; x_wconf 82' lang='lat' dir='ltr'>ternos</span> <span class='ocrx_word' id='word_1_236' title='bbox 837 1889 1019 1928; x_wconf 83' lang='lat' dir='ltr'>denarios</span> <span class='ocrx_word' id='word_1_237' title='bbox 1049 1902 1155 1927; x_wconf 91' lang='lat' dir='ltr'>nunc</span> <span class='ocrx_word' id='word_1_238' title='bbox 1185 1888 1354 1938; x_wconf 90' lang='lat' dir='ltr'>primum</span> <span class='ocrx_word' id='word_1_239' title='bbox 1383 1895 1514 1938; x_wconf 89' lang='lat' dir='ltr'>postu-</span> 
     </span>
     <span class='ocr_line' id='line_1_29' title="bbox 183 1954 1513 2005; baseline -0.002 -12"><span class='ocrx_word' id='word_1_240' title='bbox 183 1956 291 2002; x_wconf 90' lang='lat' dir='ltr'>latur,</span> <span class='ocrx_word' id='word_1_241' title='bbox 329 1957 399 1994; x_wconf 80' lang='lat' dir='ltr'>sed</span> <span class='ocrx_word' id='word_1_242' title='bbox 438 1969 561 2005; x_wconf 87' lang='lat' dir='ltr'>genus</span> <span class='ocrx_word' id='word_1_243' title='bbox 596 1955 723 2005; x_wconf 84' lang='lat' dir='ltr'>ipsum</span> <span class='ocrx_word' id='word_1_244' title='bbox 765 1954 991 2005; x_wconf 84' lang='lat' dir='ltr'>postulandi</span> <span class='ocrx_word' id='word_1_245' title='bbox 1026 1968 1107 1992; x_wconf 90' lang='lat' dir='ltr'>non</span> <span class='ocrx_word' id='word_1_246' title='bbox 1142 1962 1200 1993; x_wconf 86' lang='lat' dir='ltr'>est</span> <span class='ocrx_word' id='word_1_247' title='bbox 1233 1966 1391 1991; x_wconf 86' lang='lat' dir='ltr'>novum.</span> <span class='ocrx_word' id='word_1_248' title='bbox 1451 1954 1513 1991; x_wconf 94' lang='lat' dir='ltr'>Ne</span> 
     </span>
     <span class='ocr_line' id='line_1_30' title="bbox 181 2018 1513 2069; baseline -0.001 -13"><span class='ocrx_word' id='word_1_249' title='bbox 181 2020 354 2057; x_wconf 81' lang='lat' dir='ltr'>absentis</span> <span class='ocrx_word' id='word_1_250' title='bbox 388 2034 533 2058; x_wconf 90' lang='lat' dir='ltr'>nomen</span> <span class='ocrx_word' id='word_1_251' title='bbox 574 2020 790 2069; x_wconf 87' lang='lat' dir='ltr'>recipiatur.</span> <span class='ocrx_word' id='word_1_252' title='bbox 853 2022 911 2057; x_wconf 82' lang='lat' dir='ltr'>Ex</span> <span class='ocrx_word' id='word_1_253' title='bbox 950 2019 1087 2057; x_wconf 86' lang='lat' dir='ltr'>Stheni</span> <span class='ocrx_word' id='word_1_254' title='bbox 1123 2018 1343 2057; x_wconf 86' lang='lat' dir='ltr'>calamitate</span> <span class='ocrx_word' id='word_1_255' title='bbox 1374 2025 1412 2056; x_wconf 90' lang='lat' dir='ltr'>et</span> <span class='ocrx_word' id='word_1_256' title='bbox 1447 2025 1513 2055; x_wconf 88' lang='lat' dir='ltr'>tua</span> 
     </span>
     <span class='ocr_line' id='line_1_31' title="bbox 184 2082 1573 2133; baseline -0.001 -12"><span class='ocrx_word' id='word_1_257' title='bbox 184 2091 317 2122; x_wconf 89' lang='lat' dir='ltr'>natum</span> <span class='ocrx_word' id='word_1_258' title='bbox 358 2093 415 2122; x_wconf 69' lang='lat' dir='ltr'>est</span> <span class='ocrx_word' id='word_1_259' title='bbox 454 2084 603 2122; x_wconf 88' lang='lat' dir='ltr'>iniuria.</span> <span class='ocrx_word' id='word_1_260' title='bbox 675 2086 816 2123; x_wconf 80' lang='lat' dir='ltr'>Cetera</span> <span class='ocrx_word' id='word_1_261' title='bbox 854 2098 935 2122; x_wconf 91' lang='lat' dir='ltr'>non</span> <span class='ocrx_word' id='word_1_262' title='bbox 975 2084 1167 2133; x_wconf 77' lang='lat' dir='ltr'>colligam.</span> <span class='ocrx_word' id='word_1_263' title='bbox 1237 2084 1336 2121; x_wconf 88' lang='lat' dir='ltr'>Sunt</span> <span class='ocrx_word' id='word_1_264' title='bbox 1378 2082 1512 2120; x_wconf 83' lang='lat' dir='ltr'>onmia</span> <span class='ocrx_word' id='word_1_265' title='bbox 1532 2096 1573 2126; x_wconf 81' lang='lat'>30</span> 
     </span>
     <span class='ocr_line' id='line_1_32' title="bbox 184 2147 1509 2200; baseline -0.001 -14"><span class='ocrx_word' id='word_1_266' title='bbox 184 2149 403 2187; x_wconf 76' lang='lat' dir='ltr'>Siculorum</span> <span class='ocrx_word' id='word_1_267' title='bbox 432 2151 627 2200; x_wconf 80' lang='lat' dir='ltr'>postulata</span> <span class='ocrx_word' id='word_1_268' title='bbox 652 2149 734 2188; x_wconf 86' lang='lat' dir='ltr'>eius</span> <span class='ocrx_word' id='word_1_269' title='bbox 761 2149 867 2188; x_wconf 92' lang='lat' dir='ltr'>modi</span> <span class='ocrx_word' id='word_1_270' title='bbox 890 2157 931 2187; x_wconf 87' lang='lat' dir='ltr'>ut</span> <span class='ocrx_word' id='word_1_271' title='bbox 953 2149 1115 2187; x_wconf 83' lang='lat' dir='ltr'>crimina</span> <span class='ocrx_word' id='word_1_272' title='bbox 1139 2150 1305 2187; x_wconf 87' lang='lat' dir='ltr'>collecta</span> <span class='ocrx_word' id='word_1_273' title='bbox 1326 2147 1364 2185; x_wconf 92' lang='lat' dir='ltr'>in</span> <span class='ocrx_word' id='word_1_274' title='bbox 1388 2161 1509 2186; x_wconf 88' lang='lat' dir='ltr'>unum</span> 
     </span>
    </p>
   </div>
   <div class='ocr_carea' id='block_1_3' title="bbox 188 2251 1513 2337">
    <p class='ocr_par' dir='ltr' id='par_1_3' title="bbox 188 2251 1513 2337">
     <span class='ocr_line' id='line_1_33' title="bbox 228 2251 1513 2293; baseline -0.004 -8"><span class='ocrx_word' id='word_1_275' title='bbox 228 2267 243 2293; x_wconf 82' lang='lat'><strong>4</strong></span> <span class='ocrx_word' id='word_1_276' title='bbox 273 2266 386 2285; x_wconf 87' lang='lat' dir='ltr'>nonne</span> <span class='ocrx_word' id='word_1_277' title='bbox 406 2254 436 2284; x_wconf 87' lang='lat' dir='ltr'><em>O</em></span> <span class='ocrx_word' id='word_1_278' title='bbox 454 2267 460 2285; x_wconf 76' lang='lat' dir='ltr'><em>z</em></span> <span class='ocrx_word' id='word_1_279' title='bbox 486 2266 553 2285; x_wconf 91' lang='lat' dir='ltr'>non</span> <span class='ocrx_word' id='word_1_280' title='bbox 574 2254 636 2285; x_wconf 82' lang='lat' dir='ltr'>rell.</span> <span class='ocrx_word' id='word_1_281' title='bbox 775 2264 794 2292; x_wconf 88' lang='lat'><strong>5</strong></span> <span class='ocrx_word' id='word_1_282' title='bbox 820 2259 854 2284; x_wconf 83' lang='lat' dir='ltr'>ut</span> <span class='ocrx_word' id='word_1_283' title='bbox 873 2253 995 2293; x_wconf 82' lang='lat' dir='ltr'>putetis</span> <span class='ocrx_word' id='word_1_284' title='bbox 1013 2264 1078 2283; x_wconf 81' lang='lat' dir='ltr'>om.</span> <span class='ocrx_word' id='word_1_285' title='bbox 1101 2252 1130 2282; x_wconf 86' lang='grc' dir='ltr'>Ο</span> <span class='ocrx_word' id='word_1_286' title='bbox 1275 2261 1291 2290; x_wconf 93' lang='lat'>7</span> <span class='ocrx_word' id='word_1_287' title='bbox 1319 2251 1374 2281; x_wconf 86' lang='lat' dir='ltr'>tibi</span> <span class='ocrx_word' id='word_1_288' title='bbox 1393 2262 1459 2281; x_wconf 80' lang='lat' dir='ltr'>om.</span> <span class='ocrx_word' id='word_1_289' title='bbox 1482 2251 1513 2281; x_wconf 87' lang='lat' dir='ltr'><em>O</em></span> 
     </span>
     <span class='ocr_line' id='line_1_34' title="bbox 188 2294 1511 2337; baseline -0.005 -8"><span class='ocrx_word' id='word_1_290' title='bbox 188 2309 224 2329; x_wconf 83' lang='lat'>12</span> <span class='ocrx_word' id='word_1_291' title='bbox 251 2309 404 2337; x_wconf 80' lang='lat' dir='ltr'>magnam</span> <span class='ocrx_word' id='word_1_292' title='bbox 424 2309 488 2329; x_wconf 85' lang='lat' dir='ltr'>om.</span> <span class='ocrx_word' id='word_1_293' title='bbox 512 2298 542 2328; x_wconf 87' lang='lat' dir='ltr'><em>O</em></span> <span class='ocrx_word' id='word_1_294' title='bbox 716 2308 752 2336; x_wconf 77' lang='lat'>13</span> <span class='ocrx_word' id='word_1_295' title='bbox 777 2299 989 2328; x_wconf 82' lang='lat' dir='ltr'>demonstret</span> <span class='ocrx_word' id='word_1_296' title='bbox 1009 2296 1038 2326; x_wconf 89' lang='lat' dir='ltr'><em>O</em></span> <span class='ocrx_word' id='word_1_297' title='bbox 1231 2304 1271 2333; x_wconf 84' lang='lat'>23</span> <span class='ocrx_word' id='word_1_298' title='bbox 1298 2305 1364 2325; x_wconf 86' lang='lat' dir='ltr'>non</span> <span class='ocrx_word' id='word_1_299' title='bbox 1383 2306 1448 2325; x_wconf 84' lang='lat' dir='ltr'>om.</span> <span class='ocrx_word' id='word_1_300' title='bbox 1471 2294 1511 2323; x_wconf 75' lang='lat' dir='ltr'>vrb</span> 
     </span>
    </p>
   </div>
   <div class='ocr_carea' id='block_1_4' title="bbox 185 2342 404 2373">
    <p class='ocr_par' dir='ltr' id='par_1_4' title="bbox 185 2342 404 2373">
     <span class='ocr_line' id='line_1_35' title="bbox 185 2342 404 2373; baseline -0.005 -1"><span class='ocrx_word' id='word_1_301' title='bbox 185 2353 270 2372; x_wconf 85' lang='lat' dir='ltr'>novo</span> <span class='ocrx_word' id='word_1_302' title='bbox 288 2353 351 2373; x_wconf 83' lang='lat' dir='ltr'>om.</span> <span class='ocrx_word' id='word_1_303' title='bbox 374 2342 404 2371; x_wconf 90' lang='lat' dir='ltr'>O</span> 
     </span>
    </p>
   </div>
  </div>
 </body>
</html>
