1715 2734
142 93 409 131 ACTIONIS
431 93 490 129 IN
514 92 557 130 C.
581 93 822 129 VERREM
845 92 1143 130 SECVNDAE
1166 93 1267 129 LIB.
1293 92 1358 129 III
1415 99 1466 139 74
1491 102 1547 136 172

140 210 183 241 ut
203 202 352 253 opinor,
375 201 573 252 intellegit,
597 216 644 240 ex
664 202 794 240 Sicilia
815 202 990 241 Siculum
1012 204 1249 240 frumentum
1270 201 1466 252 apportari

140 275 342 316 oportere:
373 275 414 305 tu
435 281 525 305 cum
547 266 747 305 civitatum
771 267 925 305 Siciliae
945 269 1061 316 vulgo
1082 280 1201 305 omne
1226 268 1465 305 frumentum

139 331 348 382 improbas,
372 346 465 370 num
498 345 544 370 ex
573 334 755 382 Aegypto
787 340 853 369 aut
881 331 989 381 Syria
1023 333 1261 369 frumentum
1294 333 1465 370 Romam

139 396 325 435 missurus
340 410 380 434 es
397 399 413 434 ?
466 397 673 446 Improbas
690 396 962 443 Halaesinum,
982 396 1295 442 Thermitanum,
1315 397 1465 446 Cepha-

100 477 117 508 5
137 460 390 507 loeditanum,
450 461 772 507 Amestratinum,
836 460 1158 510 Tyndaritanum‚
1211 460 1463 506 Herbitense‚

136 527 345 564 multarum
376 533 575 575 praeterea
613 525 839 563 civitatum!
898 525 1006 574 Quid
1045 525 1188 563 accidit
1227 526 1386 563 tandem
1424 533 1464 562 ut

3 591 8 622 l
135 591 274 628 horum
314 592 549 640 populorum
589 590 668 640 agri
699 592 938 628 frumentum
968 589 1051 628 eius
1082 589 1190 628 modi
1220 596 1257 627 te
1287 597 1464 639 praetore

134 656 455 704 ferrent‚-quod
495 669 712 704 numquam
762 662 989 702 antea‚——-ut
1037 668 1167 704 neque
1216 653 1285 692 tibi
1334 668 1463 704 neque

134 721 282 769 populo
317 721 502 756 Romano
538 727 669 768 posset
704 719 870 769 probari,
894 719 1120 769 praesertim
1150 732 1240 757 cum
1265 732 1312 757 ex
1336 718 1461 757 isdem

77 797 114 818 10
133 782 232 833 agris
262 783 439 822 eiusdem
468 783 561 821 anni
592 785 831 821 frumentum
862 798 908 822 ex
937 783 1115 822 decumis
1150 785 1321 821 Romam
1356 797 1461 821 man-

133 847 240 897 cipes
267 848 546 886 advexissent?
605 848 713 897 Quid
747 848 943 886 acciderat
978 856 1019 886 ut
1053 862 1098 886 ex
1137 849 1280 886 eodem
1322 849 1460 886 horreo

131 913 397 950 decumanum
419 913 662 962 probaretur,
676 920 853 963 emptum
876 912 1190 962 improbaretur?
1230 912 1460 951 Dubiumne

130 985 188 1015 est
219 977 315 1026 quin
347 977 420 1015 ista
454 977 583 1015 omnis
618 977 854 1027 improbatio
889 979 1091 1027 cogendae
1125 977 1315 1028 pecuniae
1342 991 1460 1016 causa

129 1049 221 1080 nata
241 1041 288 1080 sit
305 1044 320 1080 Ρ
370 1044 477 1088 Esto,
501 1042 699 1091 improbas
722 1042 994 1089 Halaesinum,
1012 1043 1132 1080 habes
1152 1043 1203 1080 ab
1219 1042 1296 1080 alio
1310 1045 1458 1092 populo
1484 1056 1542 1090 173

73 1123 109 1155 15
128 1107 238 1156 quod
258 1107 425 1156 probes:
454 1119 543 1144 eme
563 1106 659 1144 illud
681 1108 788 1156 quod
810 1108 948 1156 placet,
965 1107 1104 1144 missos
1127 1108 1185 1144 fac
1206 1120 1273 1144 eos
1290 1120 1456 1156 quorum

128 1173 368 1210 frumentum
388 1171 629 1221 improbasti.
689 1173 766 1210 Sed
783 1172 833 1209 ab
854 1171 899 1209 iis
916 1185 1016 1221 quos
1037 1172 1218 1221 repudias
1239 1171 1357 1221 exigis
1378 1180 1443 1209 tan

0 938 5 976 l

0 1028 5 1075 l

0 1119 4 1144 1

0 1185 4 1221 l

0 1226 4 1240 l
128 1244 211 1275 tum
251 1236 442 1287 pecuniae
475 1245 667 1286 quantum
701 1238 751 1275 ad
785 1251 876 1275 eum
908 1251 1115 1275 numerum
1152 1237 1334 1275 frumenti
1365 1238 1456 1276 satis

0 1267 3 1356 l
128 1302 175 1340 sit
196 1316 315 1352 quem
336 1302 371 1341 ei
392 1302 537 1341 civitati
558 1303 724 1352 imperas
742 1304 966 1341 emendum.
1020 1305 1066 1341 In
1084 1303 1284 1341 medimna
1305 1303 1455 1352 singula

0 1358 3 1402 i
127 1367 244 1406 video
270 1382 317 1406 ex
341 1367 477 1405 litteris
502 1367 669 1418 publicis
694 1367 765 1405 tibi
796 1368 1034 1405 Halaesinos
1061 1369 1132 1406 HS
1157 1368 1299 1417 quinos
1330 1369 1454 1406 denos

0 1407 3 1485 l
69 1451 108 1471 20
127 1432 293 1471 dedisse.
354 1434 574 1471 Ostendam
595 1446 642 1470 ex
662 1432 804 1470 tabulis
829 1432 1226 1482 locupletissimorum
1257 1441 1452 1471 aratorum

0 1498 2 1527 l
126 1499 268 1536 eodem
316 1505 493 1548 tempore
540 1497 740 1536 neminem
780 1497 819 1535 in
868 1498 998 1537 Sicilia
1045 1498 1165 1548 pluris
1213 1500 1451 1537 frumentum

0 1529 2 1616 l
125 1563 358 1602 vendidisse.
1165 1558 1167 1561 ⁸

0 1620 2 1660 l
180 1630 293 1676 Quae
307 1636 364 1667 est
380 1642 472 1678 ergo
488 1627 561 1666 ista
577 1628 673 1666 ratio
685 1636 861 1678 autquae
875 1628 1004 1678 potius
1020 1628 1202 1673 amentia,
1213 1630 1450 1667 frumentum
1471 1639 1518 1676 75

0 1691 1 1730 l
125 1694 347 1744 improbare
367 1693 407 1732 id
429 1695 537 1743 quod
558 1708 603 1731 ex
624 1707 672 1731 eo
692 1695 781 1732 loco
802 1693 850 1731 sit
871 1708 917 1731 ex
938 1707 1017 1742 quo
1038 1702 1195 1731 senatus
1217 1702 1254 1731 et
1282 1697 1450 1744 populus

66 1773 103 1805 ²5
126 1761 331 1796 Romanus
347 1758 424 1796 emi
440 1758 615 1804 voluerit,
635 1766 671 1795 et
689 1772 735 1795 ex
748 1771 795 1795 eo
807 1771 947 1795 acervo
963 1771 1008 1795 ex
1025 1771 1104 1807 quo
1120 1766 1269 1807 partem
1287 1766 1327 1796 tu
1345 1759 1449 1797 idem

123 1824 379 1861 decumarum
396 1822 558 1860 nomine
571 1822 746 1871 probaris
764 1837 774 1869 3
803 1822 948 1860 deinde
960 1836 983 1859 a
999 1822 1219 1860 civitatibus
1241 1824 1448 1873 pecuniam

121 1889 172 1925 ad
197 1888 411 1926 emendum
441 1888 679 1924 frumentum
708 1900 856 1936 cogere,
880 1900 969 1924 cum
992 1900 1038 1924 ex
1057 1887 1204 1925 aerario
1224 1889 1449 1937 acceperis?

122 1955 262 1990 Vtrum
280 1952 385 1991 enim
407 1959 444 1989 te
465 1953 525 1990 lex
547 1951 732 1990 Terentia
752 1951 971 1989 Siculorum
1007 1951 1175 2001 pecunia
1208 1954 1446 1991 frumentum

166 2070 184 2098 3
210 2065 266 2089 aut
292 2059 392 2097 Syria
422 2058 504 2088 VO:
537 2063 594 2088 aut
621 2069 662 2087 ex
691 2058 790 2096 Syria
811 2063 835 2097 p
861 2058 923 2088 rell.
1081 2070 1096 2096 4
1127 2059 1288 2089 missurus
1314 2071 1349 2090 es
1376 2061 1445 2090 cO:

123 2103 283 2132 missurus
305 2113 399 2132 esses
422 2102 467 2131 V:
501 2102 639 2141 mittisp
658 2102 721 2131 rell,
741 2105 773 2141 (ξ
792 2112 856 2130 222
874 2101 976 2140 infra)
1134 2102 1240 2141 Ceph.
1262 2103 1395 2134 Therm.
1421 2104 1450 2132 l’

122 2147 141 2175 8
165 2147 253 2184 quod
281 2156 466 2182 numquam·
484 2150 583 2175 antea
609 2156 672 2175 ουτ.
697 2145 726 2174 Ο
869 2150 902 2174 ut
919 2145 1039 2175 Lamb.
1060 2145 1151 2175 alda
1191 2151 1246 2176 aut
1266 2146 1318 2176 O:
1356 2148 1444 2185 quod

124 2191 194 2228 (pr.
216 2189 316 2227 quael
341 2189 389 2217 V:
415 2200 479 2218 0111.
495 2193 518 2226 j)
671 2199 704 2217 Ir
733 2189 951 2218 adduxissent
964 2189 1030 2227 qu
1182 2191 1218 2218 16
1243 2190 1284 2219 ab
1301 2190 1351 2220 his
1372 2190 1444 2230 Op:

122 2232 162 2263 ab
178 2233 252 2261 aliis
274 2232 304 2260 V
415 2233 451 2260 18
476 2232 505 2260 ei
523 2232 590 2261 cO:
616 2242 680 2261 om.
704 2231 751 2270 Vp
768 2232 832 2262 rcll.
926 2233 1103 2261 emendum
1128 2233 1202 2261 l'cO
1224 2244 1230 2262 z
1255 2244 1321 2263 om.
1334 2238 1358 2272 p
1377 2234 1440 2264 rell.

123 2285 164 2312 23
190 2275 334 2304 amentia
357 2274 403 2314 Vs>
421 2275 487 2305 rell.
507 2285 514 2304 :
541 2275 602 2304 ista
621 2275 767 2304 amentia
786 2275 815 2304 O
832 2274 900 2305 cdd.
1060 2287 1099 2313 24
1125 2287 1165 2304 cx
1185 2287 1225 2305 co
1247 2276 1315 2315 [7³³
1343 2288 1381 2306 eo
1402 2278 1441 2307 O.

121 2318 207 2348 Forl.
236 2322 269 2347 et
295 2328 337 2346 ex
363 2328 402 2347 eo
555 2328 595 2355 25
621 2328 733 2347 emere
756 2318 787 2346 V
871 2323 903 2347 ct
930 2329 970 2347 cx
997 2329 1037 2347 co
1071 2319 1168 2348 I'cO:
1203 2330 1243 2348 cx
1263 2330 1302 2349 eo
1325 2325 1349 2360 p
1378 2321 1441 2351 rell.

122 2362 164 2390 28
188 2366 297 2391 utrum
317 2361 407 2391 enim
426 2364 458 2390 te
480 2360 554 2391 VcO
575 2372 581 2391 :
606 2365 715 2391 utrum
734 2365 800 2400 tep
818 2361 881 2391 rell.
904 2365 936 2400 (ᾗ
957 2372 1015 2391 201
1037 2362 1140 2400 infra]
