1769 2739
232 91 257 128 3

218 530 256 551 10

211 1903 243 1924 12

277 99 296 131 9
645 83 700 119 M.
732 82 900 118 TVLLI
932 80 1240 120 CICERONIS

276 194 514 234 iudiciorum
535 193 704 240 infamia,
729 192 850 232 totius
871 192 1020 231 ordinis
1033 192 1263 239 offensione,
1280 206 1370 231 cum
1391 193 1470 230 hoc
1482 205 1607 230 unum

278 259 337 298 his
369 267 428 298 tot
453 258 718 298 incommodis
751 257 970 296 remedium
1001 270 1086 296 esse
1115 257 1332 304 arbitrarer,
1355 265 1398 295 ut
1426 256 1608 295 homines

277 324 410 363 idonei
430 332 550 374 atque
570 323 709 373 integri
733 336 893 361 causam
915 321 969 360 rei
995 322 1178 372 publicae
1205 323 1418 372 legumque
1438 321 1608 371 suscipe-

276 397 373 436 rent,
414 390 537 427 fateor
576 402 639 426 me
679 387 812 426 salutis
853 386 1033 425 omnium
1079 400 1197 425 causa
1234 388 1285 425 ad
1329 400 1416 425 earn
1456 393 1605 436 partem

277 453 490 493 accessisse
511 453 563 492 rei
586 453 768 503 publicae
793 453 1061 490 sublevandae
1084 465 1187 501 quae
1209 451 1378 490 maxime
1399 451 1603 488 laboraret.
1625 464 1643 495 5

332 521 451 558 Nunc
472 519 661 569 quoniam
682 517 826 567 quibus
853 517 968 556 rebus
995 518 1192 555 adductus
1217 518 1267 555 ad
1296 530 1454 555 causam
1479 529 1607 554 acces-

276 584 391 623 serim
412 582 689 628 demonstravi‚
714 582 929 621 dicendum
958 581 1180 620 necessario
1201 590 1259 620 est
1279 582 1330 620 de
1351 580 1606 619 contentione

276 658 417 697 nostra,
450 658 492 688 ut
522 649 561 687 in
592 648 873 687 constituendo
908 655 1136 686 accusatore
1169 646 1265 696 quid
1302 646 1412 696 sequi
1448 645 1605 696 possitis

275 714 462 753 habeatis.
528 716 613 764 Ego
653 713 707 751 sic
748 713 942 763 intellego,
988 711 1161 750 iudices:
1207 725 1297 749 cum
1338 713 1389 749 de
1427 709 1605 760 pecuniis

275 780 502 830 repetundis
533 793 681 817 nomen
713 778 931 828 cuiuspiam
963 775 1170 823 deferatur,
1208 776 1238 814 si
1271 783 1469 814 certamen
1506 775 1605 813 inter
1628 793 1665 815 10

273 845 426 895 aliquos
447 845 495 883 sit
516 844 578 882 cui
601 843 850 894 potissimum
871 842 1018 881 delatio
1040 844 1165 889 detur,
1189 843 1286 880 haec
1308 842 1389 879 duo
1410 840 1449 878 in
1471 840 1604 890 primis

274 909 439 960 spectari
479 916 670 959 oportere,
713 921 832 958 quem
873 906 1042 945 maxime
1083 906 1203 945 velint
1241 914 1415 944 actorem
1455 918 1542 943 esse
1578 905 1604 942 ii

274 975 417 1026 quibus
466 976 591 1013 factae
640 987 726 1013 esse
769 973 951 1011 dicantur
990 971 1162 1018 iniuriae,
1205 979 1243 1009 et
1282 984 1401 1021 quem
1441 969 1603 1008 minime

273 1041 364 1079 velit
396 1041 427 1078 is
460 1040 526 1090 qui
562 1053 626 1078 eas
667 1037 825 1077 iniurias
861 1037 999 1076 fecisse
1030 1044 1222 1087 arguatur.
1284 1037 1333 1074 In
1365 1037 1440 1074 hac
1471 1048 1601 1081 causa,

273 1106 433 1151 iudices,
458 1104 612 1143 tametsi
635 1112 846 1153 utrumque
876 1116 961 1141 esse
988 1101 1154 1140 arbitror
1182 1100 1446 1151 perspicuum,
1470 1108 1601 1138 tamen
1626 1118 1660 1150 ¹5

273 1173 322 1210 de
344 1179 510 1221 utroque
531 1170 672 1215 dicam,
697 1177 735 1207 et
757 1169 806 1206 de
828 1181 876 1206 eo
897 1167 1002 1218 prius
1029 1167 1138 1217 quod
1163 1167 1270 1216 apud
1292 1179 1362 1204 vos
1389 1165 1600 1216 plurimum

272 1237 391 1275 debet
421 1237 559 1281 valere,
593 1236 667 1272 hoc
699 1241 757 1272 est
787 1234 837 1271 de
862 1234 1066 1271 voluntate
1096 1245 1232 1270 eorum
1264 1231 1409 1281 quibus
1440 1230 1601 1268 iniuriae

272 1303 395 1340 factae
417 1309 507 1339 sunt
526 1315 535 1347 ς
564 1313 732 1350 quorum
754 1312 872 1337 causa
893 1298 1084 1336 iudicium
1105 1298 1156 1336 de
1173 1296 1352 1347 pecuniis
1373 1295 1601 1346 repetundis

271 1375 328 1405 est
349 1366 617 1405 constitutum.

325 1431 496 1470 Siciliam
536 1429 778 1481 provinciam
820 1431 865 1469 C.
902 1431 1041 1467 Verres
1074 1442 1142 1479 per
1173 1427 1385 1467 triennium
1425 1427 1600 1477 depopu-
1622 1441 1661 1462 20

270 1499 369 1535 latus
399 1510 496 1544 esse,
529 1496 747 1534 Siculorum
779 1495 956 1533 civitates
977 1502 1160 1540 vastasse,
1194 1494 1336 1532 domos
1366 1491 1596 1537 exinanisse,

270 1563 358 1600 fana
380 1561 567 1612 spoliasse
589 1560 740 1599 dicitur.
802 1561 971 1606 Adsunt,
1006 1567 1223 1610 queruntur
1252 1557 1370 1597 Siculi
1404 1556 1599 1603 universi3

267 1628 318 1665 ad
341 1640 468 1665 meam
493 1628 622 1672 sidem,
647 1639 764 1675 quam
788 1626 936 1663 habent
967 1632 1183 1674 spectatam
1212 1623 1289 1661 iam
1319 1630 1355 1661 et
1385 1621 1596 1671 cognitam,

267 1691 526 1740 confugiunt,
556 1690 742 1728 auxilium
775 1690 848 1728 sibi
880 1704 947 1740 per
978 1704 1040 1728 me
1069 1703 1092 1727 a
1121 1688 1233 1727 vobis
1267 1695 1386 1738 atque
1415 1701 1437 1724 a
1462 1686 1595 1737 populi

268 1756 439 1794 Romani
466 1756 616 1806 legibus
648 1764 786 1805 petunt
804 1770 812 1802 >z
844 1769 906 1794 me
937 1757 1186 1793 defensorem
1218 1752 1484 1792 calamitatum
1513 1765 1597 1789 sua·
1618 1768 1656 1798 25

266 1834 365 1867 rum,
388 1834 450 1858 me
480 1822 645 1859 ultorem
680 1819 917 1866 iniuriarum,
943 1834 1005 1858 me
1036 1819 1279 1869 cognitorem
1312 1817 1403 1855 iuris
1434 1816 1504 1863 sui,
1535 1830 1598 1854 me

265 1894 437 1924 actorem
464 1899 604 1924 causae
634 1885 753 1923 totius
785 1899 870 1923 esse
897 1887 1116 1924 voluerunt.
1177 1886 1330 1930 Vtrum,
1362 1885 1410 1932 Q.
1436 1881 1594 1927 Caecili,

266 1953 341 1989 hoc
361 1951 478 1995 dices,
498 1964 559 1989 me
581 1964 661 1987 non
685 1950 904 1989 Siculorum
928 1959 1064 2001 rogatu
1087 1951 1137 1989 ad
1151 1962 1310 1988 causam
1329 1949 1528 1994 accedere,
1546 1960 1594 1985 an

265 2016 504 2066 optimorum
539 2015 938 2065 fidelissimorumque
975 2016 1171 2054 sociorum
1207 2016 1451 2053 voluntatem
1490 2013 1596 2062 apud

266 2083 338 2119 hos
359 2095 514 2131 gravem
536 2094 620 2119 esse
644 2094 722 2119 non
746 2083 958 2131 oportere?
1014 2081 1052 2119 Si
1075 2080 1114 2119 id
1135 2079 1301 2118 audebis
1323 2078 1464 2125 dicere,
1487 2078 1595 2127 quod
1617 2091 1658 2121 30

267 2147 311 2186 C.
336 2148 486 2192 Verres,
511 2145 571 2184 cui
595 2153 632 2184 te
654 2145 857 2183 inimicum
889 2159 973 2184 esse
1001 2145 1172 2190 simulas,
1198 2143 1366 2182 maxime
1387 2141 1595 2181 existimari

311 2259 330 2288 5
353 2249 597 2279 sublevandam
620 2249 759 2278 Vrsinus
918 2258 953 2286 13
979 2249 1114 2279 minime
1133 2247 1225 2285 rrZG¹
1248 2251 1328 2287 χωρ.
1347 2246 1404 2279 νίἰ,
1421 2244 1570 2279 αάιίιίἱ.)
1589 2255 1596 2274 :

269 2294 413 2323 maxime
431 2293 496 2323 ΒΨ
606 2303 646 2331 23
672 2298 703 2323 et
722 2293 776 2322 diu
796 2302 892 2331 cogn.
908 2292 1027 2331 p³r616
1140 2301 1179 2330 27
1205 2291 1321 2322 volunt
1342 2289 1453 2328 G2LK
1554 2288 1596 2318 28

267 2338 350 2369 dicis
368 2336 454 2367 ΒΨπ
471 2338 520 2378 (ii,
543 2340 557 2374 ξ
576 2339 633 2377 44)
