1715 2734
186 53 454 91 ACTIONIS
485 54 546 91 IN
576 53 620 91 C.
642 54 883 91 VERREM
913 53 1212 91 SECVNDAE
1243 53 1344 89 LIB.
1364 52 1406 88 II
1459 59 1508 98 52
1531 64 1591 97 129

185 164 439 213 plorantibus.
500 163 594 201 Dies
619 163 649 201 is
671 171 751 201 erat
774 163 969 213 legitimus
993 162 1161 201 comitiis
1181 161 1385 200 habendis.
1446 163 1506 200 Eo

185 229 307 266 modo
349 229 530 266 sacerdos
570 227 808 267 Climachias
851 228 1094 267 renuntiatus
1133 235 1200 265 est.
1275 228 1506 265 Herodotus
1530 236 1591 268 130

184 305 275 330 cum
315 295 445 331 Roma
478 293 688 340 revertitur,
729 293 884 341 diebus,
922 301 964 331 ut
1003 292 1086 343 ipse
1116 292 1291 342 putabat,
1326 303 1383 328 xv
1415 299 1507 329 ante

183 357 353 403 comitia,
388 357 553 395 offendit
591 371 681 396 eum
721 372 897 396 mensem
937 357 1003 407 qui
1043 356 1296 406 consequitur
1329 368 1506 393 mensem

146 435 164 467 5
183 421 433 468 comitialem,
456 421 624 459 comitiis
652 422 729 459 iam
758 422 904 460 abhinc
934 434 1023 459 xxx
1050 421 1190 460 diebus
1220 419 1341 458 factis.
1391 421 1506 456 Tunc

184 485 511 535 Cephaloeditani
534 487 710 524 fecerunt
737 485 1025 525 intercalarium
1054 497 1202 523 xxxxv
1223 484 1307 523 dies
1331 485 1504 533 longum,

183 556 226 586 ut
246 549 383 599 reliqui
411 562 565 587 menses
590 549 630 586 in
657 562 767 586 suam
793 548 984 586 rationem
1009 555 1301 586 reverterentur.
1362 549 1454 586 Hoc
1475 548 1506 586 si

183 616 337 653 Romae
360 614 441 652 fieri
462 622 604 664 posset,
629 622 733 652 certe
758 614 890 663 aliqua
913 613 1063 651 ratione
1089 620 1348 663 expugnasset
1369 613 1440 651 iste
1464 621 1507 651 ut

181 678 266 717 dies
297 691 445 717 xxxxv
476 679 575 717 inter
606 678 721 717 binos
753 679 867 716 ludos
898 679 1138 725 tollerentur,
1169 690 1238 727 per
1270 690 1370 727 quos
1402 679 1506 716 solos

124 760 162 782 ιο
181 743 370 782 iudicium
391 742 472 780 fieri
493 750 634 792 posset.

236 809 321 846 Iam
360 820 452 845 vero
490 821 672 845 censores
703 821 822 857 quem
856 809 907 846 ad
947 809 1111 847 modum
1145 808 1221 847 isto
1254 815 1431 858 praetore
1466 807 1504 845 in

181 872 312 911 Sicilia
349 871 468 910 creati
507 872 594 919 sint,
635 886 777 922 operae
815 872 983 922 pretium
1023 881 1080 911 est
1122 886 1370 922 cognoscere.
1432 874 1504 911 Ille

180 936 285 975 enim
332 944 391 975 est
438 937 683 986 magistratus
734 939 842 987 apud
890 937 1042 976 Siculos
1089 937 1156 987 qui
1208 937 1505 987 diligentissime

180 1003 388 1040 mandatur
425 1016 448 1040 a
485 1003 633 1051 populo
672 1010 829 1052 propter
867 1003 969 1040 hanc
1007 1016 1177 1049 causam,
1218 1003 1327 1052 quod
1365 1016 1503 1040 omnes

123 1083 160 1116 15
179 1066 300 1105 Siculi
340 1081 388 1105 ex
427 1080 547 1105 censu
591 1067 802 1116 quotannis
849 1067 994 1104 tributa
1036 1068 1257 1114 conferunt,
1299 1066 1339 1104 in
1382 1080 1503 1105 censu

179 1132 366 1170 habendo
387 1139 558 1181 potestas
575 1131 703 1169 omnis
724 1131 1007 1169 aestimationis
1023 1132 1231 1170 habendae
1247 1145 1504 1181 summaeque

179 1196 382 1236 faciendae
406 1196 559 1235 censori
583 1196 828 1246 permittitur.
889 1197 1030 1246 Itaque
1050 1204 1089 1234 et
1109 1198 1278 1246 populus
1304 1196 1367 1234 cui
1388 1196 1504 1234 maxi-

178 1275 284 1300 mam
313 1262 432 1299 fidem
459 1274 616 1299 suarum
646 1274 774 1299 rerum
804 1261 948 1299 habeat
977 1260 1147 1298 maxima
1173 1274 1264 1299 cura
1290 1260 1436 1310 deligit,
1465 1269 1503 1299 et

178 1333 336 1376 propter
362 1325 672 1375 magnitudinem
702 1325 905 1374 potestatis
935 1324 999 1363 hic
1028 1325 1274 1375 magistratus
1303 1339 1325 1363 a
1354 1327 1503 1375 populo

119 1408 160 1431 20
179 1404 333 1429 summa
351 1390 568 1429 ambitione
594 1390 856 1429 contenditur.
918 1392 965 1428 In
986 1404 1033 1429 ea
1052 1405 1092 1429 re
1119 1391 1191 1429 iste
1212 1390 1309 1428 nihil
1336 1391 1502 1429 obscure
1526 1407 1584 1437 132

177 1456 303 1494 facere
323 1455 455 1502 voluit,
478 1469 559 1493 non
588 1455 628 1493 in
656 1455 858 1494 sortitione
886 1457 1018 1493 fallere
1047 1469 1177 1505 neque
1204 1456 1288 1494 dies
1317 1457 1368 1494 de
1394 1455 1502 1493 fastis

175 1520 353 1559 eximere.
413 1520 522 1559 Nihil
542 1534 636 1558 sane
656 1522 760 1559 vafre
781 1534 853 1559 nec
875 1521 1067 1559 malitiose
1087 1522 1214 1559 facere
1234 1528 1399 1559 conatus
1420 1528 1477 1559 est
1492 1536 1502 1569 ;

176 1588 247 1625 sed
280 1594 322 1624 ut
360 1586 490 1625 studia
526 1585 841 1636 cupiditatesque
878 1587 1074 1624 honorum
1112 1594 1232 1636 atque
1264 1585 1500 1624 ambitiones

176 1665 223 1689 ex
261 1651 445 1689 omnibus
483 1650 704 1689 civitatibus
743 1652 906 1697 tolleret,
940 1664 1042 1701 quae
1080 1664 1139 1689 res
1174 1652 1408 1689 evertendae
1447 1651 1500 1689 rei

117 1733 155 1764 25
176 1716 358 1766 publicae
387 1717 514 1754 solent
543 1730 638 1762 esse,
671 1715 843 1754 ostendit
874 1729 959 1754 sese
994 1715 1033 1753 in
1063 1716 1248 1753 omnibus
1277 1715 1499 1754 civitatibus

175 1794 357 1819 censores
388 1794 473 1819 esse
502 1782 705 1819 facturum.
765 1782 896 1818 Tanto
926 1788 1099 1818 mercatu
1132 1780 1319 1830 praetoris
1349 1780 1499 1819 indicto
1523 1795 1580 1826 133

1531 843 1586 874 131

222 1894 234 1914 1
262 1884 469 1924 plorantibus
486 1884 554 1914 cO:
579 1884 834 1923 implorantibus
853 1884 914 1915 rell.
1029 1894 1047 1923 3
1073 1884 1114 1914 ab
1132 1883 1242 1914 Roma
1262 1883 1302 1913 0¹
1381 1885 1498 1915 diebus

174 1927 242 1958 cO:
270 1928 342 1958 dies
356 1934 379 1969 p
397 1928 460 1957 rell.
567 1938 586 1966 4
611 1928 666 1966 qui
685 1937 777 1958 cons,
798 1937 947 1957 mensem
965 1927 1035 1958 cO:
1059 1939 1124 1959 om.
1137 1933 1162 1968 p
1179 1928 1242 1958 vell.
1331 1937 1351 1966 5
1375 1928 1496 1958 abhinc

170 1972 214 2011 pb
229 1983 236 2002 ε
259 1973 300 2002 ab
314 1982 368 2002 me
384 1982 424 2011 qr
438 1971 480 2003 al.
503 1983 510 2002 t
534 1976 612 2001 ante
630 1971 708 2002 com'.
729 1969 836 2001 Halm
947 1971 1063 2001 diebus
1080 1982 1151 2001 xxx
1171 1970 1200 2000 O
1311 1971 1474 2011 sactispO
1491 1984 1498 2002 z

175 2015 297 2045 habitis
308 2014 348 2054 β]
365 2025 390 2045 s.
405 2015 437 2049 l.‚
457 2015 475 2044 b
493 2014 557 2045 rell.
685 2016 706 2044 6
730 2014 880 2045 fecerunt
897 2013 943 2044 cO
960 2026 966 2044 ε
991 2015 1210 2054 decreruntp
1227 2014 1291 2046 rcll.
1420 2017 1441 2045 6
1471 2020 1500 2045 et

173 2068 195 2097 9
215 2058 327 2098 xlvp:
352 2068 442 2088 xxxv
459 2069 475 2088 c
592 2068 629 2088 10
654 2063 766 2097 potest
785 2058 826 2088 Οὶ
942 2068 977 2087 11
1005 2058 1068 2088 isto
1086 2069 1134 2097 pr.
1156 2058 1188 2087 in
1202 2058 1266 2089 Sic.
1284 2058 1358 2088 Οπε
1384 2059 1415 2088 in
1429 2058 1494 2090 Sic.

175 2101 240 2132 isto
258 2111 305 2140 pr.
326 2101 344 2130 b
361 2102 448 2141 vulg.
644 2111 680 2139 14
706 2101 840 2142 [omnes
858 2125 865 2131 .
885 2125 892 2131 .
914 2125 921 2132 .
943 2101 1138 2141 conserunt]
1158 2100 1260 2141 KayS.
1283 2113 1289 2132 z
1316 2103 1404 2140 quod
1423 2112 1496 2131 cum

175 2154 292 2173 omnes
311 2145 486 2174 conferant
505 2144 594 2174 Bake
711 2154 744 2183 17
765 2143 942 2174 faciendae
960 2144 1030 2174 cO:
1052 2144 1265 2184 faciundaep
1283 2145 1347 2175 rell.
1456 2156 1497 2175 20

175 2187 238 2217 iste
254 2187 321 2217 cO:
346 2198 410 2218 om.
432 2188 496 2219 rell.
589 2198 627 2217 21
656 2188 764 2217 facere
782 2198 845 2218 om.
866 2187 925 2217 cO¹
1037 2197 1078 2224 24
1102 2188 1255 2217 omnibus
1273 2188 1461 2219 civitatibus
1475 2194 1498 2227 p

175 2230 240 2261 rell.
258 2234 386 2270 practer
402 2230 432 2260 O
448 2231 654 2271 (hominibus
671 2230 943 2271 civitatibusque)
1055 2230 1253 2260 tollerentur
1272 2230 1302 2260 O
1455 2241 1497 2270 25

175 2272 324 2303 solerent
337 2273 428 2304 Bake
