<?xml version="1.0" encoding="UTF-8"?>
<!DOCTYPE html PUBLIC "-//W3C//DTD XHTML 1.0 Transitional//EN"
    "http://www.w3.org/TR/xhtml1/DTD/xhtml1-transitional.dtd">
<html xmlns="http://www.w3.org/1999/xhtml" xml:lang="en" lang="en">
 <head>
  <title>
</title>
<meta http-equiv="Content-Type" content="text/html;charset=utf-8" />
  <meta name='ocr-system' content='tesseract 3.04.00' />
  <meta name='ocr-capabilities' content='ocr_page ocr_carea ocr_par ocr_line ocrx_word'/>
</head>
<body>
  <div class='ocr_page' id='page_1' title='image "./orationesrecogno03ciceuoft/orationesrecogno03ciceuoft_0288.png"; bbox 0 0 1715 2734; ppageno 0'>
   <div class='ocr_carea' id='block_1_1' title="bbox 150 88 204 137">
    <p class='ocr_par' dir='ltr' id='par_1_1' title="bbox 150 88 204 137">
     <span class='ocr_line' id='line_1_1' title="bbox 150 88 204 137; baseline 0 -12"><span class='ocrx_word' id='word_1_1' title='bbox 150 88 204 137; x_wconf 86' lang='lat'><strong>56</strong></span> 
     </span>
    </p>
   </div>
   <div class='ocr_carea' id='block_1_2' title="bbox 136 1060 195 1092">
    <p class='ocr_par' dir='ltr' id='par_1_2' title="bbox 136 1060 195 1092">
     <span class='ocr_line' id='line_1_2' title="bbox 136 1060 195 1092; baseline 0.017 -12"><span class='ocrx_word' id='word_1_2' title='bbox 136 1060 195 1092; x_wconf 74' lang='grc'><strong>130</strong></span> 
     </span>
    </p>
   </div>
   <div class='ocr_carea' id='block_1_3' title="bbox 226 89 1180 133">
    <p class='ocr_par' dir='ltr' id='par_1_3' title="bbox 226 89 1180 133">
     <span class='ocr_line' id='line_1_3' title="bbox 226 89 1180 133; baseline 0.004 -9"><span class='ocrx_word' id='word_1_3' title='bbox 226 103 287 133; x_wconf 85' lang='lat'><strong>129</strong></span> <span class='ocrx_word' id='word_1_4' title='bbox 587 90 643 126; x_wconf 91' lang='lat' dir='ltr'><strong>M.</strong></span> <span class='ocrx_word' id='word_1_5' title='bbox 675 90 843 126; x_wconf 90' lang='lat' dir='ltr'>TVLLI</span> <span class='ocrx_word' id='word_1_6' title='bbox 874 89 1180 128; x_wconf 89' lang='lat' dir='ltr'><strong>CICERONIS</strong></span> 
     </span>
    </p>
   </div>
   <div class='ocr_carea' id='block_1_4' title="bbox 213 199 1607 1422">
    <p class='ocr_par' dir='ltr' id='par_1_4' title="bbox 214 199 1607 1030">
     <span class='ocr_line' id='line_1_4' title="bbox 221 199 1548 251; baseline 0 -12"><span class='ocrx_word' id='word_1_7' title='bbox 221 200 415 248; x_wconf 82' lang='lat' dir='ltr'><strong>Dioclem,</strong></span> <span class='ocrx_word' id='word_1_8' title='bbox 438 200 643 239; x_wconf 90' lang='lat' dir='ltr'><strong>hominem</strong></span> <span class='ocrx_word' id='word_1_9' title='bbox 676 201 927 250; x_wconf 81' lang='lat' dir='ltr'><strong>locupletem,</strong></span> <span class='ocrx_word' id='word_1_10' title='bbox 951 199 1202 251; x_wconf 84' lang='lat' dir='ltr'><strong>suspendisse</strong></span> <span class='ocrx_word' id='word_1_11' title='bbox 1223 213 1264 239; x_wconf 89' lang='lat' dir='ltr'><strong>se</strong></span> <span class='ocrx_word' id='word_1_12' title='bbox 1290 207 1446 239; x_wconf 89' lang='lat' dir='ltr'><strong>constat</strong></span> <span class='ocrx_word' id='word_1_13' title='bbox 1466 213 1548 250; x_wconf 91' lang='lat' dir='ltr'><strong>quo</strong></span> 
     </span>
     <span class='ocr_line' id='line_1_5' title="bbox 218 265 1547 316; baseline 0.002 -13"><span class='ocrx_word' id='word_1_14' title='bbox 218 266 283 304; x_wconf 91' lang='lat' dir='ltr'><strong>die</strong></span> <span class='ocrx_word' id='word_1_15' title='bbox 310 266 357 304; x_wconf 88' lang='lat' dir='ltr'><strong>sit</strong></span> <span class='ocrx_word' id='word_1_16' title='bbox 385 266 420 304; x_wconf 88' lang='lat' dir='ltr'><strong>ei</strong></span> <span class='ocrx_word' id='word_1_17' title='bbox 444 266 667 304; x_wconf 87' lang='lat' dir='ltr'><strong>nuntiatum</strong></span> <span class='ocrx_word' id='word_1_18' title='bbox 691 265 911 315; x_wconf 85' lang='lat' dir='ltr'><strong>Apronium</strong></span> <span class='ocrx_word' id='word_1_19' title='bbox 936 266 1124 304; x_wconf 83' lang='lat' dir='ltr'><strong>decumas</strong></span> <span class='ocrx_word' id='word_1_20' title='bbox 1148 265 1371 304; x_wconf 84' lang='lat' dir='ltr'><strong>redemisse.</strong></span> <span class='ocrx_word' id='word_1_21' title='bbox 1431 268 1547 316; x_wconf 87' lang='lat' dir='ltr'><strong>Tyra-</strong></span> 
     </span>
     <span class='ocr_line' id='line_1_6' title="bbox 218 329 1547 381; baseline 0.001 -13"><span class='ocrx_word' id='word_1_22' title='bbox 218 330 365 378; x_wconf 90' lang='lat' dir='ltr'><strong>cinum,</strong></span> <span class='ocrx_word' id='word_1_23' title='bbox 387 330 604 380; x_wconf 83' lang='lat' dir='ltr'><strong>principem</strong></span> <span class='ocrx_word' id='word_1_24' title='bbox 626 329 804 376; x_wconf 83' lang='lat' dir='ltr'><strong>civitatis,</strong></span> <span class='ocrx_word' id='word_1_25' title='bbox 827 331 966 368; x_wconf 83' lang='lat' dir='ltr'><strong>cadem</strong></span> <span class='ocrx_word' id='word_1_26' title='bbox 988 330 1138 368; x_wconf 84' lang='lat' dir='ltr'><strong>ratione</strong></span> <span class='ocrx_word' id='word_1_27' title='bbox 1160 338 1327 368; x_wconf 89' lang='lat' dir='ltr'><strong>mortem</strong></span> <span class='ocrx_word' id='word_1_28' title='bbox 1348 330 1547 381; x_wconf 89' lang='lat' dir='ltr'><strong>oppetisse</strong></span> 
     </span>
     <span class='ocr_line' id='line_1_7' title="bbox 218 395 1544 446; baseline -0.001 -12"><span class='ocrx_word' id='word_1_29' title='bbox 218 396 313 434; x_wconf 85' lang='lat' dir='ltr'><strong>dixit</strong></span> <span class='ocrx_word' id='word_1_30' title='bbox 341 397 448 446; x_wconf 86' lang='lat' dir='ltr'><strong>apud</strong></span> <span class='ocrx_word' id='word_1_31' title='bbox 478 409 546 433; x_wconf 89' lang='lat' dir='ltr'><strong>vos</strong></span> <span class='ocrx_word' id='word_1_32' title='bbox 577 397 699 433; x_wconf 81' lang='lat' dir='ltr'><strong>homo</strong></span> <span class='ocrx_word' id='word_1_33' title='bbox 728 395 1008 442; x_wconf 89' lang='lat' dir='ltr'><strong>nobilissimus,</strong></span> <span class='ocrx_word' id='word_1_34' title='bbox 1038 395 1286 434; x_wconf 88' lang='lat' dir='ltr'><strong>Archonidas</strong></span> <span class='ocrx_word' id='word_1_35' title='bbox 1318 395 1544 441; x_wconf 87' lang='lat' dir='ltr'><strong>Helorinus,</strong></span> 
     </span>
     <span class='ocr_line' id='line_1_8' title="bbox 217 459 1584 510; baseline 0 -12"><span class='ocrx_word' id='word_1_36' title='bbox 217 474 307 498; x_wconf 89' lang='lat' dir='ltr'><strong>cum</strong></span> <span class='ocrx_word' id='word_1_37' title='bbox 329 460 503 498; x_wconf 80' lang='lat' dir='ltr'><strong>audisset</strong></span> <span class='ocrx_word' id='word_1_38' title='bbox 524 467 676 497; x_wconf 89' lang='lat' dir='ltr'><strong>tantum</strong></span> <span class='ocrx_word' id='word_1_39' title='bbox 707 461 972 498; x_wconf 88' lang='lat' dir='ltr'><strong>decumanum</strong></span> <span class='ocrx_word' id='word_1_40' title='bbox 1003 461 1222 510; x_wconf 89' lang='lat' dir='ltr'><strong>professum</strong></span> <span class='ocrx_word' id='word_1_41' title='bbox 1243 473 1328 498; x_wconf 90' lang='lat' dir='ltr'><strong>esse</strong></span> <span class='ocrx_word' id='word_1_42' title='bbox 1349 473 1395 498; x_wconf 84' lang='lat' dir='ltr'><strong>ex</strong></span> <span class='ocrx_word' id='word_1_43' title='bbox 1415 459 1546 498; x_wconf 87' lang='lat' dir='ltr'><strong>edicto</strong></span> <span class='ocrx_word' id='word_1_44' title='bbox 1567 475 1584 505; x_wconf 86' lang='lat'><strong><em>5</em></strong></span> 
     </span>
     <span class='ocr_line' id='line_1_9' title="bbox 218 524 1547 574; baseline 0 -11"><span class='ocrx_word' id='word_1_45' title='bbox 218 525 327 563; x_wconf 84' lang='lat' dir='ltr'><strong>istius</strong></span> <span class='ocrx_word' id='word_1_46' title='bbox 359 525 432 563; x_wconf 87' lang='lat' dir='ltr'><strong>sibi</strong></span> <span class='ocrx_word' id='word_1_47' title='bbox 465 524 599 563; x_wconf 89' lang='lat' dir='ltr'><strong>deberi</strong></span> <span class='ocrx_word' id='word_1_48' title='bbox 628 532 819 574; x_wconf 87' lang='lat' dir='ltr'><strong>quantum</strong></span> <span class='ocrx_word' id='word_1_49' title='bbox 841 524 905 562; x_wconf 90' lang='lat' dir='ltr'><strong>ille</strong></span> <span class='ocrx_word' id='word_1_50' title='bbox 932 524 1047 562; x_wconf 90' lang='lat' dir='ltr'><strong>bonis</strong></span> <span class='ocrx_word' id='word_1_51' title='bbox 1075 525 1154 562; x_wconf 86' lang='lat' dir='ltr'><strong>suis</strong></span> <span class='ocrx_word' id='word_1_52' title='bbox 1179 525 1365 562; x_wconf 89' lang='lat' dir='ltr'><strong>omnibus</strong></span> <span class='ocrx_word' id='word_1_53' title='bbox 1395 526 1547 563; x_wconf 85' lang='lat' dir='ltr'><strong>efficere</strong></span> 
     </span>
     <span class='ocr_line' id='line_1_10' title="bbox 217 589 1547 641; baseline -0.001 -13"><span class='ocrx_word' id='word_1_54' title='bbox 217 604 296 628; x_wconf 89' lang='lat' dir='ltr'><strong>non</strong></span> <span class='ocrx_word' id='word_1_55' title='bbox 328 597 471 641; x_wconf 84' lang='lat' dir='ltr'><strong>posset.</strong></span> <span class='ocrx_word' id='word_1_56' title='bbox 534 592 648 628; x_wconf 82' lang='lat' dir='ltr'><strong>Haec</strong></span> <span class='ocrx_word' id='word_1_57' title='bbox 674 597 728 637; x_wconf 87' lang='lat' dir='ltr'><strong>tu,</strong></span> <span class='ocrx_word' id='word_1_58' title='bbox 750 589 903 628; x_wconf 83' lang='lat' dir='ltr'><strong>tametsi</strong></span> <span class='ocrx_word' id='word_1_59' title='bbox 935 589 1113 627; x_wconf 84' lang='lat' dir='ltr'><strong>omniurn</strong></span> <span class='ocrx_word' id='word_1_60' title='bbox 1145 589 1353 627; x_wconf 85' lang='lat' dir='ltr'><strong>hominum</strong></span> <span class='ocrx_word' id='word_1_61' title='bbox 1383 589 1547 628; x_wconf 86' lang='lat' dir='ltr'><strong>dissolu-</strong></span> 
     </span>
     <span class='ocr_line' id='line_1_11' title="bbox 217 654 1545 705; baseline -0.001 -13"><span class='ocrx_word' id='word_1_62' title='bbox 217 655 388 693; x_wconf 76' lang='lat' dir='ltr'><strong>tissimus</strong></span> <span class='ocrx_word' id='word_1_63' title='bbox 418 655 792 705; x_wconf 84' lang='lat' dir='ltr'><strong>crudelissimusque</strong></span> <span class='ocrx_word' id='word_1_64' title='bbox 822 668 977 704; x_wconf 88' lang='lat' dir='ltr'><strong>semper</strong></span> <span class='ocrx_word' id='word_1_65' title='bbox 1012 654 1128 701; x_wconf 82' lang='lat' dir='ltr'><strong>fuisti,</strong></span> <span class='ocrx_word' id='word_1_66' title='bbox 1160 662 1292 692; x_wconf 87' lang='lat' dir='ltr'><strong>tamen</strong></span> <span class='ocrx_word' id='word_1_67' title='bbox 1328 668 1545 704; x_wconf 84' lang='lat' dir='ltr'><strong>numquam</strong></span> 
     </span>
     <span class='ocr_line' id='line_1_12' title="bbox 216 719 1545 770; baseline -0.001 -12"><span class='ocrx_word' id='word_1_68' title='bbox 216 728 471 770; x_wconf 84' lang='lat' dir='ltr'><strong>perpeterere,</strong></span> <span class='ocrx_word' id='word_1_69' title='bbox 514 727 719 770; x_wconf 85' lang='lat' dir='ltr'><strong>propterea</strong></span> <span class='ocrx_word' id='word_1_70' title='bbox 758 721 868 769; x_wconf 87' lang='lat' dir='ltr'><strong>quod</strong></span> <span class='ocrx_word' id='word_1_71' title='bbox 905 719 970 758; x_wconf 89' lang='lat' dir='ltr'><strong>ille</strong></span> <span class='ocrx_word' id='word_1_72' title='bbox 1008 719 1176 769; x_wconf 87' lang='lat' dir='ltr'><strong>gemitus</strong></span> <span class='ocrx_word' id='word_1_73' title='bbox 1215 721 1422 769; x_wconf 86' lang='lat' dir='ltr'><strong>luctusque</strong></span> <span class='ocrx_word' id='word_1_74' title='bbox 1461 734 1545 770; x_wconf 91' lang='lat' dir='ltr'><strong>pro-</strong></span> 
     </span>
     <span class='ocr_line' id='line_1_13' title="bbox 216 784 1607 835; baseline -0.001 -12"><span class='ocrx_word' id='word_1_75' title='bbox 216 785 366 824; x_wconf 86' lang='lat' dir='ltr'><strong>vinciae</strong></span> <span class='ocrx_word' id='word_1_76' title='bbox 396 787 447 824; x_wconf 89' lang='lat' dir='ltr'><strong>ad</strong></span> <span class='ocrx_word' id='word_1_77' title='bbox 478 785 533 823; x_wconf 89' lang='lat' dir='ltr'><strong>tui</strong></span> <span class='ocrx_word' id='word_1_78' title='bbox 563 785 701 835; x_wconf 83' lang='lat' dir='ltr'><strong>capitis</strong></span> <span class='ocrx_word' id='word_1_79' title='bbox 730 784 947 834; x_wconf 84' lang='lat' dir='ltr'><strong>periculum</strong></span> <span class='ocrx_word' id='word_1_80' title='bbox 978 784 1226 835; x_wconf 66' lang='lat' dir='ltr'><strong>pertinebat,</strong></span> <span class='ocrx_word' id='word_1_81' title='bbox 1254 798 1345 831; x_wconf 90' lang='lat' dir='ltr'><strong>non,</strong></span> <span class='ocrx_word' id='word_1_82' title='bbox 1368 784 1542 835; x_wconf 89' lang='lat' dir='ltr'><strong>inquam,</strong></span> <span class='ocrx_word' id='word_1_83' title='bbox 1569 801 1607 823; x_wconf 89' lang='lat'><strong>10</strong></span> 
     </span>
     <span class='ocr_line' id='line_1_14' title="bbox 215 849 1545 900; baseline 0 -12"><span class='ocrx_word' id='word_1_84' title='bbox 215 858 460 900; x_wconf 85' lang='lat' dir='ltr'><strong>perpeterere</strong></span> <span class='ocrx_word' id='word_1_85' title='bbox 488 857 529 887; x_wconf 92' lang='lat' dir='ltr'><strong>ut</strong></span> <span class='ocrx_word' id='word_1_86' title='bbox 562 849 745 888; x_wconf 87' lang='lat' dir='ltr'><strong>homines</strong></span> <span class='ocrx_word' id='word_1_87' title='bbox 772 849 936 887; x_wconf 85' lang='lat' dir='ltr'><strong>iniuriae</strong></span> <span class='ocrx_word' id='word_1_88' title='bbox 970 857 1061 887; x_wconf 88' lang='lat' dir='ltr'><strong>tuae</strong></span> <span class='ocrx_word' id='word_1_89' title='bbox 1095 849 1313 888; x_wconf 89' lang='lat' dir='ltr'><strong>remedium</strong></span> <span class='ocrx_word' id='word_1_90' title='bbox 1345 857 1471 888; x_wconf 88' lang='lat' dir='ltr'><strong>morte</strong></span> <span class='ocrx_word' id='word_1_91' title='bbox 1498 864 1545 888; x_wconf 84' lang='lat' dir='ltr'><strong>ac</strong></span> 
     </span>
     <span class='ocr_line' id='line_1_15' title="bbox 214 913 1545 965; baseline 0.001 -13"><span class='ocrx_word' id='word_1_92' title='bbox 214 915 430 964; x_wconf 87' lang='lat' dir='ltr'><strong>suspendio</strong></span> <span class='ocrx_word' id='word_1_93' title='bbox 446 922 689 964; x_wconf 83' lang='lat' dir='ltr'><strong>quaererent,</strong></span> <span class='ocrx_word' id='word_1_94' title='bbox 708 913 782 952; x_wconf 89' lang='lat' dir='ltr'><strong>nisi</strong></span> <span class='ocrx_word' id='word_1_95' title='bbox 796 928 842 953; x_wconf 91' lang='lat' dir='ltr'><strong>ea</strong></span> <span class='ocrx_word' id='word_1_96' title='bbox 857 928 917 953; x_wconf 91' lang='lat' dir='ltr'><strong>res</strong></span> <span class='ocrx_word' id='word_1_97' title='bbox 938 916 988 953; x_wconf 85' lang='lat' dir='ltr'><strong>ad</strong></span> <span class='ocrx_word' id='word_1_98' title='bbox 1004 922 1212 964; x_wconf 87' lang='lat' dir='ltr'><strong>quaestum</strong></span> <span class='ocrx_word' id='word_1_99' title='bbox 1233 922 1272 952; x_wconf 90' lang='lat' dir='ltr'><strong>et</strong></span> <span class='ocrx_word' id='word_1_100' title='bbox 1286 915 1338 953; x_wconf 88' lang='lat' dir='ltr'><strong>ad</strong></span> <span class='ocrx_word' id='word_1_101' title='bbox 1358 916 1545 965; x_wconf 85' lang='lat' dir='ltr'><strong>praedam</strong></span> 
     </span>
     <span class='ocr_line' id='line_1_16' title="bbox 214 980 562 1030; baseline 0 -13"><span class='ocrx_word' id='word_1_102' title='bbox 214 987 321 1018; x_wconf 89' lang='lat' dir='ltr'><strong>tuam</strong></span> <span class='ocrx_word' id='word_1_103' title='bbox 343 980 562 1030; x_wconf 88' lang='lat' dir='ltr'><strong>pertineret.</strong></span> 
     </span>
    </p>

    <p class='ocr_par' dir='ltr' id='par_1_5' title="bbox 213 1044 1605 1422">
     <span class='ocr_line' id='line_1_17' title="bbox 270 1044 1544 1095; baseline 0.001 -12"><span class='ocrx_word' id='word_1_104' title='bbox 270 1045 408 1094; x_wconf 85' lang='lat' dir='ltr'><strong>Quid?</strong></span> <span class='ocrx_word' id='word_1_105' title='bbox 438 1045 534 1083; x_wconf 93' lang='lat' dir='ltr'><strong>illud</strong></span> <span class='ocrx_word' id='word_1_106' title='bbox 563 1046 840 1095; x_wconf 87' lang='lat' dir='ltr'><strong>perpeterere?</strong></span> <span class='ocrx_word' id='word_1_107' title='bbox 897 1044 1112 1091; x_wconf 87' lang='lat' dir='ltr'><strong>Attendite,</strong></span> <span class='ocrx_word' id='word_1_108' title='bbox 1146 1044 1321 1093; x_wconf 67' lang='lat' dir='ltr'><strong>iudices,</strong></span> <span class='ocrx_word' id='word_1_109' title='bbox 1359 1045 1544 1084; x_wconf 90' lang='lat' dir='ltr'><strong>omnibus</strong></span> 
     </span>
     <span class='ocr_line' id='line_1_18' title="bbox 214 1110 1605 1160; baseline 0.001 -11"><span class='ocrx_word' id='word_1_110' title='bbox 214 1110 318 1149; x_wconf 87' lang='lat' dir='ltr'><strong>enim</strong></span> <span class='ocrx_word' id='word_1_111' title='bbox 347 1110 474 1149; x_wconf 89' lang='lat' dir='ltr'><strong>nervis</strong></span> <span class='ocrx_word' id='word_1_112' title='bbox 501 1110 597 1148; x_wconf 88' lang='lat' dir='ltr'><strong>mihi</strong></span> <span class='ocrx_word' id='word_1_113' title='bbox 619 1111 941 1148; x_wconf 88' lang='lat' dir='ltr'><strong>contendendum</strong></span> <span class='ocrx_word' id='word_1_114' title='bbox 963 1118 1021 1148; x_wconf 86' lang='lat' dir='ltr'><strong>est</strong></span> <span class='ocrx_word' id='word_1_115' title='bbox 1040 1118 1159 1160; x_wconf 85' lang='lat' dir='ltr'><strong>atque</strong></span> <span class='ocrx_word' id='word_1_116' title='bbox 1186 1110 1226 1148; x_wconf 93' lang='lat' dir='ltr'><strong>in</strong></span> <span class='ocrx_word' id='word_1_117' title='bbox 1247 1111 1323 1149; x_wconf 87' lang='lat' dir='ltr'><strong>hoc</strong></span> <span class='ocrx_word' id='word_1_118' title='bbox 1345 1111 1544 1149; x_wconf 84' lang='lat' dir='ltr'><strong>elaboran-</strong></span> <span class='ocrx_word' id='word_1_119' title='bbox 1566 1127 1605 1160; x_wconf 87' lang='lat'><strong>15</strong></span> 
     </span>
     <span class='ocr_line' id='line_1_19' title="bbox 213 1175 1546 1225; baseline 0.002 -13"><span class='ocrx_word' id='word_1_120' title='bbox 213 1176 320 1221; x_wconf 89' lang='lat' dir='ltr'><strong>dum,</strong></span> <span class='ocrx_word' id='word_1_121' title='bbox 351 1183 392 1213; x_wconf 91' lang='lat' dir='ltr'><strong>ut</strong></span> <span class='ocrx_word' id='word_1_122' title='bbox 426 1189 565 1213; x_wconf 90' lang='lat' dir='ltr'><strong>omnes</strong></span> <span class='ocrx_word' id='word_1_123' title='bbox 597 1175 824 1225; x_wconf 82' lang='lat' dir='ltr'><strong>intellegant</strong></span> <span class='ocrx_word' id='word_1_124' title='bbox 859 1189 976 1224; x_wconf 86' lang='lat' dir='ltr'><strong>quam</strong></span> <span class='ocrx_word' id='word_1_125' title='bbox 1012 1175 1245 1225; x_wconf 86' lang='lat' dir='ltr'><strong>improbam,</strong></span> <span class='ocrx_word' id='word_1_126' title='bbox 1275 1189 1394 1225; x_wconf 88' lang='lat' dir='ltr'><strong>quam</strong></span> <span class='ocrx_word' id='word_1_127' title='bbox 1425 1176 1546 1214; x_wconf 87' lang='lat' dir='ltr'><strong>mani-</strong></span> 
     </span>
     <span class='ocr_line' id='line_1_20' title="bbox 214 1240 1542 1290; baseline 0.002 -13"><span class='ocrx_word' id='word_1_128' title='bbox 214 1241 363 1287; x_wconf 86' lang='lat' dir='ltr'><strong>festam,</strong></span> <span class='ocrx_word' id='word_1_129' title='bbox 399 1253 518 1290; x_wconf 86' lang='lat' dir='ltr'><strong>quam</strong></span> <span class='ocrx_word' id='word_1_130' title='bbox 552 1241 774 1278; x_wconf 85' lang='lat' dir='ltr'><strong>confessam</strong></span> <span class='ocrx_word' id='word_1_131' title='bbox 814 1253 895 1278; x_wconf 93' lang='lat' dir='ltr'><strong>rem</strong></span> <span class='ocrx_word' id='word_1_132' title='bbox 931 1240 1100 1290; x_wconf 90' lang='lat' dir='ltr'><strong>pecunia</strong></span> <span class='ocrx_word' id='word_1_133' title='bbox 1139 1240 1329 1278; x_wconf 86' lang='lat' dir='ltr'><strong>redimere</strong></span> <span class='ocrx_word' id='word_1_134' title='bbox 1368 1248 1542 1279; x_wconf 89' lang='lat' dir='ltr'><strong>conetur.</strong></span> 
     </span>
     <span class='ocr_line' id='line_1_21' title="bbox 215 1305 1547 1355; baseline 0.002 -12"><span class='ocrx_word' id='word_1_135' title='bbox 215 1306 342 1343; x_wconf 81' lang='lat' dir='ltr'><strong>Grave</strong></span> <span class='ocrx_word' id='word_1_136' title='bbox 363 1305 511 1344; x_wconf 90' lang='lat' dir='ltr'><strong>crimen</strong></span> <span class='ocrx_word' id='word_1_137' title='bbox 532 1312 590 1343; x_wconf 84' lang='lat' dir='ltr'><strong>est</strong></span> <span class='ocrx_word' id='word_1_138' title='bbox 611 1306 688 1343; x_wconf 87' lang='lat' dir='ltr'><strong>hoc</strong></span> <span class='ocrx_word' id='word_1_139' title='bbox 709 1312 747 1344; x_wconf 92' lang='lat' dir='ltr'><strong>et</strong></span> <span class='ocrx_word' id='word_1_140' title='bbox 771 1306 986 1343; x_wconf 85' lang='lat' dir='ltr'><strong>vehemens</strong></span> <span class='ocrx_word' id='word_1_141' title='bbox 1008 1313 1045 1344; x_wconf 89' lang='lat' dir='ltr'><strong>et</strong></span> <span class='ocrx_word' id='word_1_142' title='bbox 1067 1314 1155 1355; x_wconf 90' lang='lat' dir='ltr'><strong>post</strong></span> <span class='ocrx_word' id='word_1_143' title='bbox 1171 1305 1378 1344; x_wconf 87' lang='lat' dir='ltr'><strong>hominum</strong></span> <span class='ocrx_word' id='word_1_144' title='bbox 1400 1320 1547 1345; x_wconf 88' lang='lat' dir='ltr'><strong>merno-</strong></span> 
     </span>
     <span class='ocr_line' id='line_1_22' title="bbox 213 1371 1546 1422; baseline 0.002 -14"><span class='ocrx_word' id='word_1_145' title='bbox 213 1371 307 1409; x_wconf 87' lang='lat' dir='ltr'><strong>riam</strong></span> <span class='ocrx_word' id='word_1_146' title='bbox 340 1371 563 1421; x_wconf 87' lang='lat' dir='ltr'><strong>iudiciaque</strong></span> <span class='ocrx_word' id='word_1_147' title='bbox 593 1373 643 1409; x_wconf 89' lang='lat' dir='ltr'><strong>de</strong></span> <span class='ocrx_word' id='word_1_148' title='bbox 673 1371 850 1421; x_wconf 90' lang='lat' dir='ltr'><strong>pecuniis</strong></span> <span class='ocrx_word' id='word_1_149' title='bbox 882 1371 1108 1421; x_wconf 85' lang='lat' dir='ltr'><strong>repetundis</strong></span> <span class='ocrx_word' id='word_1_150' title='bbox 1136 1371 1350 1410; x_wconf 86' lang='lat' dir='ltr'><strong>constituta</strong></span> <span class='ocrx_word' id='word_1_151' title='bbox 1372 1372 1546 1422; x_wconf 85' lang='lat' dir='ltr'><strong>gravissi-</strong></span> 
     </span>
    </p>
   </div>
   <div class='ocr_carea' id='block_1_5' title="bbox 145 1438 1607 1488">
    <p class='ocr_par' dir='ltr' id='par_1_6' title="bbox 145 1438 1607 1488">
     <span class='ocr_line' id='line_1_23' title="bbox 145 1438 1607 1488; baseline 0.001 -13"><span class='ocrx_word' id='word_1_152' title='bbox 145 1442 194 1481; x_wconf 92' lang='lat'><strong>57</strong></span> <span class='ocrx_word' id='word_1_153' title='bbox 215 1451 334 1485; x_wconf 88' lang='lat' dir='ltr'><strong>mum,</strong></span> <span class='ocrx_word' id='word_1_154' title='bbox 369 1446 587 1488; x_wconf 86' lang='lat' dir='ltr'><strong>praetorem</strong></span> <span class='ocrx_word' id='word_1_155' title='bbox 629 1438 757 1476; x_wconf 87' lang='lat' dir='ltr'><strong>socios</strong></span> <span class='ocrx_word' id='word_1_156' title='bbox 796 1438 982 1476; x_wconf 85' lang='lat' dir='ltr'><strong>habuisse</strong></span> <span class='ocrx_word' id='word_1_157' title='bbox 1020 1439 1276 1476; x_wconf 86' lang='lat' dir='ltr'><strong>decumanos.</strong></span> <span class='ocrx_word' id='word_1_158' title='bbox 1336 1440 1429 1476; x_wconf 92' lang='lat' dir='ltr'><strong>Non</strong></span> <span class='ocrx_word' id='word_1_159' title='bbox 1468 1441 1544 1478; x_wconf 91' lang='lat' dir='ltr'><strong>hoc</strong></span> <span class='ocrx_word' id='word_1_160' title='bbox 1567 1455 1607 1476; x_wconf 87' lang='lat'><strong>20</strong></span> 
     </span>
    </p>
   </div>
   <div class='ocr_carea' id='block_1_6' title="bbox 212 1503 1604 2011">
    <p class='ocr_par' dir='ltr' id='par_1_7' title="bbox 212 1503 1604 2011">
     <span class='ocr_line' id='line_1_24' title="bbox 214 1503 1544 1553; baseline 0.002 -12"><span class='ocrx_word' id='word_1_161' title='bbox 214 1517 319 1541; x_wconf 90' lang='lat' dir='ltr'><strong>nunc</strong></span> <span class='ocrx_word' id='word_1_162' title='bbox 340 1503 508 1553; x_wconf 88' lang='lat' dir='ltr'><strong>primum</strong></span> <span class='ocrx_word' id='word_1_163' title='bbox 530 1503 640 1541; x_wconf 88' lang='lat' dir='ltr'><strong>audit</strong></span> <span class='ocrx_word' id='word_1_164' title='bbox 661 1503 832 1553; x_wconf 81' lang='lat' dir='ltr'><strong>privatus</strong></span> <span class='ocrx_word' id='word_1_165' title='bbox 853 1505 904 1541; x_wconf 89' lang='lat' dir='ltr'><strong>de</strong></span> <span class='ocrx_word' id='word_1_166' title='bbox 925 1503 1095 1550; x_wconf 87' lang='lat' dir='ltr'><strong>inimico,</strong></span> <span class='ocrx_word' id='word_1_167' title='bbox 1115 1517 1202 1541; x_wconf 84' lang='lat' dir='ltr'><strong>reus</strong></span> <span class='ocrx_word' id='word_1_168' title='bbox 1222 1505 1273 1542; x_wconf 85' lang='lat' dir='ltr'><strong>ab</strong></span> <span class='ocrx_word' id='word_1_169' title='bbox 1293 1512 1544 1543; x_wconf 81' lang='lat' dir='ltr'><strong>accusatore:</strong></span> 
     </span>
     <span class='ocr_line' id='line_1_25' title="bbox 214 1568 1543 1618; baseline 0.001 -12"><span class='ocrx_word' id='word_1_170' title='bbox 214 1569 290 1606; x_wconf 87' lang='lat' dir='ltr'><strong>iam</strong></span> <span class='ocrx_word' id='word_1_171' title='bbox 321 1576 436 1606; x_wconf 88' lang='lat' dir='ltr'><strong>antea</strong></span> <span class='ocrx_word' id='word_1_172' title='bbox 457 1568 495 1605; x_wconf 91' lang='lat' dir='ltr'><strong>in</strong></span> <span class='ocrx_word' id='word_1_173' title='bbox 518 1570 611 1606; x_wconf 85' lang='lat' dir='ltr'><strong>sella</strong></span> <span class='ocrx_word' id='word_1_174' title='bbox 633 1570 775 1607; x_wconf 88' lang='lat' dir='ltr'><strong>sedens</strong></span> <span class='ocrx_word' id='word_1_175' title='bbox 798 1576 962 1618; x_wconf 89' lang='lat' dir='ltr'><strong>praetor,</strong></span> <span class='ocrx_word' id='word_1_176' title='bbox 986 1582 1076 1606; x_wconf 86' lang='lat' dir='ltr'><strong>cum</strong></span> <span class='ocrx_word' id='word_1_177' title='bbox 1108 1568 1350 1618; x_wconf 81' lang='lat' dir='ltr'><strong>provinciam</strong></span> <span class='ocrx_word' id='word_1_178' title='bbox 1373 1569 1543 1607; x_wconf 85' lang='lat' dir='ltr'><strong>Siciliam</strong></span> 
     </span>
     <span class='ocr_line' id='line_1_26' title="bbox 213 1633 1545 1683; baseline 0.001 -11"><span class='ocrx_word' id='word_1_179' title='bbox 213 1634 418 1680; x_wconf 88' lang='lat' dir='ltr'><strong>obtineret,</strong></span> <span class='ocrx_word' id='word_1_180' title='bbox 442 1648 532 1672; x_wconf 91' lang='lat' dir='ltr'><strong>cum</strong></span> <span class='ocrx_word' id='word_1_181' title='bbox 560 1634 610 1672; x_wconf 87' lang='lat' dir='ltr'><strong>ab</strong></span> <span class='ocrx_word' id='word_1_182' title='bbox 641 1633 825 1671; x_wconf 88' lang='lat' dir='ltr'><strong>omnibus</strong></span> <span class='ocrx_word' id='word_1_183' title='bbox 853 1647 932 1672; x_wconf 93' lang='lat' dir='ltr'><strong>non</strong></span> <span class='ocrx_word' id='word_1_184' title='bbox 963 1635 1102 1680; x_wconf 89' lang='lat' dir='ltr'><strong>solum,</strong></span> <span class='ocrx_word' id='word_1_185' title='bbox 1127 1635 1165 1672; x_wconf 87' lang='lat' dir='ltr'><strong>id</strong></span> <span class='ocrx_word' id='word_1_186' title='bbox 1193 1635 1302 1683; x_wconf 87' lang='lat' dir='ltr'><strong>quod</strong></span> <span class='ocrx_word' id='word_1_187' title='bbox 1332 1648 1545 1673; x_wconf 90' lang='lat' dir='ltr'><strong>commune</strong></span> 
     </span>
     <span class='ocr_line' id='line_1_27' title="bbox 213 1699 1542 1749; baseline 0.001 -12"><span class='ocrx_word' id='word_1_188' title='bbox 213 1707 280 1745; x_wconf 88' lang='lat' dir='ltr'><strong>est,</strong></span> <span class='ocrx_word' id='word_1_189' title='bbox 306 1707 462 1749; x_wconf 86' lang='lat' dir='ltr'><strong>propter</strong></span> <span class='ocrx_word' id='word_1_190' title='bbox 482 1699 704 1749; x_wconf 86' lang='lat' dir='ltr'><strong>imperium,</strong></span> <span class='ocrx_word' id='word_1_191' title='bbox 726 1700 795 1737; x_wconf 88' lang='lat' dir='ltr'><strong>sed</strong></span> <span class='ocrx_word' id='word_1_192' title='bbox 818 1699 946 1745; x_wconf 91' lang='lat' dir='ltr'><strong>etiam,</strong></span> <span class='ocrx_word' id='word_1_193' title='bbox 965 1699 1006 1737; x_wconf 90' lang='lat' dir='ltr'><strong>id</strong></span> <span class='ocrx_word' id='word_1_194' title='bbox 1027 1700 1135 1748; x_wconf 87' lang='lat' dir='ltr'><strong>quod</strong></span> <span class='ocrx_word' id='word_1_195' title='bbox 1158 1699 1267 1737; x_wconf 86' lang='lat' dir='ltr'><strong>istius</strong></span> <span class='ocrx_word' id='word_1_196' title='bbox 1288 1700 1542 1749; x_wconf 82' lang='lat' dir='ltr'><strong>praecipuum</strong></span> 
     </span>
     <span class='ocr_line' id='line_1_28' title="bbox 213 1764 1604 1815; baseline 0.001 -13"><span class='ocrx_word' id='word_1_197' title='bbox 213 1772 280 1811; x_wconf 91' lang='lat' dir='ltr'><strong>est,</strong></span> <span class='ocrx_word' id='word_1_198' title='bbox 311 1772 468 1815; x_wconf 88' lang='lat' dir='ltr'><strong>propter</strong></span> <span class='ocrx_word' id='word_1_199' title='bbox 497 1765 765 1803; x_wconf 85' lang='lat' dir='ltr'><strong>crudelitatem</strong></span> <span class='ocrx_word' id='word_1_200' title='bbox 798 1772 1046 1811; x_wconf 85' lang='lat' dir='ltr'><strong>metueretur,</strong></span> <span class='ocrx_word' id='word_1_201' title='bbox 1078 1764 1231 1803; x_wconf 87' lang='lat' dir='ltr'><strong>miliens</strong></span> <span class='ocrx_word' id='word_1_202' title='bbox 1261 1765 1418 1811; x_wconf 80' lang='lat' dir='ltr'><strong>audivit,</strong></span> <span class='ocrx_word' id='word_1_203' title='bbox 1452 1779 1541 1803; x_wconf 88' lang='lat' dir='ltr'><strong>cum</strong></span> <span class='ocrx_word' id='word_1_204' title='bbox 1565 1782 1604 1813; x_wconf 88' lang='lat'><strong>25</strong></span> 
     </span>
     <span class='ocr_line' id='line_1_29' title="bbox 212 1830 1540 1881; baseline 0.002 -14"><span class='ocrx_word' id='word_1_205' title='bbox 212 1830 295 1868; x_wconf 85' lang='lat' dir='ltr'><strong>eius</strong></span> <span class='ocrx_word' id='word_1_206' title='bbox 325 1830 501 1867; x_wconf 86' lang='lat' dir='ltr'><strong>animum</strong></span> <span class='ocrx_word' id='word_1_207' title='bbox 536 1831 587 1867; x_wconf 87' lang='lat' dir='ltr'><strong>ad</strong></span> <span class='ocrx_word' id='word_1_208' title='bbox 620 1831 939 1879; x_wconf 88' lang='lat' dir='ltr'><strong>persequendum</strong></span> <span class='ocrx_word' id='word_1_209' title='bbox 971 1844 1051 1868; x_wconf 93' lang='lat' dir='ltr'><strong>non</strong></span> <span class='ocrx_word' id='word_1_210' title='bbox 1083 1831 1329 1881; x_wconf 78' lang='lat' dir='ltr'><strong>neglegentia</strong></span> <span class='ocrx_word' id='word_1_211' title='bbox 1361 1832 1540 1877; x_wconf 84' lang='lat' dir='ltr'><strong>tardaret,</strong></span> 
     </span>
     <span class='ocr_line' id='line_1_30' title="bbox 213 1894 1543 1945; baseline 0.001 -12"><span class='ocrx_word' id='word_1_212' title='bbox 213 1896 282 1933; x_wconf 89' lang='lat' dir='ltr'><strong>sed</strong></span> <span class='ocrx_word' id='word_1_213' title='bbox 304 1894 546 1933; x_wconf 84' lang='lat' dir='ltr'><strong>conscientia</strong></span> <span class='ocrx_word' id='word_1_214' title='bbox 567 1894 721 1933; x_wconf 87' lang='lat' dir='ltr'><strong>sceleris</strong></span> <span class='ocrx_word' id='word_1_215' title='bbox 742 1895 1004 1945; x_wconf 88' lang='lat' dir='ltr'><strong>avaritiaeque</strong></span> <span class='ocrx_word' id='word_1_216' title='bbox 1018 1909 1110 1934; x_wconf 87' lang='lat' dir='ltr'><strong>suae</strong></span> <span class='ocrx_word' id='word_1_217' title='bbox 1127 1897 1346 1934; x_wconf 87' lang='lat' dir='ltr'><strong>refrenaret.</strong></span> <span class='ocrx_word' id='word_1_218' title='bbox 1391 1898 1543 1945; x_wconf 86' lang='lat' dir='ltr'><strong>Loque-</strong></span> 
     </span>
     <span class='ocr_line' id='line_1_31' title="bbox 213 1960 1542 2011; baseline -0.001 -12"><span class='ocrx_word' id='word_1_219' title='bbox 213 1961 355 1999; x_wconf 90' lang='lat' dir='ltr'><strong>bantur</strong></span> <span class='ocrx_word' id='word_1_220' title='bbox 375 1960 480 1999; x_wconf 87' lang='lat' dir='ltr'><strong>enim</strong></span> <span class='ocrx_word' id='word_1_221' title='bbox 502 1960 712 1999; x_wconf 85' lang='lat' dir='ltr'><strong>decumani</strong></span> <span class='ocrx_word' id='word_1_222' title='bbox 734 1962 875 2010; x_wconf 84' lang='lat' dir='ltr'><strong>palam,</strong></span> <span class='ocrx_word' id='word_1_223' title='bbox 895 1969 933 1999; x_wconf 89' lang='lat' dir='ltr'><strong>et</strong></span> <span class='ocrx_word' id='word_1_224' title='bbox 954 1969 1106 2011; x_wconf 85' lang='lat' dir='ltr'><strong>praeter·</strong></span> <span class='ocrx_word' id='word_1_225' title='bbox 1119 1969 1269 1999; x_wconf 91' lang='lat' dir='ltr'><strong>ceteros</strong></span> <span class='ocrx_word' id='word_1_226' title='bbox 1291 1961 1321 1998; x_wconf 88' lang='lat' dir='ltr'><strong>is</strong></span> <span class='ocrx_word' id='word_1_227' title='bbox 1349 1961 1415 2011; x_wconf 89' lang='lat' dir='ltr'><strong>qui</strong></span> <span class='ocrx_word' id='word_1_228' title='bbox 1436 1961 1542 2010; x_wconf 88' lang='lat' dir='ltr'><strong>apud</strong></span> 
     </span>
    </p>
   </div>
   <div class='ocr_carea' id='block_1_7' title="bbox 208 2064 1542 2322">
    <p class='ocr_par' dir='ltr' id='par_1_8' title="bbox 208 2064 1542 2322">
     <span class='ocr_line' id='line_1_32' title="bbox 256 2064 1539 2105; baseline -0.001 -10"><span class='ocrx_word' id='word_1_229' title='bbox 256 2075 276 2103; x_wconf 87' lang='lat'><strong>3</strong></span> <span class='ocrx_word' id='word_1_230' title='bbox 302 2064 485 2104; x_wconf 82' lang='lat' dir='ltr'><strong>principem</strong></span> <span class='ocrx_word' id='word_1_231' title='bbox 509 2065 538 2095; x_wconf 89' lang='lat' dir='ltr'>O</span> <span class='ocrx_word' id='word_1_232' title='bbox 558 2077 564 2095; x_wconf 78' lang='lat' dir='ltr'>z</span> <span class='ocrx_word' id='word_1_233' title='bbox 591 2065 731 2105; x_wconf 86' lang='lat' dir='ltr'><strong>primum</strong></span> <span class='ocrx_word' id='word_1_234' title='bbox 746 2070 770 2104; x_wconf 78' lang='lat' dir='ltr'><strong>j&gt;</strong></span> <span class='ocrx_word' id='word_1_235' title='bbox 789 2065 854 2095; x_wconf 65' lang='lat' dir='ltr'><strong>rell.</strong></span> <span class='ocrx_word' id='word_1_236' title='bbox 961 2074 980 2103; x_wconf 89' lang='lat'>5</span> <span class='ocrx_word' id='word_1_237' title='bbox 1005 2066 1225 2095; x_wconf 86' lang='lat' dir='ltr'><strong>decumanum</strong></span> <span class='ocrx_word' id='word_1_238' title='bbox 1248 2064 1301 2094; x_wconf 85' lang='lat' dir='ltr'><strong>O:</strong></span> <span class='ocrx_word' id='word_1_239' title='bbox 1326 2066 1539 2095; x_wconf 85' lang='lat' dir='ltr'><strong>decumarum</strong></span> 
     </span>
     <span class='ocr_line' id='line_1_33' title="bbox 208 2108 1542 2148; baseline -0.001 -10"><span class='ocrx_word' id='word_1_240' title='bbox 208 2113 232 2147; x_wconf 81' lang='lat' dir='ltr'><strong>j&gt;</strong></span> <span class='ocrx_word' id='word_1_241' title='bbox 251 2108 314 2138; x_wconf 81' lang='lat' dir='ltr'><strong>rell.</strong></span> <span class='ocrx_word' id='word_1_242' title='bbox 480 2120 501 2148; x_wconf 91' lang='lat'>9</span> <span class='ocrx_word' id='word_1_243' title='bbox 527 2109 583 2138; x_wconf 80' lang='lat' dir='ltr'><strong>illc</strong></span> <span class='ocrx_word' id='word_1_244' title='bbox 601 2109 647 2138; x_wconf 61' lang='grc' dir='ltr'><strong>[Ο</strong></span> <span class='ocrx_word' id='word_1_245' title='bbox 667 2120 672 2138; x_wconf 91' lang='lat'>:</span> <span class='ocrx_word' id='word_1_246' title='bbox 699 2108 781 2148; x_wconf 75' lang='lat' dir='ltr'><strong>illis&gt;</strong></span> <span class='ocrx_word' id='word_1_247' title='bbox 799 2109 865 2139; x_wconf 70' lang='lat' dir='ltr'><strong>rell.</strong></span> <span class='ocrx_word' id='word_1_248' title='bbox 1032 2119 1069 2138; x_wconf 86' lang='lat'><strong>10</strong></span> <span class='ocrx_word' id='word_1_249' title='bbox 1094 2108 1284 2147; x_wconf 88' lang='lat' dir='ltr'><strong>pertinebat</strong></span> <span class='ocrx_word' id='word_1_250' title='bbox 1307 2108 1382 2137; x_wconf 71' lang='lat' dir='ltr'><strong>VcO</strong></span> <span class='ocrx_word' id='word_1_251' title='bbox 1402 2119 1408 2137; x_wconf 76' lang='lat' dir='ltr'><em>z</em></span> <span class='ocrx_word' id='word_1_252' title='bbox 1434 2112 1542 2147; x_wconf 84' lang='lat' dir='ltr'><strong>-antp</strong></span> 
     </span>
     <span class='ocr_line' id='line_1_34' title="bbox 213 2151 1540 2191; baseline -0.001 -10"><span class='ocrx_word' id='word_1_253' title='bbox 213 2152 278 2182; x_wconf 74' lang='lat' dir='ltr'><strong>rell.</strong></span> <span class='ocrx_word' id='word_1_254' title='bbox 452 2162 487 2190; x_wconf 85' lang='lat'><strong>14</strong></span> <span class='ocrx_word' id='word_1_255' title='bbox 515 2157 786 2191; x_wconf 76' lang='lat' dir='ltr'><strong>perpetererep:</strong></span> <span class='ocrx_word' id='word_1_256' title='bbox 815 2157 970 2191; x_wconf 82' lang='lat' dir='ltr'><strong>paterere</strong></span> <span class='ocrx_word' id='word_1_257' title='bbox 990 2151 1044 2182; x_wconf 86' lang='lat' dir='ltr'><strong>O:</strong></span> <span class='ocrx_word' id='word_1_258' title='bbox 1068 2152 1281 2190; x_wconf 84' lang='lat' dir='ltr'><strong>pertinerere</strong></span> <span class='ocrx_word' id='word_1_259' title='bbox 1304 2151 1335 2179; x_wconf 79' lang='lat' dir='ltr'><em>V</em></span> <span class='ocrx_word' id='word_1_260' title='bbox 1503 2160 1540 2188; x_wconf 86' lang='lat'><strong>15</strong></span> 
     </span>
     <span class='ocr_line' id='line_1_35' title="bbox 213 2193 1539 2232; baseline -0.002 -8"><span class='ocrx_word' id='word_1_261' title='bbox 213 2196 290 2224; x_wconf 76' lang='lat' dir='ltr'><strong>inihi</strong></span> <span class='ocrx_word' id='word_1_262' title='bbox 311 2196 423 2225; x_wconf 82' lang='lat' dir='ltr'><strong>nervis</strong></span> <span class='ocrx_word' id='word_1_263' title='bbox 443 2196 473 2225; x_wconf 84' lang='grc' dir='ltr'><strong><em>Ο</em></strong></span> <span class='ocrx_word' id='word_1_264' title='bbox 563 2196 836 2227; x_wconf 83' lang='lat' dir='ltr'><strong>contendendum</strong></span> <span class='ocrx_word' id='word_1_265' title='bbox 855 2195 943 2225; x_wconf 84' lang='lat' dir='ltr'><strong>codd.</strong></span> <span class='ocrx_word' id='word_1_266' title='bbox 963 2207 968 2225; x_wconf 82' lang='lat' dir='ltr'>z</span> <span class='ocrx_word' id='word_1_267' title='bbox 994 2195 1230 2225; x_wconf 85' lang='lat' dir='ltr'><strong>connitendum</strong></span> <span class='ocrx_word' id='word_1_268' title='bbox 1249 2194 1337 2232; x_wconf 77' lang='lat' dir='ltr'><strong>vulg.</strong></span> <span class='ocrx_word' id='word_1_269' title='bbox 1428 2193 1539 2223; x_wconf 89' lang='lat' dir='ltr'><strong>elabo-</strong></span> 
     </span>
     <span class='ocr_line' id='line_1_36' title="bbox 214 2236 1540 2279; baseline -0.002 -12"><span class='ocrx_word' id='word_1_270' title='bbox 214 2240 351 2269; x_wconf 83' lang='lat' dir='ltr'><strong>randum</strong></span> <span class='ocrx_word' id='word_1_271' title='bbox 375 2239 442 2279; x_wconf 77' lang='lat' dir='ltr'><strong>Vp:</strong></span> <span class='ocrx_word' id='word_1_272' title='bbox 469 2240 572 2270; x_wconf 83' lang='lat' dir='ltr'><strong>labor.</strong></span> <span class='ocrx_word' id='word_1_273' title='bbox 593 2240 657 2270; x_wconf 74' lang='lat' dir='ltr'><strong>rell.</strong></span> <span class='ocrx_word' id='word_1_274' title='bbox 679 2243 710 2279; x_wconf 57' lang='grc' dir='ltr'><strong>(ᾗ</strong></span> <span class='ocrx_word' id='word_1_275' title='bbox 735 2250 792 2276; x_wconf 84' lang='lat'><strong>124</strong></span> <span class='ocrx_word' id='word_1_276' title='bbox 809 2244 935 2279; x_wconf 80' lang='lat' dir='ltr'><strong>supra:</strong></span> <span class='ocrx_word' id='word_1_277' title='bbox 960 2248 989 2269; x_wconf 74' lang='lat' dir='ltr'><strong>V.</strong></span> <span class='ocrx_word' id='word_1_278' title='bbox 1013 2241 1027 2274; x_wconf 70' lang='grc' dir='ltr'>ξ</span> <span class='ocrx_word' id='word_1_279' title='bbox 1051 2238 1124 2273; x_wconf 63' lang='lat'>126&gt;</span> <span class='ocrx_word' id='word_1_280' title='bbox 1289 2247 1330 2266; x_wconf 86' lang='lat'><strong>20</strong></span> <span class='ocrx_word' id='word_1_281' title='bbox 1356 2236 1432 2266; x_wconf 87' lang='lat' dir='ltr'><strong>Non</strong></span> <span class='ocrx_word' id='word_1_282' title='bbox 1451 2246 1540 2267; x_wconf 89' lang='lat' dir='ltr'><strong>nunc</strong></span> 
     </span>
     <span class='ocr_line' id='line_1_37' title="bbox 212 2279 1541 2322; baseline -0.002 -11"><span class='ocrx_word' id='word_1_283' title='bbox 212 2283 356 2321; x_wconf 85' lang='lat' dir='ltr'><strong>primum</strong></span> <span class='ocrx_word' id='word_1_284' title='bbox 373 2284 467 2313; x_wconf 83' lang='lat' dir='ltr'><strong>audit</strong></span> <span class='ocrx_word' id='word_1_285' title='bbox 485 2284 548 2313; x_wconf 90' lang='lat' dir='ltr'><strong>hoc</strong></span> <span class='ocrx_word' id='word_1_286' title='bbox 566 2294 581 2313; x_wconf 88' lang='lat' dir='ltr'><strong>c</strong></span> <span class='ocrx_word' id='word_1_287' title='bbox 711 2292 752 2311; x_wconf 87' lang='lat'><strong>22</strong></span> <span class='ocrx_word' id='word_1_288' title='bbox 776 2287 855 2312; x_wconf 89' lang='lat' dir='ltr'><strong>ante</strong></span> <span class='ocrx_word' id='word_1_289' title='bbox 878 2282 909 2311; x_wconf 88' lang='lat' dir='ltr'><em>V</em></span> <span class='ocrx_word' id='word_1_290' title='bbox 924 2284 954 2322; x_wconf 58' lang='grc' dir='ltr'><strong>(ς’</strong></span> <span class='ocrx_word' id='word_1_291' title='bbox 974 2291 1014 2319; x_wconf 84' lang='lat'><strong>24</strong></span> <span class='ocrx_word' id='word_1_292' title='bbox 1032 2280 1149 2320; x_wconf 80' lang='lat' dir='ltr'><strong>supra)</strong></span> <span class='ocrx_word' id='word_1_293' title='bbox 1285 2290 1323 2318; x_wconf 88' lang='lat'><strong>27</strong></span> <span class='ocrx_word' id='word_1_294' title='bbox 1351 2279 1541 2309; x_wconf 84' lang='lat' dir='ltr'><strong>refrenaret</strong></span> 
     </span>
    </p>
   </div>
   <div class='ocr_carea' id='block_1_8' title="bbox 215 2326 606 2366">
    <p class='ocr_par' dir='ltr' id='par_1_9' title="bbox 215 2326 606 2366">
     <span class='ocr_line' id='line_1_38' title="bbox 215 2326 606 2366; baseline 0.005 -11"><span class='ocrx_word' id='word_1_295' title='bbox 215 2326 291 2356; x_wconf 73' lang='lat' dir='ltr'><strong>VcO</strong></span> <span class='ocrx_word' id='word_1_296' title='bbox 309 2338 315 2356; x_wconf 90' lang='grc'>;</span> <span class='ocrx_word' id='word_1_297' title='bbox 340 2327 486 2357; x_wconf 86' lang='lat' dir='ltr'><strong>frenaret</strong></span> <span class='ocrx_word' id='word_1_298' title='bbox 499 2332 523 2366; x_wconf 74' lang='lat' dir='ltr'><strong>p</strong></span> <span class='ocrx_word' id='word_1_299' title='bbox 540 2326 606 2357; x_wconf 78' lang='lat' dir='ltr'><strong>rt’ll.</strong></span> 
     </span>
    </p>
   </div>
   <div class='ocr_carea' id='block_1_9' title="bbox 1712 1764 1715 1922">
    <p class='ocr_par' dir='ltr' id='par_1_10' title="bbox 1712 1764 1715 1922">
     <span class='ocr_line' id='line_1_39' title="bbox 1712 1764 1715 1922; baseline 0 0"><span class='ocrx_word' id='word_1_300' title='bbox 1712 1764 1715 1922; x_wconf 95' lang='lat' dir='ltr'><strong> </strong></span> 
     </span>
    </p>
   </div>
  </div>
 </body>
</html>
