1715 2734
127 82 394 123 ACTIONIS
417 84 476 121 IN
499 83 543 121 C.
567 83 807 120 VERREM
830 82 1127 120 SECVNDAE
1150 82 1253 118 LIB.
1278 82 1337 118 IV
1405 90 1450 118 10

126 191 193 241 qui
224 192 413 229 maiorem
442 198 642 241 sumptum
673 205 791 241 quam
822 190 958 241 quanti
988 191 1152 230 Catonis
1183 190 1228 228 lis
1248 190 1451 228 aestimata

126 264 185 295 est
214 256 253 294 in
284 256 526 294 Timarchidi
556 256 764 306 prandium
796 270 911 306 saepe
939 257 1125 294 fecerunt.
1185 257 1331 293 Verum
1354 256 1451 293 haec

126 321 261 359 civitas
282 321 343 358 isti
369 320 556 370 praedoni
583 334 630 358 ac
657 321 802 371 piratae
832 321 1023 359 Siciliensi
1055 320 1228 358 Phaselis
1250 320 1345 367 fuit,
1375 321 1452 357 huc

126 386 260 423 omnia
291 386 467 435 undique
501 387 788 433 deferebantur,
828 388 933 436 apud
974 386 1068 424 istos
1107 385 1455 435 relinquebantur3

90 466 107 496 5
127 451 234 499 quod
265 450 379 488 celari
410 463 510 500 opus
538 458 629 497 erat,
653 451 853 489 habebant
885 451 1100 500 sepositum
1123 458 1160 489 et
1181 451 1453 497 reconditumg

127 528 196 564 per
214 514 308 552 istos
330 528 431 564 quae
451 515 608 552 volebat
629 517 728 553 clani
761 515 1012 565 imponenda,
1039 517 1191 554 occulte
1212 517 1453 565 exportanda

127 579 311 626 curabat,
342 593 481 617 navem
512 580 684 629 denique
716 581 937 627 maximam,
978 594 1096 630 quam
1129 589 1310 618 onustam
1344 581 1452 618 furtis

128 643 167 681 in
190 644 341 682 Italiam
374 644 553 691 mitteret,
575 647 682 694 apud
708 646 802 684 istos
832 646 1055 684 faciundam
1086 646 1453 694 aedificandamque

127 708 302 756 curavit3
331 722 401 758 pro
431 710 538 747 hisce
568 710 685 747 rebus
709 710 860 748 vacatio
893 712 984 748 data
1012 718 1069 748 est
1093 711 1144 748 ab
1165 710 1239 748 isto
1260 718 1451 759 sumptus,

71 788 109 811 10
127 773 284 820 laboris,
317 773 487 820 militiae,
522 788 649 812 rerum
683 774 855 824 denique
897 775 1103 823 omnium,
1136 789 1204 825 per
1241 775 1452 813 triennium

128 837 199 875 soli
234 851 314 876 non
349 840 471 876 modo
502 838 543 876 in
575 839 705 877 Sicilia
736 853 881 886 verum,
916 847 957 877 ut
994 839 1128 890 opinio
1164 853 1250 877 mea
1279 841 1362 886 fert,
1393 839 1453 877 his

128 902 289 952 quidem
320 904 563 953 temporibus
594 904 633 942 in
659 904 767 942 omni
794 905 889 942 orbe
911 912 1096 943 terrarum
1118 905 1240 952 vacui,
1265 912 1450 954 expertes,

128 968 244 1006 soluti
273 982 319 1006 ac
348 969 459 1007 liberi
485 971 642 1007 fuerunt
665 971 716 1007 ab
744 970 851 1008 omni
873 978 1042 1020 sumptu,
1067 970 1255 1016 molestia,
1280 983 1451 1007 munere.

132 1033 237 1071 Hinc
270 1034 335 1072 illa
366 1034 500 1072 Verria
532 1043 624 1073 nata
654 1043 756 1082 sunt,
792 1037 901 1085 quod
933 1036 972 1073 in
1007 1035 1230 1073 convivium
1263 1037 1347 1073 Sex.
1381 1036 1453 1074 Co-

73 1111 111 1142 ¹5
131 1099 297 1137 minium
327 1100 498 1149 protrahi
530 1100 652 1147 iussit,
682 1101 721 1138 in
753 1114 871 1150 quem
902 1102 1093 1150 scyphum
1119 1102 1169 1139 de
1189 1114 1308 1138 manu
1330 1101 1455 1139 iacere

130 1172 293 1203 conatus
314 1173 382 1211 est,
406 1179 524 1214 quem
555 1167 711 1204 obtorta
739 1168 829 1215 gula
858 1167 908 1204 de
929 1165 1110 1203 convivio
1131 1166 1169 1203 in
1190 1166 1318 1203 vincla
1337 1174 1456 1215 atque

130 1229 169 1266 in
191 1229 371 1267 tenebras
393 1229 518 1279 abripi
542 1229 676 1276 iussit3
705 1229 797 1267 hinc
819 1229 882 1267 illa
909 1243 1001 1267 crux
1029 1230 1067 1266 in
1097 1242 1215 1278 quam
1238 1229 1309 1267 iste
1329 1230 1454 1267 civem

132 1295 359 1331 Romanum
391 1294 522 1332 multis
554 1294 865 1345 inspectantibus
895 1294 1063 1341 sustulit,
1084 1307 1203 1344 quam
1234 1307 1313 1332 non
1337 1308 1456 1332 ausus

131 1366 188 1397 est
209 1372 375 1409 usquam
397 1360 566 1409 defigere
589 1359 662 1397 nisi
682 1361 788 1410 apud
809 1373 877 1399 eos
898 1360 1135 1410 quibuscum
1157 1359 1291 1398 omnia
1311 1361 1457 1397 scelera

73 1442 112 1464 20
131 1437 200 1462 sua
220 1437 266 1462 ac
286 1424 489 1462 latrocinia
509 1425 825 1464 communicavit.

1475 95 1512 117 22

1473 271 1512 302 23

1476 1047 1515 1077 24

186 1490 408 1527 Laudatum
425 1489 543 1527 etiam
560 1503 628 1527 vos
645 1503 885 1540 quemquam
903 1489 1072 1529 venitis?
1099 1503 1178 1540 qua
1197 1491 1457 1528 auctoritate?
1475 1501 1510 1527 11

131 1562 260 1592 utrum
290 1568 409 1604 quam
439 1555 546 1605 apud
575 1562 756 1593 senatum
785 1569 835 1593 an
869 1569 989 1605 quam
1023 1557 1128 1606 apud
1156 1557 1347 1605 populum
1379 1557 1456 1593 Ro-

132 1633 292 1658 manum
313 1620 458 1657 habere
479 1619 664 1658 debetis?
721 1622 859 1670 Ecqua
888 1620 1022 1658 civitas
1052 1628 1121 1667 est,
1153 1634 1233 1658 non
1264 1621 1385 1658 modo
1416 1620 1454 1657 in
1477 1632 1514 1663 25

132 1685 341 1735 provinciis
381 1684 523 1722 nostris
558 1698 693 1723 verum
732 1686 771 1723 in
807 1685 953 1722 ultimis
993 1685 1229 1730 nationibus,
1270 1693 1336 1722 aut
1375 1692 1454 1722 tam

74 1766 110 1798 25
132 1759 272 1800 potens
302 1757 367 1787 aut
398 1758 477 1787 tam
507 1749 628 1787 libera
657 1757 724 1787 aut
752 1749 869 1787 etiam
900 1757 980 1787 tam
1010 1749 1192 1787 immanis
1213 1763 1257 1787 ac
1279 1749 1453 1796 barbara,

132 1830 196 1854 rex
217 1815 388 1864 denique
417 1815 551 1864 ecquis
578 1822 636 1852 est
664 1814 730 1864 qui
758 1822 979 1852 senatorem
999 1814 1136 1865 populi
1158 1814 1328 1852 Romani
1351 1822 1455 1852 tecto

131 1894 175 1918 ac
192 1882 314 1918 domo
336 1893 415 1917 non
437 1879 605 1917 invitet?
635 1879 702 1928 qui
723 1880 850 1917 honos
872 1894 952 1917 non
969 1879 1119 1917 homini
1134 1881 1260 1917 solum
1277 1879 1452 1925 habetur,

131 1947 200 1983 sed
231 1945 399 1995 primum
431 1946 580 1994 populo
612 1946 806 1990 Romano,
831 1945 941 1982 cuius
972 1944 1166 1982 beneficio
1196 1958 1267 1982 nos
1289 1945 1327 1981 in
1349 1945 1454 1982 hunc

131 2010 309 2048 ordinem
349 2010 538 2055 venimus,
579 2009 725 2047 deinde
763 2009 910 2047 ordinis
955 2009 1185 2054 auctoritati,
1235 2022 1336 2057 quae
1379 2009 1454 2046 nisi

73 2089 112 2120 30
131 2076 254 2125 gravis
286 2075 355 2113 erit
384 2076 490 2124 apud
521 2074 648 2112 socios
679 2081 715 2111 et
741 2082 888 2112 exteras
920 2075 1110 2120 nationes,
1134 2074 1200 2111 ubi
1225 2074 1295 2111 erit
1316 2073 1453 2122 imperi

132 2154 277 2178 nomen
299 2148 336 2178 et
357 2140 554 2189 dignitas?
612 2139 838 2176 Mamertini
860 2153 922 2177 me
944 2139 1101 2189 publice
1129 2152 1208 2176 non
1230 2138 1450 2176 invitarunt.

174 2246 193 2274 8
218 2245 402 2275 faciendam
415 2243 791 2281 aedificandamqucpffit
818 2243 1070 2282 faciundamque
1092 2243 1131 2281 R,
1149 2243 1348 2280 -endamque
1362 2240 1452 2281 S(cf.

125 2289 140 2323 ξ
164 2287 241 2325 103)
371 2295 408 2323 14
434 2286 520 2324 quod
533 2284 647 2316 codd:
673 2295 745 2315 cum
764 2285 1081 2315 Richter-Eberhard
1205 2297 1246 2316 20
1270 2288 1450 2317 communi-

125 2329 270 2358 cavisset
286 2335 342 2368 ρῳ,
358 2329 450 2369 prol).
469 2328 558 2358 Nolzl
687 2339 727 2368 23
752 2329 852 2359 modo
869 2331 927 2359 πδῑ
953 2340 1018 2360 om.
1039 2328 1103 2359 RS

166 2381 229 2403 (τις.
248 2382 327 2403 VER.
1316 2375 1355 2405 21
