1715 2734
208 85 476 124 ACTIONIS
509 85 569 124 IN
600 85 645 124 C.
669 84 908 123 VERREM
941 84 1238 123 SECVNDAE
1270 86 1373 122 LIB.
1396 86 1433 121 V
1477 94 1532 132 34
1550 92 1591 131 89

204 197 481 246 praefectoque
501 195 644 243 classis,
664 196 834 234 eundem
857 195 1074 234 necessario
1104 208 1260 233 cursum
1289 203 1421 234 tenere
1446 209 1531 234 coe-

202 269 353 311 perunt.
426 263 620 299 Helorum
654 274 796 307 versus,
835 268 877 298 ut
922 259 1004 310 ipse
1037 261 1284 305 Cleomenes,
1322 260 1374 298 ita
1412 260 1529 299 ceteri
1550 275 1592 307 90

202 326 447 376 navigabant,
480 339 609 375 neque
643 325 667 363 ii
703 333 781 364 tam
822 325 1066 375 praedonum
1099 326 1289 374 impetum
1329 325 1529 374 fugiebant

201 403 319 440 quam
344 391 618 440 imperatorem
647 390 920 440 sequebantur.
979 391 1082 427 Tum
1108 397 1149 428 ut
1177 389 1344 439 quisque
1372 390 1410 427 in
1438 392 1528 439 fuga

162 470 179 500 5
199 463 430 504 postremus,
454 456 507 494 ita
537 455 575 493 in
608 455 781 505 periculo
809 456 988 505 princeps
1018 462 1123 500 erat;
1152 462 1390 503 postremam
1421 455 1526 493 enim

198 532 397 570 quamque
429 534 567 558 navem
598 522 743 570 piratae
773 520 937 570 primam
967 519 1254 557 adoriebantur.
1315 521 1376 558 Ita
1403 520 1526 569 prima

199 585 507 622 Haluntinorum
530 585 636 622 navis
657 585 816 634 capitur,
839 584 902 622 cui
930 592 1102 634 praeerat
1134 585 1376 623 Haluntinus
1405 586 1526 624 homo

197 649 351 696 nobilis,
389 651 640 699 Phylarchus,
671 664 789 699 quem
826 651 875 687 ab
905 649 976 687 illis
1009 649 1274 699 praedonibus
1308 652 1524 688 Locrenses

196 721 332 762 postea
348 715 505 764 publice
526 716 799 761 redemerunt3
828 728 874 752 ex
895 727 974 764 quo
994 727 1063 752 vos
1084 714 1210 764 priore
1223 716 1378 752 actione
1400 715 1524 753 iurato

140 790 175 812 10
196 791 276 816 rem
308 793 467 817 omnem
503 793 740 829 causamque
773 779 981 829 cognostis.
1033 779 1189 818 Deinde
1228 780 1521 830 Apolloniensis

195 845 302 881 navis
341 844 501 894 capitur,
541 852 578 882 et
617 844 698 882 eius
737 845 953 894 praefectus
998 844 1268 894 Anthropinus
1317 845 1518 883 occiditur.

195 909 307 946 Haec
334 910 429 946 dum
456 917 632 959 aguntur,
656 911 801 947 interea
828 910 1063 948 Cleomenes
1092 910 1167 946 iam
1192 911 1243 947 ad
1266 910 1404 948 Helori
1431 910 1519 949 litus

192 983 444 1022 pervenerat3
474 975 550 1012 iam
581 989 664 1013 sese
695 974 733 1011 in
766 982 905 1012 terram
936 988 957 1011 e
995 973 1083 1011 navi
1122 974 1287 1012 eiecerat
1325 975 1521 1024 quadrire-

192 1052 376 1088 memque
406 1041 660 1078 fiuctuantem
690 1039 729 1077 in
760 1040 841 1076 salo
871 1040 1087 1088 reliquerat.
1148 1038 1304 1088 Reliqui
1334 1041 1518 1088 praefecti

134 1114 167 1145 15
190 1105 359 1151 navium,
384 1119 473 1143 cum
503 1105 542 1142 in
573 1113 711 1143 terram
738 1105 946 1153 imperator
981 1103 1131 1150 exisset,
1159 1117 1248 1141 cum
1285 1104 1356 1153 ipsi
1389 1117 1518 1154 neque

189 1183 403 1219 repugnare
434 1183 562 1220 neque
593 1169 687 1207 mari
718 1170 885 1218 effugere
906 1170 986 1206 ullo
1008 1170 1128 1207 modo
1149 1176 1319 1218 possent,
1342 1169 1517 1219 adpulsis

187 1236 237 1272 ad
277 1236 472 1273 Helorum
511 1235 675 1272 navibus
715 1235 970 1273 Cleomenem
1011 1233 1203 1284 persecuti
1242 1242 1343 1272 sunt.
1412 1232 1515 1272 Tu'm

188 1301 431 1349 praedonum
464 1301 543 1338 dux
576 1301 782 1346 Heracleo,
815 1306 974 1348 repente
1008 1307 1158 1349 praeter
1186 1312 1294 1348 spem
1331 1313 1410 1337 non
1447 1313 1515 1338 sua

187 1363 327 1402 virtute
361 1366 430 1403 sed
461 1365 569 1402 istius
601 1366 759 1402 avaritia
791 1363 1044 1413 nequitiaque
1073 1365 1208 1410 victor,
1238 1365 1400 1402 classem
1434 1366 1516 1414 pul-

128 1429 419 1467 20cher1·imam
458 1430 591 1480 populi
628 1429 799 1467 Romani
838 1428 877 1466 in
912 1428 1001 1466 litus
1036 1430 1236 1478 expulsam
1265 1436 1302 1466 et
1335 1429 1510 1476 eiectam,

184 1507 274 1531 cum
303 1494 471 1543 primum
493 1495 829 1544 invesperasceret,
852 1493 1083 1531 inflammari
1106 1495 1342 1543 incendique
1364 1494 1484 1532 iussit.

238 1560 273 1596 O
304 1568 459 1610 tempus
490 1559 673 1602 miserum
702 1567 820 1609 atque
852 1559 1037 1597 acerbum
1073 1560 1296 1608 provinciae
1330 1559 1484 1598 Siciliae
1505 1563 1510 1597 !
1531 1573 1570 1603 92

182 1636 206 1660 o
244 1637 378 1662 casum
417 1625 526 1662 illum
570 1625 700 1663 multis
749 1624 1025 1662 innocentibus
1073 1624 1345 1662 calamitosum
1392 1632 1510 1674 atque

181 1688 403 1727 funestum!
433 1703 457 1727 o
478 1689 585 1727 istius
615 1689 830 1739 nequitiam
860 1703 906 1727 ac
934 1688 1217 1739 turpitudinem
1248 1691 1508 1740 singularem!

122 1766 161 1798 25
180 1755 269 1792 Vna
301 1761 419 1804 atque
449 1756 586 1793 eadem
617 1768 693 1792 nox
723 1761 803 1793 erat
832 1767 909 1804 qua
943 1762 1096 1804 praetor
1124 1755 1266 1792 amoris
1297 1754 1507 1805 turpissimi

179 1820 347 1865 flamma,
380 1819 512 1857 classis
545 1819 678 1869 populi
715 1819 886 1857 Romani
918 1821 1161 1870 praedonum
1197 1819 1383 1858 incendio
1417 1834 1507 1859 con-

178 1884 374 1933 flagrabat.
433 1885 618 1922 Adfertur
647 1892 762 1923 nocte
800 1884 1034 1935 intempesta
1062 1885 1186 1935 gravis
1218 1885 1380 1924 huiusce
1415 1887 1506 1924 mali

177 1949 337 1986 nuntius
367 1947 600 1998 Syracusas,
629 1950 792 1988 curritur
819 1951 870 1988 ad
904 1952 1155 2000 praetorium,
1188 1964 1268 2000 quo
1303 1953 1419 1990 istum
1459 1966 1505 1990 ex

176 2015 242 2050 illo
270 2015 466 2063 praeclaro
496 2014 675 2052 convivio
705 2016 936 2053 reduxerant
956 2017 1073 2065 paulo
1101 2024 1192 2054 ante
1214 2016 1393 2054 mulieres
1413 2030 1503 2055 cum

117 2091 155 2120 30
174 2086 291 2116 cantu
319 2086 436 2128 atque
464 2079 707 2128 symphonia.
766 2080 1014 2128 Cleomenes,
1035 2095 1274 2132 quamquam
1306 2096 1383 2120 nox
1410 2090 1500 2129 erat,

175 2151 306 2181 tamen
329 2144 365 2181 in
388 2144 547 2194 publico
568 2157 652 2182 esse
674 2158 753 2182 non
774 2146 892 2183 audet
910 2160 919 2193 3
951 2145 1114 2184 includit
1136 2160 1176 2184 se
1197 2146 1331 2194 domi;
1373 2160 1502 2197 neque

1538 892 1587 930 35

1538 954 1575 985 91

219 2257 237 2276 2
263 2246 428 2277 Helorum
461 2246 699 2286 Augustinus:
739 2247 893 2276 Pelorum
926 2247 1015 2279 codd.
1214 2250 1233 2279 8
1260 2249 1380 2280 nobilis
1412 2250 1500 2282 RS:

175 2290 404 2321 nobilissimus
434 2291 498 2330 qu
640 2300 677 2319 21
705 2291 841 2330 advesp.
876 2293 892 2320 δ
1039 2302 1078 2331 27
1104 2292 1244 2323 huiusce
1277 2293 1381 2323 cladis
1416 2296 1496 2335 (om.

174 2333 301 2374 gravis)
321 2333 383 2364 Iul.
404 2332 602 2363 Severianus
