1715 2734
170 121 227 158 29

168 757 224 794 30

183 1210 222 1242 68

250 118 290 158 67
621 113 676 150 M.
709 113 879 151 TVLLI
911 112 1218 153 CICERONIS

249 230 427 261 mentum
454 236 547 262 suae
577 222 774 262 societatis
800 222 1075 273 amicitiaeque
1105 236 1189 261 esse
1216 221 1412 269 voluisset,
1436 222 1476 262 id
1506 223 1580 263 sibi

249 288 294 327 C.
313 290 475 327 Verrem
496 288 704 327 abstulisse
723 303 733 335 3
762 288 812 326 de
828 287 966 326 ceteris
991 287 1176 337 operibus
1193 301 1239 325 ex
1254 300 1349 325 auro
1363 295 1400 326 et
1413 288 1579 338 gemmis

248 366 349 402 quae
370 366 440 391 sua
460 366 581 403 penes
603 353 712 391 illum
734 360 864 391 essent
886 366 927 391 se
960 366 1039 391 non
1070 353 1256 399 laborare,
1280 353 1356 391 hoc
1389 352 1462 391 sibi
1484 353 1579 404 eripi

248 418 433 457 miserum
466 432 551 457 esse
586 426 624 456 et
658 418 877 468 indignum.
938 419 986 456 Id
1021 417 1092 456 etsi
1125 425 1241 455 antea
1273 417 1349 455 iam
1383 425 1515 456 mente
1541 425 1579 456 et

248 484 486 534 cogitatione
531 497 601 522 sua
646 483 851 534 fratrisque
889 482 948 522 sui
993 491 1266 521 consecratum
1307 490 1420 530 esset,
1447 490 1578 521 tamen

247 557 329 587 tum
362 563 402 588 se
432 549 470 587 in
502 550 568 588 illo
598 557 796 587 conventu
827 548 970 587 civium
1004 550 1276 587 Romanorum
1307 549 1400 586 dare
1432 548 1579 587 donare

246 614 376 652 dicare
411 628 639 652 consecrare
673 613 757 652 Iovi
791 613 956 664 Optimo
982 613 1168 660 Maximo,
1201 620 1421 662 testemque
1450 612 1578 662 ipsum

248 679 385 717 Iovem
413 692 506 717 suae
532 678 743 717 voluntatis
768 691 813 715 ac
839 677 1035 727 religionis
1063 677 1261 715 adhibere.

301 746 415 793 Quae
446 758 531 791 vox,
561 757 662 794 quae
691 745 821 790 latera,
855 756 955 793 quae
985 743 1083 781 vires
1113 743 1228 780 huius
1261 742 1376 781 unius
1406 742 1578 782 criminis

246 809 534 859 querimoniam
590 816 757 859 possunt
805 808 1028 847 sustinere?
1104 810 1189 846 Rex
1236 808 1469 854 Antiochus,
1511 808 1578 859 qui

247 876 401 912 Romae
424 882 515 913 ante
543 876 679 912 oculos
706 875 885 912 omnium
911 881 1088 912 nostrum
1117 872 1319 911 biennium
1352 873 1431 911 fere
1461 873 1580 911 comi-

245 948 327 978 tatu
363 941 469 990 regio
499 948 619 990 atque
654 947 794 977 ornatu
828 938 974 985 fuisset,
1010 938 1040 976 is
1076 952 1166 976 cum
1198 937 1348 976 amicus
1378 945 1417 976 et
1448 938 1578 976 socius

244 1006 382 1056 populi
418 1007 589 1044 Romani
630 1013 742 1052 esset,
784 1003 1024 1043 amicissimo
1067 1012 1185 1054 patre,
1225 1017 1310 1051 avo,
1352 1003 1576 1052 maioribUS,

244 1070 526 1120 antiquissimis
556 1077 594 1109 et
623 1069 846 1109 clarissimis
876 1069 1042 1119 regibus,
1072 1067 1373 1118 opulentissimo
1397 1076 1435 1108 et
1463 1069 1579 1107 maxi-

245 1148 311 1173 mo
342 1149 472 1185 regno,
510 1148 697 1185 praeceps
733 1133 934 1184 provincia
973 1133 1108 1183 populi
1145 1133 1318 1171 Romani
1351 1134 1578 1173 exturbatus

244 1207 313 1238 est.
374 1201 505 1249 Quem
538 1201 588 1238 ad
621 1201 786 1238 modum
821 1200 897 1237 hoc
929 1206 1158 1249 accepturas
1197 1198 1377 1237 nationes
1416 1207 1579 1248 exteras,

244 1278 363 1314 quem
397 1266 448 1303 ad
482 1267 645 1304 modum
681 1264 797 1302 huius
822 1264 877 1302 tui
903 1264 993 1302 facti
1024 1266 1169 1302 famam
1199 1264 1239 1302 in
1269 1278 1387 1315 regna
1413 1265 1578 1304 aliorum

244 1337 362 1379 atque
393 1330 431 1367 in
463 1330 619 1368 ultimas
649 1337 767 1368 terras
795 1337 1070 1379 perventuram
1101 1328 1257 1379 putasti,
1281 1343 1371 1368 cum
1400 1331 1579 1369 audirent

243 1403 464 1444 apraetore
496 1394 632 1445 populi
674 1394 845 1433 Romani
886 1395 925 1432 in
965 1394 1165 1444 provincia
1208 1395 1395 1433 violatum
1436 1409 1578 1445 regem,

245 1460 455 1509 spoliatum
488 1459 696 1509 hospitem,
721 1459 889 1497 eiectum
912 1459 1062 1497 socium
1091 1460 1227 1510 populi
1259 1459 1431 1498 Romani
1460 1468 1579 1510 atque

244 1524 446 1562 amicum?
505 1527 661 1564 Nomen
693 1532 863 1562 vestrum
895 1525 1110 1575 populique
1139 1526 1310 1564 Romani
1338 1526 1433 1565 odio
1461 1534 1580 1576 atque

244 1591 447 1629 acerbitati
491 1591 629 1629 scitote
669 1590 895 1628 nationibus
935 1590 1084 1638 exteris,
1128 1591 1288 1639 iudices,
1330 1593 1514 1639 futurum,
1548 1591 1580 1630 si

246 1656 355 1694 istius
388 1658 485 1695 haec
518 1664 626 1694 tanta
656 1655 796 1694 iniuria
828 1655 1020 1705 impunita
1054 1656 1285 1696 discesserit.
1347 1657 1411 1696 Sic
1441 1670 1580 1696 omnes

244 1721 547 1768 arbitrabuntur,
588 1721 815 1771 praesertim
855 1734 945 1759 cum
987 1723 1084 1760 haec
1124 1723 1228 1760 fama
1266 1723 1316 1761 de
1355 1730 1578 1761 nostrorum

245 1788 453 1826 hominum
484 1787 644 1826 avaritia
686 1795 723 1825 et
763 1787 979 1838 cupiditate
1014 1787 1307 1838 percrebruerit,
1349 1801 1428 1826 non
1469 1787 1578 1826 istius

245 1854 365 1892 solius
390 1855 466 1891 lioc
498 1867 583 1892 csse
613 1853 775 1900 facinus,
799 1854 869 1892 scd
899 1866 1035 1891 eorum
1066 1853 1184 1892 etiam
1215 1853 1280 1903 qui
1311 1853 1575 1903 adprobarint.

247 1919 364 1957 Multi
396 1932 514 1969 reges,
538 1920 683 1957 multae
713 1918 858 1958 liberae
886 1918 1072 1965 civitates,
1099 1918 1210 1957 multi
1238 1918 1374 1969 privati
1402 1917 1578 1969 opulenti

244 1998 290 2023 ac
312 1992 492 2034 potentes
513 1984 661 2023 habent
682 1986 858 2034 profecto
879 1983 919 2021 in
949 1983 1083 2023 animo
1104 1984 1344 2035 Capitolium
1366 1983 1421 2022 sic
1442 1996 1579 2022 ornare

245 2057 286 2088 ut
307 2049 443 2100 templi
465 2050 633 2100 dignitas
655 2050 874 2100 imperique
895 2049 1017 2088 nostri
1038 2063 1185 2088 nomen
1207 2050 1403 2089 desiderat
1421 2065 1429 2097 3
1459 2049 1527 2100 qui
1547 2048 1578 2088 si

244 2114 504 2154 intellexerint
534 2115 747 2154 interverso
778 2117 853 2153 hoc
881 2114 999 2165 regali
1026 2116 1134 2153 dono
1158 2114 1323 2165 graviter
1343 2127 1411 2153 vos
1432 2115 1577 2161 tulisse,

243 2188 351 2230 grata
382 2182 463 2220 fore
498 2181 609 2219 vobis
645 2182 873 2231 populoque
909 2182 1095 2219 Romano
1126 2194 1195 2219 sua
1227 2180 1356 2219 studia
1393 2194 1439 2219 ac
1472 2182 1577 2219 dona

293 2295 304 2314 1
333 2285 365 2316 id
394 2285 456 2315 sibi
486 2284 626 2325 RSHp:
652 2285 683 2315 ic!
708 2285 749 2315 ad
775 2295 812 2315 se
838 2283 920 2325 G2L,
942 2283 1028 2315 unde
1044 2283 1112 2315 cdd.
1131 2284 1161 2314 id
1181 2285 1222 2315 ab
1239 2294 1275 2315 se
1301 2284 1363 2325 (cl.
1384 2284 1462 2315 Rev.
1482 2284 1572 2321 xviii,

240 2333 274 2368 p.
295 2330 373 2367 210)
523 2340 560 2359 10
586 2334 726 2368 possunt
745 2327 865 2359 RSII:
892 2329 1022 2367 possint
1040 2330 1076 2359 «52
1103 2338 1201 2367 posse
1222 2329 1261 2358 uk
1405 2338 1440 2366 15
1467 2339 1484 2357 e
1502 2338 1575 2367 pro-

246 2373 390 2412 vincial>
407 2373 449 2403 al.
584 2383 623 2411 25
649 2373 879 2411 percrebuerit
897 2371 991 2411 Rsp¹
1013 2372 1064 2411 (cs
1086 2372 1116 2403 ii.
1141 2378 1153 2409 ς»
1176 2382 1190 2410 7

1602 822 1639 844 10

1601 1148 1638 1182 15

1601 1476 1640 1497 20

1599 1799 1640 1832 25

1599 2132 1638 2164 30
