1715 2734
164 56 189 95 5
212 66 248 97 13
577 50 633 86 M.
665 49 834 86 TVLLI
864 40 1172 88 CICERONIS

165 145 190 183 ⁵
264 164 378 211 Quae
408 176 497 201 cum
526 163 660 201 omnia
687 162 788 198 facta
815 159 902 207 sint,
934 166 1066 198 tamen
1097 172 1216 197 unam
1244 160 1367 197 solam
1399 159 1538 198 scitote

153 205 189 235 ¹³
208 240 293 265 esse
341 227 536 265 civitatem
584 224 863 263 Mamertinam
912 238 1013 274 quae
1056 224 1214 274 publice
1261 225 1420 274 legatos,
1470 225 1536 274 qui

207 291 324 330 istum
350 293 565 337 laudarent,
591 290 747 329 miserit.
808 291 903 328 Eius
923 297 1056 328 autem
1081 289 1285 340 legationis
1306 290 1535 339 principem,

206 356 372 395 civitatis
412 355 701 395 nobilissimum
741 354 879 402 civem,
917 355 961 393 C.
998 353 1161 402 Heium,
1200 353 1367 392 iuratum
1407 353 1538 393 dicere

206 421 371 460 audistis
412 421 472 459 isti
513 434 652 459 navem
693 419 911 458 onerariam
952 418 1162 457 maximam
1204 420 1414 457 Messanae
1453 432 1575 464 esse5

212 487 371 536 publice
406 485 553 524 coactis
589 485 716 535 operis
749 484 1022 531 aedificatam3
1061 483 1247 533 idemque
1285 483 1538 523 Mamertino-

208 565 291 589 rum
327 553 487 601 legatuS,
525 550 633 588 istius
667 551 855 596 laudator,
894 562 974 587 non
1006 550 1133 587 solum
1168 549 1285 587 istum
1319 549 1425 587 bona
1456 562 1538 595 sua,

208 629 340 654 verum
373 616 491 654 etiam
527 628 635 653 sacra
674 616 851 664 deosque
892 613 1043 663 penatis
1075 627 1098 651 a
1128 613 1340 651 maioribus
1376 614 1538 653 traditos

207 695 253 719 ex
282 681 448 719 aedibus
480 680 558 718 suis
594 680 781 730 eripuisse
812 679 918 718 dixit.
991 680 1193 717 Praeclara
1222 678 1407 725 laudatio,
1445 693 1534 718 cum

208 747 363 784 duabus
407 746 446 783 in
488 746 603 784 rebus
649 747 863 795 legatorum
913 758 992 782 una
1032 758 1151 795 opera
1198 744 1452 792 consumitur,
1499 745 1537 783 in
1563 760 1600 782 10

207 812 409 850 laudando
445 818 564 860 atque
603 811 843 860 repetendo!
912 811 1044 859 Atque
1082 823 1128 848 ea
1167 809 1250 859 ipsa
1287 808 1423 848 civitas
1462 823 1540 860 qua

207 877 357 915 ratione
388 876 448 934 isti
479 876 606 914 amica
632 876 691 922 sit,
721 875 874 914 dicetur
908 883 1015 913 certo
1046 876 1162 921 loco3
1191 873 1390 924 reperietis
1420 875 1536 922 enim,

207 956 308 992 quae
335 955 476 980 causae
504 941 794 980 benivolentiae
824 941 1069 980 Mamertinis
1097 956 1186 992 erga
1213 942 1330 980 istum
1358 942 1445 989 sint,
1475 955 1540 980 eas

208 1008 312 1057 ipsas
351 1020 488 1045 causas
528 1006 619 1045 satis
659 1006 778 1044 iustas
818 1020 903 1045 esse
942 1006 1217 1045 damnationis.
1279 1007 1366 1045 Alia
1404 1007 1539 1046 civitas

151 1087 188 1115 14
209 1075 329 1121 nulla,
368 1073 528 1118 iudices,
570 1072 731 1122 publico
773 1072 939 1111 consilio
977 1074 1121 1111 laudat.
1181 1073 1251 1111 Vis
1294 1073 1358 1111 illa
1397 1073 1539 1112 summi
1566 1090 1600 1121 ¹5

209 1138 345 1188 imperi
382 1146 533 1176 tantum
565 1137 692 1187 potuit
726 1139 832 1187 apud
863 1151 1081 1187 perpaucos
1112 1138 1304 1185 homines,
1340 1152 1420 1177 non
1453 1139 1540 1177 civi-

207 1211 316 1250 tates,
346 1211 387 1241 ut
416 1211 483 1241 aut
513 1202 698 1240 levissimi
730 1202 892 1252 quidam
924 1216 969 1241 ex
1003 1202 1226 1241 miserrimis
1254 1203 1540 1242 desertissimis-

208 1282 284 1318 que
323 1268 480 1319 oppidis
519 1267 785 1306 invenirentur
823 1268 889 1318 qui
930 1267 1078 1306 iniussu
1118 1268 1252 1318 populi
1291 1282 1338 1307 ac
1381 1276 1540 1308 senatus

208 1333 557 1383 proficiscerentur,
598 1341 664 1371 aut
703 1333 728 1370 ii
777 1333 843 1383 qui
887 1340 1024 1372 contra
1072 1334 1188 1372 istum
1238 1334 1351 1384 legati
1393 1334 1539 1373 decreti

208 1407 327 1445 erant,
360 1407 397 1437 et
438 1398 706 1437 testimonium
747 1398 949 1448 publicum
990 1401 1256 1450 mandataque
1293 1407 1537 1450 acceperant,
1563 1418 1601 1440 20

207 1464 243 1501 vi
273 1477 318 1502 ac
350 1471 457 1502 metu
488 1463 755 1502 retinerentur.
816 1465 937 1512 Quod
968 1478 1041 1514 ego
1070 1464 1109 1502 in
1140 1465 1274 1514 paucis
1306 1472 1436 1504 tamen
1468 1478 1539 1503 usu

207 1529 361 1567 venisse
381 1542 461 1566 non
493 1530 657 1567 moleste
679 1528 763 1572 tuli,
785 1542 865 1578 quo
892 1529 1064 1579 reliquae
1089 1537 1146 1567 tot
1174 1537 1211 1568 et
1237 1538 1367 1568 tantae
1395 1537 1432 1568 et
1460 1537 1539 1568 tam

206 1607 341 1643 graves
365 1593 551 1639 civitates,
585 1601 667 1632 tota
695 1593 868 1643 denique
894 1594 1024 1632 Sicilia
1051 1596 1138 1644 plus
1168 1595 1409 1634 auctoritatis
1433 1596 1539 1645 apud

208 1672 277 1697 vos
307 1659 483 1705 haberet,
511 1672 601 1697 cum
628 1658 809 1697 videretis
834 1661 942 1697 nulla
969 1659 1003 1697 vi
1032 1659 1198 1706 retineri,
1226 1662 1336 1699 nullo
1366 1660 1539 1711 periculo

208 1724 405 1775 prohiberi
431 1723 605 1774 potuisse
626 1737 706 1773 quo
735 1724 864 1763 minus
889 1725 1154 1775 experirentur
1177 1726 1321 1776 ecquid
1341 1727 1447 1776 apud
1470 1739 1539 1765 vos
1561 1744 1599 1774 25

209 1789 479 1840 querimoniae
523 1790 695 1827 valerent
733 1789 1097 1839 antiquissimorum
1142 1791 1540 1842 fidelissimorumque

153 1875 189 1905 15
209 1856 417 1894 sociorum.
479 1856 581 1893 Nam
607 1856 715 1905 quod
737 1856 898 1893 fortasse
923 1869 1002 1893 non
1025 1869 1144 1894 nemo
1165 1864 1334 1894 vestrum
1362 1857 1539 1904 audierit,

210 1921 326 1960 istum
369 1935 393 1959 a
440 1920 692 1970 Syracusanis
735 1920 892 1971 publice
935 1921 1095 1966 laudari,
1138 1921 1176 1960 id
1221 1922 1375 1960 tametsi
1414 1924 1541 1972 priore

256 2036 268 2055 1
297 2025 363 2055 sint
381 2023 459 2054 CO:
485 2029 561 2055 sunt
577 2024 640 2065 pbk
737 2035 756 2063 4
775 2024 881 2055 civem
901 2024 972 2055 CO¹
989 2036 995 2054 :
1019 2035 1084 2055 om.
1105 2025 1168 2055 rell.
1188 2025 1239 2064 (cs.
1259 2036 1287 2062 ν,
1310 2029 1323 2062 ξ
1344 2027 1400 2065 47)
1504 2036 1536 2056 11

211 2069 396 2108 repetendo
431 2068 534 2099 COb:
575 2069 607 2098 in
626 2072 733 2107 repet.
763 2068 809 2109 pk
946 2079 983 2098 12
1009 2068 1054 2098 illi
1087 2068 1123 2098 ὀδ
1260 2079 1297 2107 13
1328 2069 1427 2100 Mam.
1462 2079 1540 2109 erga

210 2113 308 2143 istum
330 2112 395 2142 sint
413 2112 482 2143 CO¹
501 2123 507 2141 :
532 2112 600 2143 sint
620 2112 719 2142 Mam.
739 2122 818 2150 erga
836 2111 934 2142 istum
947 2117 972 2152 p
989 2112 1052 2142 rell.
1192 2122 1226 2149 14
1252 2113 1334 2143 satis
1348 2112 1426 2143 COb
1442 2124 1447 2142 :
1472 2124 1538 2143 om.

211 2157 252 2185 τώ
400 2166 437 2194 19
462 2155 506 2185 hii
536 2155 564 2185 C
674 2155 802 2193 legatos
834 2156 1053 2186 decreverant
1085 2155 1121 2185 ὸδ
1277 2167 1319 2185 20
1343 2161 1375 2185 ct
1393 2167 1460 2187 om,
1483 2154 1542 2187 CO

212 2200 438 2238 mandataque
458 2198 517 2229 CO
530 2204 553 2238 p
574 2198 638 2229 rell.
657 2210 663 2228 :
687 2209 724 2229 ac
745 2199 1003 2238 mandatasalso
1022 2199 1092 2229 ·N’
1245 2209 1280 2229 21
1310 2200 1409 2238 Quod
1428 2210 1492 2239 ego
1508 2200 1539 2230 id

212 2243 245 2272 in
266 2244 293 2273 F
459 2252 500 2272 22
519 2242 577 2272 tuli
605 2241 683 2273 CO:
709 2242 779 2273 sero
798 2248 823 2282 p
848 2242 913 2273 rcll.
1084 2253 1124 2281 24
1149 2243 1309 2273 videretis
1328 2244 1362 2274 C.
1387 2248 1416 2273 et
1435 2244 1514 2283 pler.
1534 2254 1539 2272 :

211 2286 363 2316 videritis
391 2284 432 2315 0¹
460 2285 539 2316 Par.
562 2287 646 2324 7786
798 2295 838 2325 25
863 2285 1015 2325 potuisse
1045 2286 1091 2327 Cp
1118 2286 1205 2316 rell.:
1240 2297 1340 2326 posse
1366 2287 1426 2317 ὁδε
1459 2288 1493 2317 in
1511 2285 1542 2319 O

213 2334 390 2370 utrumque
406 2330 619 2369 coniungitur
706 2339 744 2368 27
772 2340 836 2361 non
854 2340 918 2360 om.
939 2329 966 2360 C
