1715 2734
179 62 446 101 ACTIONIS
469 63 529 100 IN
551 62 596 100 C.
618 63 860 99 VERREM
883 62 1181 100 SECVNDAE
1204 62 1305 98 LIB.
1332 62 1397 98 III
1456 71 1503 108 19
1523 69 1563 107 48

177 173 350 210 fortunas
381 173 634 210 decumarum
669 171 830 210 nomine
863 171 1044 220 eriperes,
1077 170 1116 208 in
1147 178 1347 220 posterum
1378 173 1504 210 fructu

176 236 242 275 illo
286 238 579 285 commodoque
619 235 672 274 rei
714 235 988 274 frumentariae
1036 237 1227 285 populum
1278 238 1505 274 Romanum

176 301 355 351 privares,
379 300 534 347 deinde,
558 301 589 339 si
611 314 729 350 quam
759 308 907 351 partem
929 308 1018 338 tuae
1041 301 1208 349 praedae
1230 302 1281 339 ad
1310 314 1505 339 summam

176 367 429 403 decumarum
452 364 683 412 addidisses,
711 366 811 404 bene
833 367 882 404 de
909 379 947 403 re
969 364 1137 415 publica,
1164 365 1264 403 bene
1287 366 1336 403 de
1357 367 1505 415 populo

139 445 156 475 5
177 432 362 468 Romano
384 429 542 467 meritus
565 429 748 468 viderere.

230 498 361 544 Atque
400 494 562 544 perinde
609 496 748 544 loquor
788 494 899 544 quasi
938 494 976 531 in
1016 508 1064 532 eo
1102 493 1150 531 sit
1199 493 1382 544 iniquitas
1422 494 1504 532 eius

176 560 510 610 reprehendenda,
530 560 638 608 quod
660 566 817 609 propter
833 559 977 609 gloriae
999 558 1266 609 cupiditatem.
1290 567 1331 596 ut
1351 558 1504 608 aliquos

177 638 331 663 summa
371 624 555 662 frumenti
600 625 811 662 decumani
850 624 1033 671 vinceret,
1074 624 1315 663 acerbiorem
1364 626 1500 674 legem,

175 689 331 727 duriora
363 688 492 727 edicta
527 689 811 738 interposuerit,
846 689 1023 727 omnium
1064 689 1308 738 superiorum
1340 688 1504 726 auctori·
1522 701 1564 731 49

119 770 155 792 ιο
175 761 294 792 tatem
326 753 547 803 repudiarit.
610 756 760 803 Magno
791 762 831 792 tu
861 755 1048 792 decumas
1083 753 1306 792 vendidisti.
1365 753 1504 802 Quid?

174 818 205 856 si
253 820 380 857 doceo
423 827 460 856 te
502 832 582 857 non
626 818 755 856 minus
796 817 960 857 domum
1008 826 1114 856 tuam
1155 818 1339 857 avertisse
1383 832 1502 868 quam

175 885 344 921 Romam
377 883 527 921 misisse
558 885 813 921 decumarum
844 882 1015 929 nomine,
1046 883 1142 932 quid
1170 883 1287 921 habet
1315 884 1502 932 populare

172 948 296 986 oratio
340 956 414 994 tua,
457 962 548 985 curn
595 962 639 986 ex
685 947 885 998 provincia
934 947 1068 997 populi
1114 947 1286 986 Romani
1333 961 1501 997 aequam

173 1021 321 1062 partem
365 1020 405 1050 tu
450 1012 521 1051 tibi
562 1013 772 1062 sumpseris
812 1027 858 1051 ac
897 1014 1046 1062 populo
1095 1015 1280 1050 Romano
1321 1013 1502 1051 miseris?

116 1094 150 1125 15
173 1077 313 1126 Quid?
343 1078 373 1116 si
400 1079 553 1117 duabus
577 1078 750 1128 partibus
773 1079 900 1116 doceo
924 1086 960 1116 te
978 1077 1145 1127 amplius
1168 1077 1350 1116 frumenti
1372 1078 1501 1116 abstu-

171 1142 260 1181 lisse
299 1157 417 1193 quam
466 1146 615 1194 populo
660 1146 844 1181 Romano
884 1143 1045 1189 misisse,
1088 1150 1272 1181 tamenne
1315 1151 1499 1193 putamus

170 1216 378 1258 patronum
407 1216 516 1247 tuum
557 1208 596 1246 in
635 1210 710 1247 hoc
740 1208 902 1247 crimine
936 1207 1169 1246 cerviculam
1194 1207 1426 1246 iactaturum
1461 1216 1499 1247 et

170 1275 318 1323 populo
342 1288 383 1312 se
409 1288 455 1312 ac
480 1287 649 1312 coronae
677 1275 890 1312 daturum?
948 1274 1060 1310 Haec
1082 1286 1151 1310 vos
1180 1279 1306 1319 antea,
1335 1272 1495 1320 iudices,

170 1339 347 1387 audistis,
374 1353 508 1379 verum
536 1341 698 1378 fortasse
728 1339 780 1377 ita
807 1338 971 1377 audistis
998 1345 1040 1376 ut
1067 1346 1268 1376 auctorem
1300 1352 1496 1377 rumorem

112 1416 153 1439 20
171 1405 366 1443 haberetis
414 1418 716 1454 sermonemque
759 1403 949 1443 omnium.
1009 1402 1247 1453 Cognoscite
1295 1417 1400 1441 nunc
1444 1403 1497 1441 in-

169 1470 453 1509 numerabilem
494 1470 701 1520 pecuniam
737 1469 990 1508 frumentario
1029 1468 1190 1507 nomine
1229 1476 1416 1519 ereptam,
1455 1477 1496 1508 ut

169 1534 283 1573 simul
316 1535 420 1574 illam
453 1550 612 1585 quoque
644 1535 726 1574 eius
757 1549 894 1573 vocem
926 1534 1146 1583 improbam
1177 1534 1397 1584 agnoscatis
1428 1535 1495 1584 qui

168 1614 209 1638 se
248 1615 327 1638 uno
366 1609 530 1651 quaestu
570 1602 825 1639 decumarum
866 1599 999 1638 onmia
1034 1613 1103 1637 sua
1143 1599 1313 1649 pericula
1348 1601 1495 1638 redem-

168 1672 324 1714 pturum
356 1679 439 1703 esse
469 1666 636 1704 dicebat.

109 1740 145 1771 25
222 1730 458 1769 Audivimus
488 1732 564 1770 hoc
594 1731 671 1769 iam
698 1731 778 1779 diu,
801 1730 974 1769 iudices:
1007 1744 1108 1780 nego
1138 1743 1378 1780 quemquam
1409 1744 1494 1768 esse

167 1803 337 1833 vestrum
360 1795 454 1845 quin
483 1809 599 1846 saepe
619 1796 785 1834 audierit
811 1795 938 1833 socios
961 1794 1070 1833 istius
1093 1794 1211 1833 fuisse
1236 1796 1490 1833 decumanos.

166 1860 276 1898 Nihil
306 1860 412 1899 aliud
442 1861 606 1899 arbitror
636 1862 732 1899 falso
762 1860 801 1898 in
831 1860 949 1898 istum
980 1873 1064 1898 esse
1094 1859 1244 1897 dictum
1274 1860 1324 1898 ab
1355 1859 1400 1897 iis
1426 1859 1492 1909 qui

166 1926 266 1964 male
305 1927 355 1964 de
394 1926 469 1964 isto
508 1925 772 1971 existimarint,
811 1924 884 1963 nisi
917 1926 1002 1963 hoc.
1063 1926 1166 1962 Nam
1200 1924 1294 1962 socii
1327 1924 1492 1974 putandi

164 1998 255 2028 sunt
293 2004 392 2040 quos
432 1991 531 2028 inter
570 2004 629 2029 res
674 1989 965 2029 communicata
1005 1997 1085 2028 est:
1130 2003 1203 2039 ego
1242 2003 1322 2027 rem
1368 1997 1490 2027 totam

1512 1715 1567 1744 20

1515 1777 1556 1808 50

208 2105 227 2124 2
253 2095 347 2124 frum.
369 2094 416 2124 rei
439 2094 467 2123 O
557 2105 625 2124 rem
645 2094 811 2133 publicam
832 2094 982 2133 privares
1003 2093 1041 2130 Oy
1062 2093 1104 2123 al.
1126 2093 1158 2123 in
1178 2104 1244 2133 mg.
1267 2092 1385 2123 Lamb.
1411 2095 1489 2132 1584

164 2148 181 2174 4
203 2138 287 2167 bene
306 2139 347 2167 de
367 2148 401 2167 re
420 2138 496 2176 pub.
515 2137 562 2167 cO
579 2150 584 2167 :
610 2149 674 2168 om.
693 2143 717 2177 p
736 2137 800 2168 rell.
892 2139 912 2166 6
936 2137 1049 2175 Atque
1068 2137 1115 2167 cO
1132 2148 1137 2166 z
1163 2142 1263 2175 atque
1282 2136 1402 2176 haecp
1422 2138 1486 2168 rell.

168 2191 204 2218 13
228 2182 336 2210 oratio
357 2181 386 2210 O
405 2184 435 2218 (ξ
455 2184 496 2218 48
513 2187 631 2220 s-ztpran
651 2193 656 2210 ;
682 2182 765 2211 ratio
778 2187 802 2221 p
821 2180 884 2211 rell.
1069 2191 1105 2218 14
1130 2190 1168 2210 ac
1188 2180 1218 2209 O
1235 2192 1241 2210 :
1265 2185 1366 2219 atque
1379 2185 1403 2220 p
1422 2180 1487 2210 rell.

168 2225 205 2253 18
230 2235 267 2253 ac
285 2235 429 2254 coronae
447 2224 513 2255 cO:
540 2225 580 2254 ad
600 2235 758 2254 coronam
777 2224 841 2254 rell.
933 2228 1011 2254 ante
1028 2237 1048 2253 π
1169 2234 1210 2253 20
1233 2225 1381 2254 omnium
1399 2223 1487 2254 codd.

165 2268 273 2306 (prob.
294 2267 368 2298 Ziel.
382 2273 415 2308 p.
441 2270 514 2306 195)
532 2279 538 2298 z
562 2268 730 2298 hominurn
748 2267 795 2298 ed.
817 2268 892 2298 Asc.
918 2277 1009 2307 1511,
1030 2267 1171 2297 Mueller
1274 2278 1314 2306 25
1339 2271 1484 2297 vestrum

163 2320 236 2340 esse
255 2310 285 2340 O
417 2313 458 2341 28
482 2311 718 2341 existimarunt
735 2311 765 2340 O
