1715 2734
11 621 18 951 l

0 952 18 1125 l

0 1114 5 1193 l

0 1131 19 1391 l

175 104 443 143 ACTIONIS
466 105 526 142 IN
548 105 591 143 C.
612 106 853 143 VERREM
875 106 1173 144 SECVNDAE
1196 106 1299 142 LIB.
1323 105 1389 142 III
1441 105 1498 142 60

174 221 302 252 sumat
344 217 663 264 recuperatores?
734 215 946 266 Indignum
986 215 1053 253 uni
1092 214 1222 265 potius
1262 228 1308 253 ex
1354 214 1497 264 iniquis

173 278 359 316 sumundi
380 293 497 328 quam
519 279 673 328 utrique
694 294 740 318 ex
760 280 896 330 aequis
924 279 1114 318 reiciundi
1143 279 1223 318 fieri
1248 287 1497 329 potestatem.

173 343 366 380 Neutrum
399 343 492 381 facis
526 357 673 382 eorum.
735 344 843 392 Quid
875 347 994 394 ergo?
1052 346 1173 382 Estne
1206 343 1355 393 aliquid
1389 346 1498 393 quod

172 406 387 457 improbius
415 407 496 446 fieri
525 408 680 458 possit?
738 410 835 456 Est3
864 409 967 459 cogit
994 408 1099 447 enim
1121 409 1365 447 Scandilium
1389 409 1498 458 quin-

136 484 152 515 5
171 484 248 520 que
269 471 333 509 illa
353 472 460 510 milia
481 486 688 510 nummum
709 474 803 511 dare
825 481 943 523 atque
963 474 1221 511 adnumerare
1241 473 1430 523 Apronio.

224 535 331 584 Quid
345 537 473 586 potuit
486 537 700 587 elegantius
709 539 835 576 facere
851 546 1005 588 praetor
1018 538 1184 587 cupidus
1202 538 1497 576 existimationis

170 600 310 647 bonae,
347 601 414 650 qui
444 602 495 639 ab
517 615 557 640 se
591 616 750 640 omnem
786 602 1051 652 suspicionem
1087 604 1324 652 propulsare,
1361 603 1427 652 qui
1457 616 1497 641 se

1522 117 1582 150 140

170 664 318 714 eripere
347 680 393 704 ex
422 665 581 704 infamia
610 669 798 716 cuperet?
862 668 1073 705 Adductus
1094 675 1174 705 erat
1200 667 1239 704 in
1261 680 1494 714 sermonem,
1517 666 1564 703 61

171 728 369 776 invidiam,
399 730 751 780 vituperationem3
780 731 975 769 dictitarat
1002 733 1123 769 homo
1148 731 1349 781 improbus
1378 740 1496 782 atque

114 811 152 833 10
170 792 357 843 impurus,
381 795 591 845 Apronius,
616 795 766 833 socium
792 810 877 834 esse
905 804 1151 846 praetorem,
1181 805 1339 834 venerat
1366 811 1425 836 res
1457 797 1495 835 in

170 857 359 897 iudicium
380 867 499 909 atque
520 859 757 907 discrimen,
786 868 959 910 potestas
980 869 1061 899 erat
1082 861 1143 899 isti
1174 861 1325 899 homini
1346 858 1496 912 integro

168 930 287 973 atque
308 924 509 963 innocenti
530 926 631 972 data,
655 932 707 971 ut,
732 925 770 962 in
792 925 1013 975 Apronium
1044 939 1132 964 cum
1159 926 1335 964 animum
1365 929 1497 965 adver-

169 987 287 1035 tisset,
330 1003 414 1027 sese
452 989 679 1039 gravissima
717 991 860 1028 levaret
895 990 1068 1028 infamia.
1146 991 1254 1039 Quid
1303 992 1496 1042 excogitat

168 1067 332 1103 poenae,
360 1054 455 1103 quid
487 1054 837 1092 animadversionis
864 1054 902 1092 in
931 1055 1183 1104 Apronium?
1240 1056 1356 1105 Cogit
1381 1058 1497 1095 Scan-

113 1135 150 1166 15
168 1117 307 1155 dilium
321 1118 499 1167 Apronio
516 1119 567 1156 ob
582 1118 816 1169 singularem
839 1119 1130 1169 improbitatem
1151 1128 1269 1169 atque
1289 1121 1495 1159 audaciam

168 1183 581 1233 praedicationemque
620 1183 789 1221 nefariae
821 1184 1019 1222 societatis
1060 1187 1130 1223 Hs
1165 1188 1188 1222 ἶ]
1225 1186 1415 1224 mercedis
1449 1200 1495 1224 ac

166 1248 314 1297 praemi
348 1248 511 1286 nomine
545 1249 648 1286 dare.
723 1248 832 1297 Quid
863 1249 1045 1295 interfuit,
1070 1251 1191 1288 homo
1221 1250 1492 1298 audacissime,

166 1320 296 1350 utrum
325 1313 400 1350 hoc
421 1313 662 1360 decerneres,
684 1327 733 1350 an
758 1312 796 1350 id
824 1315 932 1362 quod
954 1314 1151 1363 Apronius
1179 1314 1383 1353 dictitabat
1413 1323 1495 1353 tute

167 1379 218 1416 de
235 1385 271 1415 te
287 1379 509 1427 profiterere
525 1392 570 1416 ac
587 1378 813 1416 dictitares?
862 1380 993 1427 Quem
1008 1379 1221 1426 hominem,
1240 1380 1271 1417 si
1287 1380 1353 1429 qui
1368 1382 1495 1430 pudor

109 1459 148 1480 20
167 1443 207 1481 in
229 1451 266 1481 te
286 1452 404 1492 atque
424 1445 525 1482 adeo
546 1444 576 1481 si
599 1444 666 1494 qui
680 1452 806 1482 metus
824 1444 967 1490 fuisset,
988 1445 1071 1483 sine
1092 1445 1285 1495 supplicio
1299 1445 1494 1484 dimittere

167 1522 248 1546 non
275 1508 456 1554 debuisti,
480 1510 586 1546 hunc
614 1510 685 1547 abs
707 1517 744 1547 te
772 1509 855 1547 sinc
878 1510 1052 1559 praemio
1073 1510 1276 1548 discedere
1304 1511 1495 1549 noluisti?

167 1573 313 1611 Omnia
333 1573 448 1611 simul
470 1573 694 1623 intellegere
708 1574 881 1623 potestis,
900 1574 1059 1621 iudices,
1079 1589 1124 1613 ex
1139 1576 1214 1613 hoc
1236 1589 1315 1613 uno
1332 1575 1493 1613 crimine

167 1637 418 1675 Scandiliano
438 1654 445 1676 :
476 1638 645 1687 primum
667 1639 743 1676 hoc
764 1652 843 1676 non
866 1653 950 1677 esse
973 1641 1126 1677 Romae
1148 1647 1281 1677 natum
1304 1641 1353 1677 de
1375 1640 1494 1678 socie-

167 1710 246 1740 tate
261 1703 528 1749 decumarum,
544 1717 625 1740 non
639 1703 689 1740 ab
702 1710 930 1741 accusatore
952 1704 1098 1750 fictum,
1115 1712 1307 1751 non,—ut
1321 1706 1492 1743 solemus

109 1783 148 1814 25
167 1766 364 1805 interdum
398 1766 439 1804 in
486 1767 783 1805 defensionibus
833 1767 1182 1814 dicere‚—crimen
1229 1769 1490 1807 domesticum

164 1845 211 1870 ac
242 1833 504 1878 vernaculum,
540 1845 619 1869 non
655 1845 701 1869 ex
731 1839 909 1882 tempore
939 1832 1100 1882 periculi
1134 1833 1189 1870 tui
1221 1833 1489 1881 constitutum,

165 1897 235 1934 sed
266 1904 390 1943 vetus,
409 1896 598 1946 agitatum
620 1896 697 1934 iam
728 1904 766 1935 et
787 1904 824 1935 te
845 1905 1022 1947 praetore
1048 1897 1244 1944 iactatum,
1268 1906 1305 1936 et
1333 1913 1413 1937 non
1440 1900 1491 1937 ab

209 2012 228 2031 2
254 2001 347 2031 -undi
371 2001 454 2031 VO:
480 2001 573 2030 -cndi
593 2001 683 2040 vulg.
793 2001 927 2039 utrique
949 2001 1008 2031 Vc:
1036 2002 1221 2041 utrisquep
1239 2002 1304 2033 rell.
1471 2013 1491 2042 3

166 2044 271 2075 Estne
293 2043 391 2074 VcO:
416 2049 502 2083 estp
521 2044 584 2074 rell.
694 2056 712 2082 4
740 2045 846 2083 possit
867 2044 930 2074 Vc:
956 2050 1070 2083 posset
1091 2045 1121 2075 O
1140 2056 1145 2074 z
1171 2049 1321 2084 potestp
1338 2046 1404 2075 rell.
1427 2046 1486 2085 (iii,

167 2091 182 2125 ξ
200 2090 258 2127 34)
393 2099 409 2126 7
435 2088 475 2117 ab
493 2098 530 2117 se
553 2088 612 2117 VO
630 2099 635 2117 :
659 2087 700 2117 ab
717 2092 828 2127 sesep
845 2087 910 2118 rell.
1049 2098 1086 2118 10
1103 2089 1230 2119 socium
1254 2089 1313 2119 VO
1330 2100 1336 2120 z
1363 2089 1488 2119 socium

165 2132 227 2161 sibi
257 2130 375 2161 Lamb.
403 2132 437 2160 1'12
464 2142 530 2171 mg.
557 2132 638 2169 1584
659 2132 708 2170 &²⁵¹²
731 2143 750 2159 π
775 2141 889 2160 mance
915 2135 961 2161 est
980 2132 1137 2171 scriptum
1172 2132 1203 2161 in
1237 2143 1429 2162 sermonem
1456 2133 1489 2162 in

164 2175 321 2205 invidiam
340 2180 440 2213 atque
458 2174 648 2213 discrimen,
671 2174 784 2203 mediis
799 2174 943 2209 omissisl
1066 2185 1100 2205 11
1128 2175 1159 2204 in
1179 2175 1360 2205 discrimen
1384 2176 1415 2204 l'
1429 2176 1486 2212 (iii,

167 2221 203 2255 §§
222 2220 275 2257 60,
297 2228 378 2257 155;
403 2229 433 2254 v,
455 2221 469 2254 ξ
492 2221 564 2256 107)
675 2228 711 2247 12
736 2218 883 2247 animum
899 2218 1100 2248 advertisset
1121 2218 1171 2248 V:
1195 2219 1489 2249 animadvertisset

159 2266 185 2302 p
203 2262 266 2293 rell.
285 2262 345 2301 (iv,
369 2266 383 2298 ᾗ
403 2262 444 2300 58
462 2273 468 2299 ;
492 2272 523 2298 v,
545 2265 558 2299 ξ
585 2270 660 2299 105*
850 2262 888 2291 16
913 2261 1078 2291 mercedis
1094 2272 1131 2291 ac
1150 2262 1288 2300 praemii
1307 2263 1443 2293 nomine
1465 2263 1493 2292 V

168 2307 213 2341 (v,
232 2308 247 2341 ,δ
266 2306 321 2345 83Ἲ
339 2317 345 2335 :
371 2306 505 2335 nomine
523 2316 586 2336 om.
608 2304 697 2344 cOpk
715 2316 720 2334 :
746 2314 849 2334 merc.
870 2304 1006 2335 nomine
1023 2315 1061 2334 ac
1080 2306 1215 2343 praemii
1235 2307 1250 2333 δ
1358 2307 1394 2335 18
1419 2312 1488 2337 tutc

170 2349 266 2379 VcO:
291 2354 363 2389 tup
381 2349 447 2380 rell.
556 2359 594 2388 19
618 2348 819 2379 confiterere
842 2347 874 2377 V
972 2359 1013 2379 22
1037 2349 1183 2388 potestis
1205 2349 1280 2380 VcO
1298 2361 1304 2380 :
1330 2350 1487 2390 potuistis

159 2397 186 2434 p
203 2393 266 2424 rell.

1520 1263 1577 1294 ¹41
