1715 2734
154 89 422 128 ACTIONIS
454 89 514 126 IN
546 89 590 127 C.
614 89 855 126 VERREM
886 89 1186 128 SECVNDAE
1218 91 1319 127 LIB.
1346 91 1363 127 I
1404 100 1455 136 34
1475 97 1515 138 87

128 201 321 246 movebat,
338 213 387 237 ne
407 199 503 238 illud
517 198 677 249 quidem
692 199 903 249 cogitabas,
927 199 1042 237 huius
1064 199 1343 249 improbissimi
1364 201 1454 239 furti

96 269 100 273 ⁴
127 266 208 304 sive
238 266 339 303 adeo
367 263 537 302 nefariae
564 265 733 313 praedae
762 272 841 302 tam
872 264 1075 303 inlustrem
1099 278 1146 302 ac
1173 272 1252 302 tam
1278 265 1453 304 nobilem

126 330 322 369 civitatem
350 337 489 368 testem
513 330 712 366 futuram?
761 331 824 367 An
855 329 947 379 quia
973 336 1055 366 tum
1078 330 1150 368 Cn.
1177 330 1384 368 Dolabella
1413 330 1453 368 in
1473 337 1514 367 88

126 409 216 434 eum
247 395 314 445 qui
345 394 379 432 ei
410 393 639 443 myoparoni
670 396 898 443 praefuerat,
925 394 1170 444 Milesiisque
1192 408 1273 432 rem
1303 403 1453 445 gestam

88 476 103 505 5
126 460 374 506 renuntiarat,
402 458 711 497 animadvertere
734 466 801 496 tuo
823 466 958 508 rogatu
980 466 1145 497 conatus
1167 467 1237 506 est,
1261 460 1455 498 renuntia—

127 525 355 574 tionemque
381 524 475 571 eius,
499 537 599 573 quae
621 532 700 562 erat
722 524 759 561 in
783 523 960 573 publicas
989 524 1133 562 litteras
1159 527 1278 562 relata
1299 524 1452 562 illorum

125 590 286 640 legibus,
322 589 404 628 tolli
435 589 607 635 iusserat,
640 588 786 626 idcirco
819 596 856 626 te
891 603 936 627 ex
968 590 1044 627 hoc
1080 589 1242 628 crimine
1277 591 1453 639 elapsum

124 668 209 692 esse
230 654 496 692 arbitrabare?
546 655 719 691 Multum
743 661 779 691 te
810 653 882 691 ista
904 653 1038 691 fefellit
1060 654 1207 704 opinio,
1232 663 1269 692 et
1291 655 1451 704 quidem
1474 663 1525 701 35

125 718 255 757 multis
290 718 330 756 in
365 718 470 756 locis.
531 720 693 767 Semper
728 717 832 756 enim
869 717 1108 765 existimasti,
1140 726 1178 757 et
1213 719 1382 757 maxime
1413 719 1453 756 in

22 826 23 829 Ἰ
66 800 105 821 10
124 784 265 830 Sicilia,
289 784 380 822 satis
410 791 569 822 cautum
591 783 661 821 tibi
682 785 731 822 ad
762 783 1034 822 defensionem
1065 785 1157 830 fore,
1181 784 1212 822 si
1236 792 1302 822 aut
1323 785 1452 823 referri

121 848 271 897 aliquid
293 848 331 885 in
353 848 498 886 litteras
520 848 697 898 publicas
719 848 918 895 vetuisses,
941 856 1007 886 aut
1035 850 1143 898 quod
1166 851 1329 888 relatum
1351 850 1452 888 esset

122 914 205 951 tolli
244 913 449 963 coegisses.
511 916 604 952 Hoc
643 927 761 963 quam
802 913 898 951 nihil
939 913 997 959 sit,
1040 914 1191 952 tametsi
1234 928 1280 952 ex
1320 916 1451 953 multis

122 978 276 1016 Siciliae
297 978 519 1016 civitatibus
549 978 676 1028 priore
706 978 862 1016 actione
893 978 1075 1025 didicisti,
1101 986 1232 1017 tamen
1263 979 1381 1017 etiam
1412 981 1450 1018 in

121 1045 194 1082 hac
208 1044 291 1094 ipsa
307 1044 462 1082 civitate
478 1057 684 1094 cognosce.
744 1046 843 1082 Sunt
859 1043 913 1081 illi
930 1044 1090 1093 quidem
1109 1044 1215 1082 dicto
1231 1045 1447 1093 audientes,

65 1122 98 1154 15
121 1123 239 1159 quam
256 1109 324 1148 diu
345 1111 489 1148 adsunt
506 1109 531 1146 ii
548 1109 614 1159 qui
636 1109 852 1159 imperant:
885 1109 1061 1147 simulac
1078 1110 1352 1157 discesserunt,
1370 1124 1450 1149 non

119 1176 247 1212 solum
269 1174 366 1212 illud
396 1174 641 1224 perscribunt
662 1175 771 1223 quod
802 1182 884 1211 tum
906 1174 1093 1223 prohibiti
1115 1183 1216 1220 sunt,
1240 1177 1309 1213 sed
1331 1176 1448 1214 etiam

119 1252 277 1277 causam
317 1239 545 1278 adscribunt
577 1253 645 1277 cur
684 1253 764 1277 non
804 1246 887 1276 tum
927 1239 966 1276 in
1006 1239 1151 1277 litteras
1190 1241 1353 1278 relatum
1388 1240 1445 1278 sit.

120 1306 287 1342 Manent
308 1304 402 1342 istae
424 1304 572 1342 litterae
595 1303 733 1349 Mileti,
761 1310 931 1349 manent,
955 1311 992 1341 et
1013 1305 1109 1341 dum
1137 1303 1207 1342 erit
1228 1303 1293 1341 illa
1313 1304 1448 1343 civitas
1467 1314 1507 1354 89

119 1370 345 1408 manebunt.
409 1372 558 1408 Decem
589 1369 694 1407 enim
720 1368 828 1406 navis
856 1368 962 1406 iussu
991 1370 1033 1406 L.
1060 1371 1251 1407 Murenae
1278 1371 1447 1419 populus

61 1452 99 1472 20
120 1434 298 1472 Milesius
319 1448 365 1472 ex
386 1434 553 1484 pecunia
574 1433 752 1483 vectigali
777 1435 925 1483 populo
949 1435 1133 1471 Romano
1164 1435 1318 1481 fecerat,
1348 1435 1448 1473 sicut

20 1486 22 1493 i
117 1512 189 1548 pro
219 1513 288 1537 sua
318 1513 498 1548 quaeque
528 1507 635 1549 parte
657 1498 775 1536 Asiae
805 1507 956 1536 ceterae
988 1498 1173 1537 civitates.
1235 1500 1367 1547 Quam
1395 1501 1447 1539 ob

115 1578 196 1603 rem
219 1579 338 1603 unam
360 1578 405 1602 ex
426 1566 578 1612 decem,
594 1579 675 1603 non
697 1565 941 1614 praedonum
963 1564 1168 1615 repentino
1181 1566 1353 1603 adventu
1377 1568 1446 1604 sed

116 1631 230 1680 legati
261 1630 477 1677 latrocinio,
501 1644 579 1669 non
608 1630 644 1667 vi
674 1629 917 1680 tempestatis
943 1631 1012 1668 sed
1043 1631 1115 1668 hac
1146 1631 1321 1669 horribili
1352 1639 1445 1669 tem-

116 1703 266 1745 pestate
296 1695 491 1734 sociorum
523 1695 706 1733 amissam
739 1695 779 1732 in
810 1695 955 1733 litteras
990 1695 1167 1745 publicas
1199 1698 1440 1735 rettulerunt.

59 1773 95 1804 ²5
116 1761 215 1798 Sunt
237 1762 390 1798 Romae
410 1759 525 1809 legati
548 1759 703 1806 Milesii,
727 1760 908 1798 homines
929 1760 1161 1798 nobilissimi
1182 1774 1227 1799 ac
1248 1761 1442 1811 principes
1462 1777 1504 1809 90

115 1824 292 1871 civitatis,
333 1824 400 1874 qui
439 1824 594 1862 tametsi
633 1838 809 1863 mensem
851 1824 1105 1863 Februarium
1152 1833 1189 1863 et
1234 1828 1442 1864 consulum

115 1889 407 1939 designatorum
430 1903 576 1928 nomen
598 1896 836 1939 exspectant,
860 1896 992 1928 tamen
1021 1891 1096 1928 hoc
1118 1898 1269 1928 tantum
1292 1890 1442 1929 facinus

114 1968 195 1992 non
234 1955 354 1992 modo
393 1967 534 2004 negare
579 1953 813 2004 interrogati,
851 1955 920 1992 sed
959 1968 1008 1992 ne
1054 1953 1233 2004 producti
1280 1955 1441 2004 quidem

114 2018 273 2057 reticere
307 2026 514 2068 poterunt:
549 2018 692 2065 dicent,
725 2018 897 2068 inquam,
921 2026 959 2057 et
988 2019 1174 2069 religione
1207 2019 1370 2058 adducti
1404 2028 1441 2059 et

56 2100 95 2131 30
114 2084 420 2123 domesticarum
441 2086 572 2134 legum
593 2092 711 2131 metu,
736 2083 831 2134 quid
861 2084 927 2123 illo
950 2098 1189 2134 myoparone
1212 2086 1356 2123 factum
1379 2085 1438 2132 sit,

114 2151 324 2188 ostendent
346 2150 389 2188 C.
412 2151 586 2196 Verrem,
610 2149 649 2187 in
679 2163 726 2187 ea
746 2151 868 2187 classe
890 2163 990 2199 quae
1012 2157 1147 2187 contra
1177 2150 1318 2199 piratas
1339 2150 1441 2189 aedi-

114 2214 229 2252 ficata
249 2213 310 2261 sit,
332 2213 495 2264 piratam
517 2214 646 2264 ipsum
667 2214 976 2252 consceleratum
1000 2214 1127 2252 fuisse.

163 2327 197 2356 17
223 2327 356 2348 causam
374 2328 441 2348 om.
455 2316 523 2356 pGl
544 2319 584 2354 (s.
601 2318 619 2347 l.
636 2317 688 2357 2⁵²)
707 2329 712 2346 :
738 2327 855 2347 causas
872 2327 911 2356 qr
1056 2327 1093 2347 21
1122 2328 1274 2357 quaeque
1294 2329 1439 2358 *queque

17 2405 21 2555 ι
115 2359 180 2400 Dr)
199 2360 233 2390 D
248 2361 290 2392 al.
302 2366 327 2400 p
343 2372 349 2390 :
373 2371 505 2399 quoque
526 2360 604 2398 G³K
1316 2407 1353 2436 6⁴<
