1769 2739
135 463 153 493 5

112 783 150 805 10

107 1111 141 1142 15

102 1437 139 1458 20

95 1760 132 1792 25

92 2087 132 2116 30

469 78 529 115 IN
559 78 607 125 Q.
641 78 958 116 CAECILIVM
989 78 1206 117 ORATIO
1474 90 1499 117 2
1520 95 1537 126 5

177 178 334 229 manere
355 188 394 227 in
415 188 594 227 instituto
608 202 697 227 meo
710 189 845 227 videor
866 196 903 227 et
924 203 1004 227 non
1021 189 1185 228 omnino
1201 190 1498 229 adefendendis

175 254 403 293 hominibus
424 254 757 304 sublevandisque
777 255 990 293 discedere.
1052 255 1206 304 Quodsi
1220 257 1322 294 hanc
1338 270 1497 294 causam
1518 261 1537 292 6

175 326 254 356 tam
275 318 476 366 idoneam,
500 326 581 356 tam
607 318 821 365 inlustrem,
844 327 924 357 tarn
946 333 1102 369 gravem
1133 333 1213 358 non
1242 320 1498 365 haberem,—

174 383 205 420 si
233 391 300 421 aut
330 385 406 421 hoc
432 396 455 420 a
484 396 547 420 me
572 382 691 421 Siculi
722 397 802 421 non
831 384 1020 433 petissent
1040 392 1107 422 aut
1128 384 1223 421 mihi
1245 398 1336 422 cum
1357 385 1496 424 Siculis

173 461 292 486 causa
317 455 450 485 tantae
480 447 783 486 necessitudinis
811 462 892 485 non
923 448 1193 495 intercederet,
1216 457 1254 486 et
1285 450 1360 487 hoc
1388 451 1496 499 quod

172 512 272 551 facio
301 526 365 550 me
393 512 446 551 rei
474 512 656 562 publicae
685 526 803 551 causa
827 514 953 551 facere
981 515 1191 563 profiterer,
1216 522 1258 552 ut
1279 516 1400 552 homo
1421 515 1495 552 sin-

170 577 291 626 gulari
330 576 555 627 cupiditate,
597 577 773 624 audacia,
814 579 960 616 scelere
999 578 1208 627 praeditus,
1247 578 1356 616 cuius
1395 580 1495 617 furta

170 650 288 692 atque
321 642 464 692 flagitia
496 656 577 680 non
610 642 650 679 in
685 642 816 680 Sicilia
850 644 989 689 solum,
1024 645 1094 681 sed
1126 643 1165 680 in
1193 643 1353 690 Achaia,
1386 644 1492 691 Asia,

171 706 318 753 Cilicia,
357 707 598 757 Pamphylia,
635 709 788 745 Romae
824 708 997 758 denique
1026 716 1117 746 ante
1148 711 1284 746 oculos
1314 709 1493 748 omniurn

170 771 338 810 maxima
376 772 679 822 turpissimaque
712 786 930 820 nossemus,
965 787 1028 812 me
1059 781 1199 823 agente
1228 773 1268 811 in
1303 774 1492 813 iudicium

167 838 528 887 vocaretur,—quis
558 839 719 876 tandem
750 846 853 877 esset
884 838 951 888 qui
982 852 1115 877 meum
1146 841 1293 877 factum
1313 847 1380 878 aut
1395 853 1493 878 -con-

167 901 296 940 silium
332 910 464 952 posset
498 905 817 952 reprehendere?
875 904 984 953 Quid
1014 912 1084 951 est,
1116 918 1187 954 pro
1217 906 1337 943 deum
1368 905 1491 943 homi-
1511 885 1535 921 3

166 980 341 1016 numque
362 969 496 1013 fidem,
516 967 556 1005 in
587 982 667 1018 quo
697 982 770 1018 ego
800 968 853 1007 rei
883 969 1066 1019 publicae
1095 971 1183 1019 plus
1213 971 1289 1008 hoc
1313 977 1490 1020 tempore
1515 943 1530 976 7

164 1033 351 1083 prodesse
386 1033 564 1082 possim?
621 1033 729 1082 Quid
763 1042 821 1072 est
861 1036 970 1084 quod
1009 1042 1076 1072 aut
1114 1036 1264 1084 populo
1304 1037 1489 1074 Romano

163 1097 307 1148 gratius
329 1112 413 1136 esse
433 1099 588 1145 debeat,
611 1106 678 1136 aut
699 1099 814 1137 sociis
829 1099 1049 1149 exterisque
1070 1099 1296 1138 nationibus
1317 1101 1488 1150 optatius

163 1176 248 1200 esse
270 1163 401 1212 possit,
426 1171 492 1201 aut
514 1163 627 1201 saluti
648 1163 893 1213 fortunisque
921 1164 1098 1202 omnium
1121 1165 1242 1214 magis
1267 1178 1488 1204 accommo-

162 1228 297 1265 datum
320 1227 399 1265 sit?
444 1229 669 1277 Populatae‚
690 1236 860 1275 vexatae,
876 1228 1052 1267 funditus
1074 1242 1229 1267 eversae
1250 1229 1487 1279 provinciae,

162 1292 257 1330 socii
279 1292 603 1342 stipendiariique
626 1292 761 1343 populi
785 1293 957 1331 Romani
978 1293 1134 1340 adflicti,
1155 1293 1295 1341 miseri,
1311 1294 1388 1332 iam
1405 1309 1486 1334 non

161 1357 294 1395 salutis
334 1371 444 1407 spem
485 1359 554 1395 sed
594 1358 784 1396 solacium
824 1357 915 1396 exiti
954 1366 1158 1408 quaerunt.
1223 1358 1302 1409 Qui
1342 1359 1523 1399 iudiciaS

160 1436 318 1460 manere
338 1423 445 1472 apud
462 1422 641 1460 ordinem
660 1423 899 1461 senatorium
922 1425 1070 1469 volunt,
1094 1431 1310 1473 queruntur
1329 1437 1485 1462 accusa-

160 1495 261 1526 tores
292 1501 333 1526 se
363 1488 529 1526 idoneos
560 1501 639 1525 non
670 1488 839 1526 habere:
870 1489 936 1538 qui
966 1502 1149 1527 accusare
1179 1497 1355 1539 possunt,
1389 1489 1485 1528 iudi-

159 1552 308 1591 ciorum
329 1552 575 1591 severitatem
596 1553 832 1591 desiderant.
892 1555 1067 1603 Populus
1090 1556 1296 1593 Romanus
1323 1554 1482 1602 interea,

158 1618 312 1656 tametsi
342 1617 474 1656 multis
505 1617 771 1657 incommodis
797 1618 1173 1669 difficultatibusque
1205 1621 1382 1658 adfectus
1412 1628 1481 1668 est,

156 1690 288 1721 tamen
318 1683 415 1720 nihil
444 1697 570 1733 aeque
600 1683 639 1721 in
670 1698 710 1722 re
730 1684 890 1733 publica
918 1691 1037 1733 atque
1066 1683 1171 1721 illam
1194 1692 1365 1723 veterem
1386 1685 1483 1724 iudi-

155 1747 304 1786 ciorum
331 1748 409 1786 vim
438 1748 748 1798 gravitatemque
778 1748 947 1798 requirit.
1010 1749 1253 1787 Iudiciorum
1285 1751 1481 1790 desiderio

153 1813 362 1851 tribunicia
392 1821 564 1863 potestas
595 1814 803 1864 efflagitata
834 1822 903 1860 est,
928 1813 1162 1853 iudiciorum
1196 1815 1352 1854 levitate
1382 1818 1480 1855 ordo

153 1892 312 1928 quoque
339 1878 437 1916 alius
466 1880 517 1917 ad
547 1892 606 1917 res
636 1879 867 1917 iudicandas
898 1882 1124 1929 postulatur,
1159 1880 1334 1918 iudicum
1363 1883 1480 1932 culpa

151 1951 269 1993 atque
309 1945 505 1983 dedecore
544 1944 661 1983 etiam
701 1945 923 1983 censorium
963 1960 1120 1993 nomen,
1164 1947 1272 1996 quod
1303 1946 1477 1996 asperius

150 2016 265 2046 antea
285 2011 433 2059 populo
455 2009 576 2047 videri
607 2010 769 2057 solebat,
793 2010 833 2049 id
854 2024 959 2048 nunc
987 2010 1170 2060 poscitur,
1195 2010 1235 2049 id
1256 2010 1333 2048 iam
1355 2025 1477 2062 popu-

151 2074 228 2111 lare
263 2081 300 2112 et
331 2074 538 2124 plausibile
570 2076 716 2113 factum
749 2083 818 2113 est.
878 2077 926 2113 In
961 2076 1034 2113 hac
1071 2075 1235 2114 libidine
1268 2076 1474 2114 hominum
1494 2093 1513 2124 9

150 2139 532 2187 nocentissimorum,
556 2139 595 2178 in
617 2140 752 2190 populi
783 2141 956 2179 Romani
984 2141 1183 2179 cotidiana
1214 2141 1470 2191 querimonia,

196 2252 209 2272 1
236 2243 353 2274 videor
369 2249 401 2273 et
414 2243 499 2284 prG¹
516 2256 522 2274 ε
546 2245 645 2275 video
662 2255 713 2274 me
732 2249 764 2275 et
781 2244 845 2275 ΒΨ
945 2255 979 2274 11
1009 2249 1121 2275 tamen
1140 2245 1312 2274 Hotoman
1436 2245 1473 2274 18

149 2294 217 2315 non
236 2287 299 2316 iarn
317 2287 344 2316 L
490 2298 528 2327 19
554 2288 649 2318 exitii
668 2288 729 2318 sol.
745 2290 805 2328 pra
963 2297 1004 2326 25
1028 2289 1094 2318 vim
1112 2299 1203 2327 grav.
1227 2299 1295 2327 req.
1318 2289 1383 2318 iud.
1403 2299 1468 2318 om.

147 2338 186 2357 ex
200 2329 443 2361 homoeoteleuto
460 2331 571 2368 DLK,
591 2331 695 2370 suppl.
715 2343 740 2361 s.
761 2332 779 2362 l.
794 2331 834 2371 p²
968 2333 1010 2361 26
1034 2332 1172 2362 lenitate
1191 2332 1283 2372 DG12

1350 2374 1386 2403 1*
