1715 2734
121 53 176 90 30
197 56 236 91 73
565 44 623 81 M.
653 43 821 80 TVLLI
853 43 1161 82 CICERONIS

135 167 174 201 74
193 154 310 193 amici
330 154 592 205 advocatique
614 155 800 193 fecerunt.
810 128 847 188 »s
862 155 942 193 Iste
962 167 1204 204 quamquam
1225 161 1284 193 est
1303 153 1525 193 incredibili

194 220 489 271 importunitate
528 228 566 259 et
604 220 781 267 audacia,
822 227 954 259 tamen
994 220 1125 259 subito
1164 221 1270 258 solus
1315 219 1525 258 destitutus

194 285 394 335 pertimuit
424 294 461 325 et
491 285 748 324 conturbatus
779 292 837 323 est
852 299 862 332 3
891 284 988 335 quid
1014 292 1155 334 ageret,
1185 298 1266 334 quo
1293 298 1334 323 se
1360 291 1526 323 verteret

194 350 408 389 nesciebat.
466 350 506 389 Si
527 349 740 389 dimisisset
759 363 807 388 eo
828 357 1006 400 tempore
1027 349 1311 400 quaestionem,
1336 356 1436 399 post,
1451 348 1526 387 illis

193 415 381 464 adhibitis
396 415 433 454 in
451 415 659 454 consilium
675 428 774 465 quos
787 415 997 465 ablegarat,
1014 415 1239 453 absolutum
1257 414 1301 452 iri
1315 415 1524 464 Sopatrum
1546 426 1564 458 5

194 480 379 528 videbat,
419 480 640 525 sinautem
671 479 875 518 hominem
907 479 1091 518 miserum
1121 487 1240 529 atque
1270 479 1525 517 innocentem

195 546 248 584 ita
268 548 586 594 condemnasset,
607 560 698 584 cum
720 545 804 596 ipse
824 553 979 596 praetor
995 545 1079 584 sine
1093 544 1270 592 consilio,
1289 558 1376 583 reus
1391 552 1524 582 autem

196 611 280 650 sine
308 618 475 661 patrono
501 618 620 661 atque
641 610 842 649 advocatis
865 610 1013 659 fuisset,
1034 609 1306 660 iudiciumque
1326 611 1371 649 C.
1395 611 1527 648 Sacer-

194 676 298 715 dotis
333 675 565 722 rescidisset,
604 675 792 715 invidiam
825 689 866 714 se
900 675 1091 714 sustinere
1120 682 1270 713 tantam
1300 688 1380 714 non
1410 687 1528 725 posse

194 742 465 781 arbitrabatur.
540 743 682 792 Itaque
720 742 926 780 aestuabat
965 740 1225 787 dubitatione,
1266 740 1446 778 versabat
1484 753 1526 779 se
1548 754 1587 778 10

195 815 403 858 utramque
437 807 477 845 in
510 814 661 857 partem
694 821 776 845 non
806 809 934 846 solum
965 814 1107 854 mente,
1131 819 1266 844 verum
1298 805 1416 844 etiam
1446 819 1528 844 cor-

195 887 300 923 pore,
333 880 376 911 ut
407 886 546 912 omnes
578 872 647 923 qui
678 874 842 911 aderant
876 872 1102 922 intellegere
1132 878 1294 922 possent
1324 870 1364 908 in
1393 870 1527 909 animo

194 937 278 976 eius
310 944 460 976 metum
489 951 580 976 cum
608 937 824 988 cupiditate
852 951 1037 987 pugnare.
1099 938 1192 974 Erat
1208 935 1416 974 hominurn
1437 949 1528 974 con-

196 1010 336 1042 ventus
368 1002 573 1050 maximus,
607 1016 808 1042 summum
847 1002 1057 1049 silentium,
1095 1015 1250 1041 summa
1287 1001 1527 1052 exspectatio

197 1083 373 1119 quonam
402 1076 505 1107 esset
535 1068 618 1107 eius
647 1068 842 1119 cupiditas
872 1075 1083 1118 eruptura,
1112 1068 1249 1106 crebro
1276 1081 1317 1106 se
1337 1080 1528 1106 accensus
1550 1080 1587 1113 15

137 1142 174 1177 75
197 1133 432 1173 demittebat
469 1136 520 1172 ad
553 1148 688 1174 aurem
723 1134 1007 1173 Timarchides.
1067 1135 1172 1172 Turn
1206 1133 1280 1171 iste
1312 1132 1529 1183 aliquando

199 1200 306 1249 ‘Age
337 1199 451 1238 dicl'
485 1199 622 1249 inquit.
682 1201 792 1238 Reus
830 1213 940 1238 orare
970 1207 1090 1249 atque
1123 1199 1328 1238 obsecrare
1359 1206 1402 1237 ut
1436 1211 1528 1236 cum

195 1264 362 1303 consilio
382 1272 649 1315 cognosceret.
711 1265 818 1303 Turn
841 1272 1002 1315 repente
1029 1264 1101 1303 iste
1129 1264 1238 1302 testis
1262 1263 1371 1302 citari
1393 1263 1528 1311 iubet;

194 1328 290 1368 dicit
328 1343 430 1367 unus
469 1336 507 1368 et
541 1331 638 1368 alter
672 1330 841 1369 breviter
858 1345 867 1377 3
916 1329 1013 1367 nihil
1054 1329 1336 1379 interrogatur,
1383 1341 1527 1379 praeco

195 1406 359 1432 DIXISSE
379 1394 616 1444 pronuntiat.
678 1397 769 1443 Iste,
793 1395 903 1445 quasi
926 1402 1117 1434 metueret
1130 1408 1180 1433 ne
1198 1393 1359 1433 Petilius
1375 1393 1526 1443 privato
1547 1404 1587 1427 20

194 1459 262 1497 illo
291 1459 439 1498 iudicio
463 1467 660 1499 transacto
688 1469 756 1499 aut
782 1462 935 1510 prolato
963 1474 1054 1499 cum
1079 1459 1217 1499 ceteris
1248 1459 1287 1497 in
1317 1458 1525 1497 consilium

195 1532 459 1572 reverteretur,
484 1525 537 1563 ita
566 1539 780 1576 properans
811 1527 861 1564 de
892 1527 986 1564 sella
1016 1525 1152 1572 exsilit,
1181 1524 1385 1563 hominem
1417 1524 1526 1562 inno-

194 1598 350 1628 centem
371 1604 394 1628 a
416 1591 459 1630 C.
484 1592 697 1630 Sacerdote
717 1592 942 1630 absolutum
966 1590 1114 1630 indicta
1135 1603 1252 1629 causa
1265 1591 1315 1628 de
1333 1588 1527 1628 sententia

194 1655 344 1694 scribae
367 1655 508 1694 medici
531 1656 827 1706 haruspicisque
848 1656 1099 1695 condemnat.

134 1758 175 1800 76
552 1786 558 1791 .
665 1786 671 1792 .
787 1787 794 1793 .
1033 1786 1038 1792 .
1103 1786 1109 1792 .
1278 1785 1284 1791 .
1319 1785 1326 1791 .

196 1793 437 1833 conservate,
459 1793 500 1824 ut
530 1794 577 1824 slt
608 1800 674 1836 qul
704 1787 909 1825 vobiscum
943 1800 1002 1825 res
1030 1788 1187 1833 iudicet,
1219 1799 1287 1836 qui
1317 1799 1356 1823 m
1386 1792 1525 1823 senatu

195 1850 279 1889 sine
318 1852 396 1889 ulla
434 1851 651 1902 cupiditate
690 1854 740 1891 de
780 1853 885 1891 bello
929 1860 967 1891 et
1006 1866 1104 1902 pace
1143 1851 1378 1890 sententiam
1416 1852 1522 1888 ferat.

195 1916 371 1954 Tametsi
406 1916 536 1955 minus
568 1917 607 1955 id
642 1917 804 1967 quidem
837 1918 964 1964 nobis,
996 1918 1125 1956 minus
1160 1918 1308 1967 populo
1341 1918 1526 1954 Romano

195 1981 455 2020 laborandum
481 1989 550 2028 est,
573 1982 698 2032 qualis
723 1982 832 2021 istius
857 1982 896 2020 in
927 1990 1064 2021 senatu
1089 1981 1284 2020 sententia
1310 1982 1438 2019 futura
1464 1979 1522 2018 sit.

240 2101 256 2128 7
283 2091 346 2121 iste
367 2091 408 2121 Ο1
540 2103 561 2131 9
586 2102 687 2131 posse
704 2103 766 2123 non
787 2093 817 2122 O
833 2095 913 2128 <non
933 2103 1032 2132 posse
1057 2097 1182 2123 tantam
1200 2092 1251 2122 ὸδΧ
1369 2102 1404 2130 17
1432 2091 1524 2121 Reus

196 2157 202 2164 .
223 2157 230 2164 .
251 2157 258 2164 .
279 2135 455 2165 obsecrare
472 2134 529 2165 cO¹
549 2146 555 2165 ε
582 2136 749 2175 Sopatrus
775 2136 954 2175 implorare
979 2137 1077 2166 deum
1105 2136 1204 2166 fidem
1228 2140 1328 2174 atque
1354 2135 1521 2165 hominum

195 2177 374 2208 obsecrare
394 2179 483 2218 qu:
520 2178 601 2218 Sop.
634 2180 722 2218 impl.
754 2180 783 2210 h.
815 2185 882 2219 atq.
910 2181 941 2210 d.
969 2180 1024 2210 fid.
1054 2179 1090 2209 ὸδ
1230 2189 1267 2208 21
1296 2178 1426 2217 prolato
1443 2178 1523 2207 com'.

195 2220 342 2261 Zumpt:
367 2223 498 2260 perlato
516 2222 574 2251 (ΘΙ
592 2234 598 2253 z
622 2223 725 2253 dilato
739 2227 762 2261 p
780 2223 845 2254 wll.
995 2233 1037 2262 23
1060 2234 1078 2253 a
1097 2223 1123 2252 C
1141 2233 1172 2253 c:
1199 2233 1235 2252 ac
1257 2222 1304 2254 O:
1331 2233 1397 2252 om.
1413 2227 1437 2261 p
1454 2221 1520 2251 rell.

196 2274 236 2302 24
263 2265 449 2304 haruspicis
468 2276 547 2296 10111.
568 2268 645 2306 que)
666 2266 696 2296 O
714 2278 719 2297 :
746 2278 773 2297 v.
795 2266 871 2297 Ziel.
886 2273 917 2307 p.
938 2277 995 2306 ¹94
1087 2268 1128 2296 28
1153 2266 1263 2296 minus
1280 2268 1369 2306 <ante
1385 2264 1521 2304 populo)

190 2312 215 2347 p
232 2308 299 2338 rell.
316 2320 322 2339 2
351 2314 381 2339 et
401 2309 451 2339 O:
477 2320 541 2339 om.
562 2310 579 2338 l>

132 1709 176 1745 31
251 1720 445 1767 Retinete,
469 1721 633 1760 retinete
660 1721 863 1760 hominem
885 1721 925 1760 in
945 1721 1112 1768 civitate,
1136 1720 1297 1768 iudices,
1319 1719 1466 1770 parcite
1486 1726 1525 1758 et
1546 1734 1586 1766 25
