1715 2734
174 63 440 104 ACTIONIS
472 65 533 103 IN
563 65 608 105 C.
630 64 872 103 VERREM
901 65 1199 104 SECVNDAE
1230 64 1332 102 LIB.
1358 65 1400 102 II
1447 73 1498 100 22
1516 76 1558 109 53

172 184 252 214 erat
283 177 346 214 illa
375 190 434 215 res
463 189 583 226 quam
611 184 702 215 ante
732 175 1007 223 demonstravi,
1034 177 1084 214 de
1116 174 1304 213 Heraclio
1338 176 1496 224 Syracu—

171 253 278 288 sano,
308 240 375 290 qui
409 241 514 279 bona
547 254 627 279 non
657 241 889 291 perdidisset
919 240 992 278 nisi
1022 241 1057 278 ei
1086 239 1255 278 venisset
1285 239 1492 277 hereditas.

171 305 281 342 Huic
300 318 460 355 quoque
481 305 653 355 Epicrati
678 313 845 353 venerat,
866 314 907 343 ut
934 305 1024 352 dixi,
1047 305 1252 342 hereditas.
1312 305 1494 353 Cogitare
1515 315 1557 347 54

170 377 384 418 coeperunt
413 371 495 408 eius
525 369 673 407 inimici
703 370 827 408 nihilo
856 369 985 407 minus
1015 370 1157 407 eodem
1185 375 1361 417 praetore
1389 370 1494 406 hunc

131 448 148 478 5
170 434 287 471 everti
318 433 432 472 bonis
462 447 577 484 posse
606 447 686 484 quo
717 434 924 472 Heraclius
954 441 1056 472 esset
1080 446 1246 471 eversus.
1305 434 1407 471 Rem
1434 446 1495 471 oc-

169 498 273 535 culte
305 499 512 537 instituunt
526 513 536 546 3
569 499 620 536 ad
647 500 809 537 Verrem
837 512 906 548 per
934 497 1017 536 eius
1044 497 1272 547 interpretes
1302 498 1492 535 deserunt.

170 563 231 600 Ita
260 576 378 600 causa
404 562 655 613 componitur
685 571 728 601 ut
757 563 850 601 item
880 562 1125 612 palaestritae
1157 561 1289 600 Bidini
1318 569 1495 611 peterent

168 627 219 664 ab
258 627 440 677 Epicrate
485 627 755 674 hereditatem,
796 641 915 677 quem
957 628 1007 665 ad
1047 629 1212 665 modum
1251 626 1495 676 palaestritae

169 693 400 742 Syracusani
420 693 470 731 ab
493 693 681 732 Heraclio
705 692 944 743 petivissent.
1005 694 1234 742 Numquam
1255 705 1324 730 vos
1345 699 1494 742 praeto-

110 769 150 792 10
169 770 250 795 rem
282 765 361 795 tam
396 758 669 808 palaestricum
696 757 871 804 vidistis;
911 770 1045 795 verum
1075 756 1127 794 ita
1156 757 1395 806 palaestritas
1430 757 1494 794 de-

168 822 354 860 fendebat
385 830 427 860 ut
461 823 512 860 ab
543 822 616 860 illis
647 822 731 872 ipse
763 822 916 860 unctior
946 822 1080 860 abiret.
1141 821 1221 870 Qui
1252 821 1394 868 statim,
1422 835 1495 871 quo

167 886 263 936 quid
283 900 465 937 praesens
487 895 597 933 esset,
621 887 729 925 iubet
750 887 907 925 cuidam
934 886 1149 925 amicorum
1179 899 1337 924 suorum
1360 900 1493 925 nume-

166 951 238 989 rari
261 953 331 990 HS
354 964 479 990 LXXX.
540 954 621 990 Res
651 952 838 990 occultari
869 952 960 990 satis
991 965 1070 989 non
1101 951 1254 1001 potuit3
1284 964 1351 1001 per
1371 965 1491 1001 quen·
1513 962 1553 993 55

166 1018 257 1055 dam
289 1030 424 1055 eorum
459 1017 526 1067 qui
559 1017 814 1055 interfuerant
847 1018 889 1055 fit
919 1017 1121 1067 Epicrates
1150 1016 1299 1055 certior.
1359 1016 1493 1054 Primo

110 1093 144 1124 15
166 1089 419 1120 contemnere
448 1090 486 1120 et
515 1084 718 1132 neglegere
748 1082 889 1131 coepit,
911 1083 1020 1132 quod
1050 1095 1167 1120 causa
1198 1094 1354 1131 prorsus
1384 1082 1492 1130 quod

166 1146 354 1196 disputari
384 1154 517 1197 posset
546 1147 643 1185 nihil
672 1147 855 1185 habebat.
916 1146 1073 1185 Deinde
1103 1160 1192 1184 cum
1224 1147 1273 1184 de
1304 1146 1492 1184 Heraclio

165 1211 351 1261 cogitaret
386 1220 424 1250 et
455 1211 565 1250 istius
596 1211 802 1250 libidinem
841 1219 984 1259 nosset,
1019 1211 1386 1250 commodissimum
1426 1225 1492 1261 pu-

165 1277 258 1315 tavit
285 1290 370 1316 esse
399 1278 449 1316 de
478 1277 679 1328 provincia
705 1279 807 1315 clam
834 1277 941 1315 abire
956 1291 965 1324 3
995 1276 1127 1326 itaque
1147 1276 1265 1319 fecit:
1294 1278 1491 1326 profectus

165 1350 223 1381 est
258 1342 438 1392 Regium.
498 1343 620 1391 Quod
649 1342 717 1380 ubi
746 1341 925 1381 auditum
951 1350 1019 1389 est,
1043 1350 1220 1380 aestuare
1249 1341 1303 1379 illi
1332 1342 1399 1391 qui
1428 1354 1491 1391 pe·
1511 1349 1561 1386 23

105 1418 145 1440 20
164 1406 320 1445 cuniam
342 1408 544 1453 dederant,
567 1414 703 1456 putare
730 1406 827 1444 nihil
856 1406 916 1456 agi
945 1419 1061 1456 posse
1087 1406 1251 1444 absente
1282 1405 1491 1456 Epicrate3

164 1484 255 1509 nam
278 1471 486 1510 Heraclius
508 1479 640 1510 tamen
660 1472 848 1518 adfuerat,
865 1485 954 1510 cum
972 1471 1099 1521 primo
1115 1478 1205 1509 sunt
1221 1470 1302 1509 dati
1323 1470 1490 1518 iudices;

163 1536 213 1574 de
234 1537 309 1574 hoc
330 1536 407 1586 qui,
425 1544 638 1586 antequam
659 1535 809 1575 aditum
832 1535 870 1574 in
892 1535 951 1574 ius
972 1543 1084 1582 esset,
1107 1542 1321 1585 antequam
1341 1535 1490 1574 mentio

162 1600 335 1650 denique
373 1600 661 1639 controversiae
696 1602 797 1639 facta
835 1609 937 1639 esset
976 1602 1064 1647 ulla,
1097 1600 1349 1647 discessisset,
1381 1608 1490 1650 puta-

163 1665 257 1703 bant
288 1665 385 1704 nihil
422 1666 483 1716 agi
522 1680 648 1716 posse.
722 1665 921 1704 Homines
960 1665 1130 1716 Regium
1165 1666 1465 1715 proficiscuntur
1478 1680 1489 1713 ;

102 1743 141 1776 25
164 1729 386 1780 Epicratem
417 1731 686 1778 conveniunt,
720 1732 1002 1777 demonstrant,
1025 1730 1065 1769 id
1095 1731 1203 1780 quod
1233 1730 1297 1768 ille
1326 1730 1484 1776 sciebat,

161 1808 203 1833 se
226 1796 295 1833 HS
317 1807 431 1833 LXXX
452 1795 635 1843 dedisse3
665 1804 801 1846 rogant
831 1809 921 1834 eum
952 1803 994 1833 ut
1021 1795 1094 1833 sibi
1124 1795 1165 1833 id
1189 1797 1297 1845 quod
1317 1796 1366 1833 ab
1394 1795 1486 1844 ipsis

159 1859 304 1898 abisset
338 1860 529 1911 pecuniae
560 1868 677 1908 curet,
711 1861 762 1899 ab
801 1874 886 1899 sese
917 1868 1052 1899 caveat
1086 1874 1205 1910 quem
1238 1861 1289 1898 ad
1321 1862 1484 1899 modum

159 1924 262 1972 velit,
284 1926 335 1964 de
366 1925 430 1964 illa
459 1927 675 1964 hereditate
704 1939 795 1964 cum
826 1925 1009 1975 Epicrate
1038 1925 1237 1964 neminem
1268 1938 1352 1963 esse
1381 1934 1483 1964 actu-

202 2040 221 2068 4
246 2030 350 2061 everti
367 2030 455 2060 hunc
476 2028 506 2060 O
639 2040 657 2068 5
684 2040 750 2069 quo
766 2029 853 2060 codd.
870 2034 998 2070 praeter
1019 2030 1173 2070 V<quam
1191 2029 1266 2061 add.
1286 2040 1311 2060 s.
1331 2030 1350 2060 l.
1369 2040 1482 2069 quem-

159 2074 353 2114 admodum)
509 2084 526 2113 7
555 2073 668 2104 Bidini
690 2073 798 2103 Vc012
827 2074 992 2104 Bidenses
1009 2074 1072 2106 rell.
1215 2075 1235 2103 8
1259 2073 1481 2105 hereditatem

159 2127 223 2147 om.
245 2116 292 2147 cO
463 2126 497 2146 11
527 2117 633 2147 abiret
655 2116 740 2147 VcO¹
757 2128 762 2146 :
790 2117 982 2148 discederet
1001 2118 1063 2149 rell.
1190 2127 1257 2157 quo
1274 2117 1353 2156 quid
1370 2118 1486 2157 scripsi

160 2159 212 2199 (C.
233 2160 275 2191 R.
294 2159 383 2199 xviii,
399 2165 432 2200 p.
450 2160 508 2199 24)
524 2172 531 2191 ε
564 2160 653 2199 quod
672 2159 757 2191 codd.
778 2159 889 2191 Habet
907 2161 936 2190 V
949 2160 1004 2199 qui
1022 2161 1132 2191 statim
1151 2162 1237 2199 quod
1255 2160 1367 2190 statim
1385 2170 1480 2200 prae-

158 2204 320 2234 sensisset
492 2214 529 2233 12
556 2213 689 2234 suorum
710 2203 799 2233 Vnk:
825 2215 889 2235 om.
911 2204 958 2234 cO
974 2205 1021 2243 (ii,
1044 2209 1058 2241 ξ
1077 2206 1133 2243 835
1151 2216 1157 2234 :
1182 2215 1269 2235 suor.
1289 2205 1385 2235 amic.
1406 2204 1476 2236 bal.

161 2256 198 2284 14
224 2246 370 2277 Primum
389 2246 420 2277 Ο
435 2248 467 2286 (ξ
483 2249 525 2286 36
541 2251 658 2287 supra)
821 2257 859 2287 15
882 2253 1098 2278 contemnere
1116 2254 1148 2277 et
1166 2248 1348 2287 neglegere
1366 2248 1479 2287 coepit

161 2289 211 2320 V:
235 2289 323 2328 negl.
343 2295 376 2320 et
393 2296 481 2322 cont.
502 2301 529 2322 e.
546 2296 596 2331 pr
615 2291 678 2322 rell.
697 2301 704 2322 ε
731 2290 820 2330 negl.
842 2301 868 2322 c.
891 2296 925 2321 et
942 2295 1030 2323 cont.
1054 2291 1084 2321 O
1190 2301 1228 2321 21
1257 2291 1362 2330 primo
1385 2290 1479 2322 VOlt

159 2333 300 2373 primum
311 2334 350 2364 πὸ
481 2344 523 2373 25
548 2339 581 2365 et
598 2335 781 2366 demonstr.
804 2334 834 2365 O
964 2336 1006 2365 26
1031 2335 1093 2365 sibi
1115 2333 1211 2366 VcO:
1236 2346 1302 2366 om.
1323 2335 1386 2367 rell.
