1715 2734
107 46 159 86 47
184 48 243 78 118
549 42 605 79 M.
638 42 806 79 TVLLI
838 42 1146 80 CICERONIS

180 150 282 190 facio
321 165 403 190 non
440 151 635 191 existimet
675 164 739 189 me
779 151 922 189 summi
965 152 1069 190 offici
1108 151 1258 191 ratione
1296 151 1510 203 impulsum

180 224 443 266 coactumque
472 216 701 266 suscepisse.

109 282 162 330 48
235 283 369 332 Atque
389 290 431 320 ut
460 281 677 331 aliquando
706 282 757 320 de
787 282 905 321 rebus
932 282 984 321 ab
1014 282 1089 321 isto
1119 282 1286 332 cognitis
1316 282 1511 321 iudicatis-

181 359 259 396 que
284 354 322 385 et
352 348 402 386 de
431 346 586 385 iudiciis
616 346 718 384 datis
746 346 877 385 dicere
906 347 1153 394 desistamus,
1177 355 1226 395 et,
1250 347 1439 397 quoniam
1460 349 1511 386 fa·

181 419 244 450 cta
264 411 374 450 istius
396 411 434 449 in
451 411 511 449 his
532 410 741 461 generibus
762 411 915 450 infinita
935 419 1036 459 sunt,
1059 425 1132 451 nos
1153 413 1318 450 modurn
1338 411 1510 462 aliquem
1531 425 1548 456 5

181 484 220 515 et
254 477 374 515 finem
408 476 575 515 orationi
610 483 767 515 nostrae
801 475 1112 526 criminibusque
1151 477 1350 523 faciamus,
1386 491 1511 527 pauca

100 552 160 587 119
181 555 229 580 ex
260 541 345 580 aliis
383 541 592 591 generibus
631 555 844 580 sumemus.
904 541 1082 580 Audistis
1113 542 1165 580 ob
1200 542 1259 580 ius
1295 542 1509 581 dicendum

181 608 230 655 Q.
268 606 431 645 Varium
463 607 594 645 dicere
629 614 900 657 procuratores
940 620 1031 645 suos
1065 607 1128 645 isti
1160 615 1319 645 centum
1356 607 1511 658 triginta

181 671 288 710 milia
317 685 526 710 nummum
554 671 722 719 dedisse,
755 671 989 710 meministis
1020 673 1069 720 Q.
1099 671 1192 709 Vari
1227 671 1508 717 testimonium,

180 749 343 786 remque
381 737 484 774 hanc
523 744 647 774 totam
687 737 732 776 C.
774 736 1009 783 Sacerdotis,
1050 736 1221 774 hominis
1261 735 1508 783 ornatissimi,

180 800 408 840 testimonio
441 801 702 851 comprobari,
739 801 845 839 scitis
885 802 957 841 Cn.
999 801 1178 848 Sertium,
1213 802 1270 839 M.
1312 801 1509 848 Modium,

180 866 332 916 equites
388 868 604 913 Romanos,
655 875 857 905 sescentos
909 875 1108 917 praeterea
1154 866 1249 904 civis
1305 868 1511 904 Romanos

180 933 406 982 multosque
427 932 579 970 Siculos
601 932 745 970 dixisse
766 945 807 970 se
828 932 890 970 isti
912 932 1120 982 pecuniam
1141 932 1194 970 ob
1216 931 1274 969 ius
1295 931 1510 969 dicendum

179 997 347 1035 dedisse.
405 998 466 1035 De
487 1010 567 1047 quo
587 997 750 1035 crimine
771 996 867 1047 quid
884 1011 957 1047 ego
977 997 1187 1046 disputem,
1210 1010 1301 1034 cum
1322 996 1363 1034 id
1383 1004 1510 1034 totum

179 1061 352 1112 positum
381 1061 429 1100 sit
455 1061 494 1100 in
515 1062 712 1100 testibus?
740 1062 837 1112 quid
865 1075 981 1112 porro
1004 1070 1265 1112 argumenter,
1294 1074 1373 1111 qua
1398 1062 1450 1099 de
1470 1074 1510 1099 re

179 1126 359 1165 dubitare
376 1139 495 1165 nemo
512 1126 664 1177 possit?
706 1129 770 1165 An
787 1128 863 1165 hoc
880 1127 1078 1165 dubitabit
1092 1126 1300 1176 quisquam
1316 1126 1508 1174 omnium,

179 1191 275 1241 quin
315 1192 346 1230 is
385 1193 564 1230 venalem
603 1192 643 1230 in
676 1192 808 1230 Sicilia
838 1192 930 1230 iuris
969 1191 1185 1230 dictionem
1225 1191 1405 1229 habuerit
1443 1191 1510 1241 qui

180 1259 334 1297 Rornae
372 1266 500 1297 toturn
538 1258 713 1297 edictum
751 1266 870 1308 atque
904 1257 1038 1295 omnia
1070 1258 1228 1295 decreta
1261 1255 1513 1294 vendiderit?

178 1331 217 1362 et
255 1325 350 1374 quin
384 1323 415 1361 is
449 1324 499 1361 ab
539 1323 679 1362 Siculis
718 1323 771 1361 ob
806 1324 965 1362 decreta
999 1323 1290 1372 interponenda
1322 1320 1510 1371 pecunias

178 1388 335 1439 ceperit,
386 1388 453 1439 qui
504 1390 559 1426 M.
604 1388 814 1427 Octavium
864 1387 1048 1437 Ligurem
1097 1387 1306 1437 pecuniam
1354 1386 1408 1424 ob
1450 1386 1510 1424 ius

99 1470 159 1493 120
178 1453 394 1492 dicendum
425 1453 679 1504 poposcerit?
736 1454 858 1502 Quod
893 1452 999 1491 enim
1038 1453 1111 1491 iste
1149 1461 1349 1502 praetcrea
1386 1464 1510 1501 genus

178 1519 370 1569 pecuniae
400 1520 603 1569 cogendae
632 1518 859 1569 praeteriit?
889 1519 998 1568 quod
1028 1532 1108 1555 non
1136 1518 1188 1555 ab
1209 1517 1396 1555 omnibus
1425 1516 1510 1555 aliis

178 1584 431 1634 praeteritum
462 1584 726 1634 excogitavit?
766 1597 892 1633 ecqua
926 1596 987 1621 res
1015 1583 1122 1632 apud
1153 1581 1329 1620 civitates
1359 1581 1510 1620 Siculas

177 1649 381 1699 expetitur,
422 1649 462 1687 in
501 1662 579 1699 qua
616 1656 683 1687 aut
718 1650 846 1687 honos
879 1648 1021 1698 aliquis
1058 1648 1106 1685 sit
1136 1655 1203 1686 aut
1237 1654 1410 1697 potestas
1441 1655 1509 1685 aut

178 1714 412 1764 procuratio,
444 1714 540 1764 quin
565 1727 651 1752 eam
684 1727 765 1752 rem
793 1721 834 1751 tu
861 1714 912 1752 ad
936 1721 1048 1751 tuum
1079 1720 1286 1762 quaestum
1317 1711 1509 1750 nundina-

103 1790 161 1829 49
180 1779 408 1829 tionemque
429 1779 637 1817 hominum
659 1778 904 1817 traduxeris?
957 1778 1074 1816 Dicta
1094 1786 1185 1816 sunt
1206 1777 1333 1827 priore
1352 1777 1509 1815 actione

179 1851 217 1882 et
264 1844 444 1894 privatim
492 1852 530 1882 et
578 1844 736 1894 publice
783 1843 1033 1891 testimonia3
1085 1843 1200 1893 legati
1249 1842 1506 1892 Centuripini,

181 1909 400 1957 Halaesini,
417 1909 660 1956 Cannenses,
686 1909 1063 1959 Panhormitanique
1083 1909 1274 1954 dixerunt,
1299 1909 1508 1945 multarum

179 1982 377 2025 praeterea
406 1974 619 2021 civitatum,
654 1975 730 2012 iam
766 1989 858 2013 vero
888 1974 1067 2025 privatim
1099 1973 1266 2023 plurimi.
1328 1974 1508 2021 Quorum

1535 750 1573 771 10

1533 1073 1570 1105 Ι5

1534 1398 1577 1420 20

1529 1728 1569 1760 ²5

177 2053 224 2078 ex
244 2039 479 2078 testimoniis
500 2052 738 2089 cognoscere
755 2039 936 2089 potuistis
957 2046 1039 2076 tota
1059 2037 1189 2076 Sicilia
1210 2051 1277 2087 per
1298 2037 1508 2075 triennium
1529 2051 1570 2081 30

222 2155 241 2174 2
266 2149 485 2184 coactumque
504 2143 600 2174 malit
615 2143 720 2173 abesse
737 2142 894 2174 Zielinski
912 2143 961 2183 (p.
986 2143 1061 2181 194)
1271 2152 1289 2179 4
1316 2141 1357 2171 de
1376 2152 1441 2172 om.
1466 2140 1507 2171 Ol

178 2189 198 2219 8
223 2189 361 2227 triginta
382 2187 445 2218 0¹:
471 2193 505 2218 et
522 2188 594 2225 trig.
612 2192 635 2227 p
653 2187 716 2218 rell.
903 2197 924 2225 9
947 2186 1072 2216 Valerii
1091 2184 1148 2215 εΟι
1326 2194 1364 2223 13
1385 2194 1422 2215 se
1440 2183 1508 2215 cO:

179 2242 245 2263 om.
264 2237 285 2271 p
303 2232 367 2263 rell.
507 2240 545 2270 14
571 2231 602 2260 id
620 2229 689 2260 cO:
713 2241 778 2261 om.
803 2231 866 2261 rell.
1005 2240 1042 2259 21
1072 2229 1134 2258 iste
1152 2227 1209 2257 (Οι
1227 2238 1234 2258 :
1258 2233 1310 2258 cst
1329 2226 1392 2258 rell.
1414 2230 1459 2268 (p
1474 2228 1509 2257 in

180 2276 263 2313 ras.)
447 2285 487 2313 23
513 2283 619 2313 ecqua
631 2278 656 2314 p
673 2274 736 2304 rell.
752 2278 877 2313 practer
897 2274 927 2304 O
943 2273 976 2303 in
993 2283 1057 2312 quo
1073 2276 1120 2302 est
1136 2272 1199 2302 hcc
1215 2281 1338 2310 quaere
1352 2283 1357 2302 :
1383 2281 1508 2310 ecquae

180 2318 299 2356 Halm,
319 2317 430 2349 Muell.

1708 2475 1711 2486 -
1709 2439 1710 2451 Η
1708 2418 1710 2423 .
1705 1569 1715 2407 ,κβ-ψ-ψῌψ
