1715 2734
91 93 198 129 ‘60

144 862 202 900 138

144 1393 204 1425 139

148 1983 208 2014 140

228 105 285 139 137
586 92 646 129 M.
676 91 844 128 TVLLI
876 90 1182 129 CICERONIS

223 204 282 251 sit,
305 217 424 254 quem
445 205 497 243 ad
518 204 682 242 modum
704 201 912 240 hominum
934 201 1210 241 existimationi
1237 209 1276 239 te
1295 208 1414 251 atque
1444 200 1554 239 inno-

222 268 391 307 centiam
413 277 521 307 tuam
538 266 693 318 probari
706 267 812 305 velis.
865 266 945 305 Hic
965 275 1007 305 tu
1028 266 1227 305 medicum
1248 274 1286 304 et
1306 265 1555 316 haruspicem

223 342 262 372 et
292 347 528 384 praeconem
567 341 679 371 tuum
714 339 1005 382 recuperatores
1044 331 1157 371 dabis
1190 338 1258 370 aut
1288 330 1406 369 etiam
1445 330 1554 369 illum

223 399 352 449 ipsum
373 412 491 449 quem
512 406 555 436 tu
576 397 614 435 in
636 398 798 435 cohorte
818 404 885 434 tua
907 396 1140 436 Cassianum
1167 396 1340 434 iudicem
1366 395 1553 442 habebas,

223 464 253 502 si
286 478 365 514 qua
395 477 455 502 res
490 462 614 501 maior
651 469 764 508 esset,
804 461 1001 511 Papirium
1042 463 1315 509 Potamonem,
1351 460 1554 499 hominem
1576 476 1592 506 5

223 543 403 568 severum
446 542 493 567 ex
530 536 660 566 vetere
706 527 770 565 illa
809 526 979 576 equestri
1019 526 1258 577 disciplina?
1334 525 1555 565 Scandilius

224 596 421 644 postulare
450 594 501 632 de
532 601 732 631 conventu
756 600 1058 642 recuperatores.
1132 593 1236 629 Tum
1264 591 1337 629 iste
1366 598 1483 640 negat
1514 604 1556 628 se

224 661 275 698 de
303 657 592 697 existimatione
613 671 683 695 sua
703 656 888 706 cuiquam
910 656 985 694 nisi
1006 656 1084 694 suis
1105 656 1421 695 commissurum.
1480 656 1557 693 Ne-

223 724 433 775 gotiatores
470 723 544 761 sibi
583 729 722 773 putant
761 736 847 760 esse
879 730 991 772 turpe
1021 721 1061 760 id
1100 723 1226 760 forum
1259 721 1333 759 sibi
1374 720 1556 771 iniquum

224 790 368 828 eierare
389 788 456 827 ubi
473 787 747 838 negotientur;
781 795 935 837 praetor
956 787 1196 837 provinciam
1213 800 1324 824 suam
1341 785 1415 824 sibi
1431 793 1554 824 totam
1579 798 1616 820 ¹0

224 854 399 904 iniquam
415 853 544 892 eierat.
597 852 894 902 Impudentiam
910 852 1145 902 singularem
1167 855 1172 889 ἕ
1223 852 1302 890 Hic
1323 853 1495 902 postulat
1515 864 1557 889 se

227 921 380 957 Romae
414 918 566 957 absolvi
601 917 667 967 qui
700 917 739 955 in
773 931 842 955 sua
873 917 1074 967 provincia
1113 917 1292 956 iudicarit
1330 915 1481 955 absolvi
1515 929 1557 954 se

226 986 334 1022 nullo
355 985 477 1022 modo
499 997 625 1033 posse,
649 982 717 1032 qui
744 984 831 1032 plus
852 982 1047 1021 existimet
1067 984 1174 1033 apud
1195 982 1428 1021 lectissimos
1449 995 1558 1020 sena-

225 1058 327 1088 tores
352 1049 561 1099 pecuniam
584 1062 703 1098 quam
723 1048 830 1098 apud
851 1047 918 1085 tris
939 1047 1201 1098 negotiatores
1234 1056 1383 1086 metum
1404 1049 1556 1085 valere!

225 1114 447 1153 Scandilius
475 1128 567 1152 vero
600 1121 716 1164 negat
749 1127 836 1151 sese
874 1114 980 1163 apud
1019 1113 1315 1152 Artemidorum
1355 1126 1556 1162 recupera-
1579 1130 1587 1151 ι
1597 1130 1614 1160 5

225 1189 350 1219 torem
375 1181 539 1218 verbum
568 1193 653 1217 esse
683 1180 888 1224 facturum,
912 1186 950 1216 et
980 1186 1112 1216 tamen
1139 1186 1255 1228 auget
1280 1185 1399 1228 atque
1419 1184 1556 1215 onerat

225 1253 263 1284 te
283 1246 398 1284 bonis
419 1244 739 1291 condicionibus,
755 1244 784 1282 si
808 1252 848 1282 tu
871 1243 925 1282 uti
940 1244 1034 1282 velis
1053 1258 1062 1291 3
1092 1243 1122 1281 si
1143 1258 1189 1282 ex
1211 1242 1411 1294 provincia
1427 1241 1558 1280 Sicilia

225 1318 307 1349 tota
320 1318 466 1348 statuas
481 1309 669 1348 idoneum
685 1309 856 1347 iudicem
870 1316 937 1347 aut
951 1316 1263 1359 recuperatorem
1276 1309 1427 1346 nullum
1442 1321 1558 1358 posse

225 1375 391 1426 reperiri,
416 1376 587 1424 postulat
607 1375 677 1411 abs
705 1382 743 1411 te
764 1382 805 1411 ut
828 1376 999 1412 Romam
1028 1388 1107 1412 rem
1139 1374 1285 1412 reicias.
1346 1372 1426 1411 Hic
1451 1372 1555 1411 enim

225 1456 317 1480 vero
344 1450 384 1479 tu
410 1442 604 1478 exclamas
635 1439 837 1478 hominem
867 1439 1104 1489 improbum,
1132 1439 1198 1488 qui
1229 1440 1401 1489 postulet
1428 1437 1481 1476 ibi
1506 1439 1556 1476 de
1578 1454 1618 1476 20

226 1517 293 1546 tua
331 1506 618 1546 existimatione
661 1505 851 1544 iudicium
894 1505 974 1543 fieri
1016 1505 1082 1543 ubi
1118 1513 1156 1543 te
1195 1505 1432 1544 invidiosum
1472 1518 1557 1542 csse

226 1574 446 1622 intellegat:
479 1585 598 1621 negas
613 1578 650 1608 te
674 1572 845 1608 Romam
866 1570 1113 1617 reiecturum,
1136 1584 1255 1619 negas
1282 1572 1333 1608 de
1359 1577 1556 1608 conventu

226 1645 516 1688 recuperatores
549 1637 743 1681 daturum,
778 1637 981 1673 cohortem
1022 1643 1129 1673 tuam
1170 1635 1367 1685 proponis
1442 1637 1558 1674 Scan-

227 1703 343 1742 dilius
375 1716 456 1741 rem
491 1716 532 1740 se
564 1709 687 1739 totam
719 1700 944 1739 relicturum
975 1700 1070 1739 dicit
1100 1708 1138 1739 et
1167 1714 1239 1738 suo
1266 1708 1443 1750 tempore
1472 1714 1557 1739 esse

227 1768 454 1808 rediturum.
514 1767 622 1816 Quid
662 1774 702 1805 tu
740 1766 794 1804 ibi
834 1769 947 1805 tum?
990 1766 1085 1816 quid
1124 1766 1251 1805 facis?
1313 1765 1556 1805 Scandilium
1579 1780 1616 1810 25

227 1833 520 1884 cogisssquid?
554 1832 810 1883 sponsionem
844 1840 1048 1882 acceptam
1084 1833 1242 1870 facere?
1300 1832 1558 1881 Impudenter

229 1900 331 1938 tollis
358 1905 626 1949 exspectatum
657 1897 954 1936 existimationis
979 1905 1068 1936 tuae
1099 1895 1314 1936 iudicium:
1344 1910 1424 1934 non
1451 1895 1555 1935 facis.

231 1965 341 2014 Quid
375 1966 498 2014 ergo?
569 1962 747 2013 Apronio
775 1963 966 2013 permittis
993 1971 1036 2001 ut
1074 1976 1173 2013 quos
1198 1962 1290 2001 velit
1317 1963 1368 2001 de
1397 1963 1559 2001 cohorte

275 2079 289 2098 1
315 2074 415 2109 atque
433 2066 637 2107 elegantiam
658 2067 688 2097 Ο
779 2077 798 2106 3
825 2067 915 2097 illum
936 2068 1037 2098 etiarn
1057 2067 1087 2097 O
1108 2068 1140 2107 (ξ
1163 2067 1236 2106 144N
1343 2077 1364 2106 9
1387 2067 1449 2097 sibi
1469 2071 1561 2104 (aute

231 2119 348 2152 putant
382 2113 411 2143 O
431 2125 437 2143 :
462 2123 525 2143 0111.
541 2117 564 2151 p
587 2111 650 2141 rcll.
727 2121 758 2140 11
789 2111 894 2141 eierat
911 2111 958 2140 V:
984 2111 1091 2141 eiurat
1107 2115 1150 2151 ⁴ch
1163 2111 1358 2150 l.10'¹prcll.
1375 2110 1443 2141 edd.
1494 2110 1558 2140 Irn-

231 2157 428 2195 pudentiam
453 2156 537 2185 ls'():
565 2155 595 2185 O
617 2155 741 2194 impud.
759 2158 783 2193 p
801 2154 867 2185 rell.
890 2155 949 2195 (iv,
972 2156 987 2191 §
1006 2155 1041 2193 8)
1181 2164 1217 2183 12
1243 2154 1396 2184 iudicarit
1412 2152 1558 2193 Zumpt:

232 2201 314 2230 -auit
343 2199 412 2239 Vp:
438 2204 523 2229 -aret
550 2199 580 2228 O
605 2199 639 2238 (i,
667 2201 681 2235 ξ
710 2199 786 2239 127)
964 2198 1093 2230 absolvi
1118 2208 1154 2227 se
1181 2197 1227 2227 V:
1268 2207 1305 2227 se
1329 2196 1397 2227 abs.
1419 2196 1468 2236 Op
1494 2195 1558 2226 rell.

234 2253 271 2281 15
296 2253 372 2273 sese
393 2242 464 2282 Op:
488 2252 525 2272 se
545 2241 660 2282 V<i‚§
684 2243 755 2281 127)
892 2252 928 2280 17
953 2247 987 2272 tu
1006 2242 1077 2282 Op:
1102 2252 1167 2272 om.
1191 2241 1238 2280 Vq
1373 2240 1410 2269 18
1434 2244 1562 2269 statuas

232 2289 331 2318 alium
346 2287 488 2316 iudicem
504 2285 661 2315 idoneum
679 2284 709 2314 O
733 2284 791 2314 i.e.
812 2287 819 2299 ‘
835 2283 875 2313 al.
893 2283 957 2314 iud.
976 2284 1076 2313 i(lon.'
1097 2295 1104 2313 τ
1128 2285 1164 2321 cf.
1187 2284 1311 2314 Clncul.
1335 2289 1348 2321 ξ
1369 2294 1408 2323 25
1523 2294 1562 2323 19

234 2342 302 2361 rem
323 2330 419 2361 l'cO:
443 2340 507 2360 om.
525 2333 548 2368 j)
563 2327 627 2357 rell.
752 2337 793 2356 22
820 2327 988 2366 intelligat
1004 2327 1051 2358 cO
1070 2338 1076 2357 :
1100 2326 1260 2367 intelligit
1281 2327 1329 2358 V:
1353 2327 1562 2366 intelligebat

228 2379 255 2418 p
271 2375 338 2406 rell.
475 2383 515 2413 23
542 2377 631 2402 tuam
649 2382 715 2402 om.
739 2369 771 2401 V
