1715 2734
154 95 421 134 ACTIONIS
454 95 514 132 IN
544 94 587 132 C.
612 94 853 130 VERREM
884 93 1182 131 SECVNDAE
1214 92 1317 129 LIB.
1342 92 1360 128 I
1401 90 1452 136 38
1472 97 1513 138 98

127 204 300 242 habendi
330 203 416 250 sint,
440 202 507 253 qui
538 203 635 240 haec
665 202 799 240 omnia
828 204 1012 240 fecerunt.
1073 203 1134 239 Ita
1163 209 1221 240 est
1236 217 1245 248 3
1279 203 1349 240 sed
1379 214 1452 251 ego

126 270 372 307 defensorem
411 268 451 306 in
500 281 588 306 mea
633 281 813 317 persona,
852 281 932 305 non
974 274 1241 304 accusatorem
1282 265 1452 303 maxime

125 333 274 372 laudari
304 335 403 371 volo.
465 333 655 371 Rationes
689 333 740 370 ad
767 331 967 377 aerarium,
1000 338 1212 380 antequam
1244 330 1452 368 Dolabella

125 400 412 437 condemnatus
439 405 508 443 est,
531 411 611 435 non
641 398 760 435 audet
788 398 952 443 referre3
980 395 1161 445 impetrat
1189 409 1212 433 a
1242 402 1379 433 senatu
1410 401 1452 432 ut

87 477 102 507 5
124 462 208 501 dies
229 462 301 500 sibi
332 469 612 512 prorogaretur,
637 463 745 511 quod
776 461 927 498 tabulas
958 474 1045 498 suas
1076 460 1126 497 ab
1157 459 1451 498 accusatoribus

127 527 356 564 Dolabellae
395 526 618 576 obsignatas
658 526 814 572 diceret,
852 525 1016 575 proinde
1056 524 1167 574 quasi
1206 523 1451 562 exscribendi

124 599 357 641 potestatem
397 604 476 628 non
517 592 688 629 haberet.
749 593 863 629 Solus
907 598 965 628 est
1010 590 1073 627 hic
1122 589 1189 639 qui
1233 601 1449 638 numquam

123 656 291 694 rationes
311 657 361 694 ad
382 656 570 693 aerarium
593 657 740 694 referat.

177 720 353 759 Audistis
378 720 640 770 quaestoriam
671 721 877 767 rationem,
898 720 1019 757 tribus
1042 719 1240 757 versiculis
1261 719 1422 757 relatam
1440 733 1450 765 3
1469 728 1524 765 39

18 811 19 816 ,
68 784 338 834 relegationis,
376 799 456 822 non
492 784 565 822 nisi
606 786 873 822 condemnato
906 793 943 822 et
978 784 1103 822 eiecto
1136 797 1183 822 eo
1219 783 1286 833 qui
1317 791 1451 833 posset

123 851 435 899 reprehendere;
466 863 571 887 nunc
605 850 776 898 denique
808 857 1019 899 praeturae,
1059 863 1175 899 quarn
1210 864 1257 887 ex
1291 857 1450 887 senatus

122 916 304 952 consulto
338 914 467 952 statim
498 915 636 952 referre
666 914 814 959 debuit,
838 928 962 964 usque
991 916 1041 951 ad
1076 916 1152 952 hoc
1184 922 1339 964 tempus
1369 928 1450 953 non

122 979 278 1017 rettulit.
339 980 600 1027 Quaestorem
622 992 663 1017 se
684 979 723 1016 in
745 987 882 1017 senatu
910 987 1133 1029 exspectare
1155 979 1260 1026 dixit,
1284 979 1450 1028 proinde
1470 993 1511 1026 99

122 1044 232 1093 quasi
253 1057 345 1090 non,
368 1051 409 1081 ut
431 1051 614 1093 quaestor
633 1043 717 1082 sine
738 1052 915 1093 praetore
936 1043 1058 1093 possit
1086 1043 1274 1081 rationem
1297 1045 1447 1090 referre,

67 1120 102 1150 15
122 1116 218 1146 —ut
243 1115 296 1154 tu,
321 1107 522 1154 Hortensi,
547 1115 589 1145 ut
610 1109 947 1146 omnes—eodem
979 1109 1100 1145 rnodo
1131 1108 1213 1146 sine
1243 1116 1450 1157 quaestore

122 1181 286 1223 praetor.
348 1173 455 1211 Dixit
476 1173 582 1211 idem
605 1174 855 1212 Dolabellam
877 1173 1114 1223 impetrasse.
1176 1174 1306 1212 Omen
1327 1173 1449 1222 magis

122 1238 296 1288 patribus
344 1237 577 1288 conscriptis
625 1251 744 1287 quam
793 1252 910 1276 causa
958 1238 1126 1288 placuit:
1174 1239 1448 1287 probaverunt.

121 1306 269 1342 Verum
300 1311 525 1353 quaestores
555 1317 715 1353 quoque
744 1302 821 1341 iam
842 1303 994 1353 pridem
1025 1311 1240 1342 venerunt:
1271 1317 1339 1342 cur
1367 1317 1448 1342 non

122 1368 332 1407 rettulisti?
380 1370 540 1406 Illarum
571 1368 766 1407 rationum
801 1382 848 1406 ex
879 1382 924 1406 ea
958 1370 1065 1406 faece
1096 1368 1300 1418 legationis
1334 1382 1450 1418 quae-

63 1450 104 1472 20
123 1434 343 1483 storiaeque
373 1441 462 1472 tuae
492 1433 774 1484 procurationis
804 1433 869 1471 illa
897 1442 987 1472 sunt
1015 1434 1186 1478 nomina,
1210 1447 1311 1483 quae
1331 1436 1449 1472 Dola-

123 1499 248 1537 bellae
278 1498 497 1537 necessario
527 1507 618 1537 sunt
645 1499 860 1537 aestimata.
921 1501 985 1537 Ex
1016 1511 1172 1537 LITIBVS
1203 1511 1448 1538 AESTIMATIS

124 1565 404 1601 DOLABELLAE
426 1576 486 1601 PR.
512 1575 563 1601 ET
591 1575 670 1601 PRO
693 1576 754 1600 PR.
775 1579 781 1601 :
813 1565 934 1613 Quod
957 1564 1085 1601 minus
1108 1564 1317 1602 Dolabella
1337 1565 1448 1603 Verri
1471 1581 1530 1603 100

119 1635 326 1677 acceptum
361 1628 508 1666 rettulit
539 1641 658 1677 quam
691 1630 832 1666 Verres
859 1627 914 1666 illi
949 1641 1163 1677 expensum
1198 1629 1338 1676 tulerit,
1376 1631 1446 1667 Hs

121 1692 334 1742 quingenta
364 1692 518 1742 triginta
539 1692 714 1742 quinque
745 1692 863 1739 milia.
884 1700 922 1730 et
953 1694 1060 1742 quod
1091 1694 1177 1742 plus
1208 1693 1299 1731 fecit
1330 1695 1448 1732 Dola-

62 1773 100 1804 25
120 1757 222 1795 bella
242 1759 404 1795 Verrem
424 1757 623 1806 accepisse
645 1771 763 1806 quarn
785 1757 856 1795 iste
878 1757 917 1794 in
939 1757 1017 1794 suis
1039 1757 1181 1795 tabulis
1203 1758 1349 1804 habuit,
1375 1760 1445 1797 HS

119 1822 290 1859 ducenta
324 1821 478 1871 triginta
516 1823 598 1859 duo
637 1821 753 1867 milia,
795 1829 832 1859 et
867 1823 974 1870 quod
1009 1823 1096 1871 plus
1132 1822 1315 1860 frumenti
1354 1824 1445 1862 fecit

117 1885 316 1935 accepisse
346 1885 475 1932 istum,
501 1888 571 1924 Hs
602 1885 761 1924 deciens
791 1894 828 1924 et
859 1886 1084 1936 octingenta
1114 1886 1231 1933 milia,
1263 1889 1371 1936 quod
1402 1895 1443 1926 tu

117 1950 238 1987 homo
277 1949 516 1988 castissimus
555 1950 663 1988 aliud
701 1950 741 1988 in
781 1951 922 1989 tabulis
962 1952 1147 1990 habebas.
1209 1951 1317 1990 Hinc
1355 1952 1443 1991 illae
1482 1990 1485 1991 ⁷

117 2015 442 2054 extraordinariae
467 2016 669 2066 pecuniae,
694 2029 792 2066 quas
822 2018 930 2055 nullo
952 2018 1053 2055 duce
1084 2024 1215 2055 tamen
1244 2017 1376 2067 aliqua
1396 2032 1442 2057 ex

163 2128 175 2148 1
204 2118 254 2150 Ita
268 2123 319 2149 est
333 2118 420 2150 codd.
441 2120 516 2159 (ista
533 2125 584 2150 est
598 2119 653 2157 Gal
670 2130 676 2149 :
702 2130 766 2150 om.
780 2119 798 2148 b
814 2131 819 2149 :
844 2119 912 2150 secl.
929 2119 1041 2151 Muell.
1134 2131 1152 2159 5
1178 2127 1442 2160 prorogarentur

116 2162 203 2192 codd.
293 2165 315 2192 6
338 2163 480 2202 proinde
499 2163 587 2194 codd.
600 2168 728 2203 prmtcr
743 2161 801 2203 Lg.
824 2165 864 2201 48
880 2168 910 2193 et
926 2165 941 2192 δ
963 2165 1138 2203 (perinde)
1229 2167 1248 2195 8
1273 2166 1314 2195 ad
1332 2177 1435 2197 aeras.

117 2211 264 2236 fanones
285 2206 322 2245 Gl
450 2217 484 2238 11
504 2218 603 2247 quam
620 2208 735 2248 SDZp
753 2220 760 2239 ι
783 2220 849 2240 om.
870 2209 980 2248 G2LK
1110 2218 1147 2246 13
1173 2214 1384 2247 quaestorem
1402 2221 1439 2241 se

116 2248 224 2288 SDp:
257 2255 454 2288 quaestores
480 2261 558 2281 sese
582 2261 622 2280 ex
644 2250 721 2280 Asc.
751 2255 924 2288 (quaestor
948 2262 1024 2281 esse
1051 2251 1101 2286 se]
1128 2252 1195 2282 edd.
1314 2253 1438 2284 deinde

115 2293 209 2330 quasi
227 2292 313 2333 SDp
328 2294 370 2325 al.
503 2304 540 2331 14
564 2298 598 2323 et
614 2299 773 2332 quaestor
788 2293 876 2325 codd.
989 2300 1102 2333 posset
1120 2297 1135 2324 δ
1246 2306 1286 2334 27
1312 2298 1434 2336 octing.

116 2336 180 2365 duo
198 2336 287 2366 milia
307 2336 418 2378 G2LK
504 2338 545 2366 28
570 2337 803 2367 callidissimus
823 2337 863 2376 Gl
953 2338 1027 2368 aliis
1046 2339 1123 2369 coni.
1148 2338 1302 2377 Wyttenb.
