1715 2734
523 49 688 88 SIGLA
720 49 836 98 ‚PER
876 49 1078 89 LIBROS
1119 50 1260 89 II-III

224 183 234 190 .
254 183 262 190 .
283 183 289 190 .
309 159 397 190 velle
420 160 484 191 de:
515 163 552 197 §§
571 170 613 199 59
625 161 680 190 -68
700 160 881 192 maximum
899 184 907 192 .
925 186 933 193 .
954 185 961 192 .
980 161 1169 192 innocens:
1199 165 1235 200 §§
1254 162 1360 201 83-87
1379 163 1446 193 dixi
1470 173 1559 194 com-

227 217 346 250 parat.
368 235 375 242 .
397 236 403 243 .
427 217 461 242 ut
487 217 627 251 putant:
669 215 707 250 ἐξ
736 222 884 242 loo-102
908 213 1015 252 ipsum
1042 214 1131 253 apud
1149 237 1156 244 .
1177 238 1185 245 .
1204 238 1211 245 .
1231 224 1307 244 cum
1333 215 1416 245 haec
1444 215 1557 257 ac[ta:

226 268 263 303 §§
286 268 434 306 113-116
452 268 494 297 de
511 267 645 306 publico
665 290 672 297 .
691 290 700 298 .
719 290 727 298 .
748 267 875 297 Veneri
899 277 964 297 non
983 268 1025 298 de
1046 268 1212 309 Sthe[ni:
1239 271 1275 306 §§
1298 269 1558 300 120-121testi-

223 321 337 352 monia
360 321 465 360 legati
483 345 489 352 .
509 345 517 352 .
536 345 544 353 .
564 321 748 351 dandarum
765 332 773 352 t
805 324 843 359 §5
871 331 1019 361 124—127
1043 326 1079 352 ut
1102 323 1132 353 is
1155 323 1297 362 amplior
1314 346 1320 353 .
1341 347 1349 353 .
1368 346 1376 353 .
1395 323 1556 363 scriptum

223 380 296 407 erat
313 381 348 407 ut
365 388 371 406 :
404 379 441 414 {35
463 376 613 415 138—140
628 376 744 415 adepti
761 380 839 406 sunt
857 399 865 407 .
885 398 894 407 .
913 399 921 407 .
941 375 976 406 hi
1003 377 1172 408 iudicent:
1199 380 1235 414 ἐξ
1259 387 1406 416 142-143
1423 378 1557 408 nomine

222 436 373 462 accersat
391 454 398 460 .
417 454 426 461 .
445 454 453 461 .
473 429 730 469 magistratibus
764 430 889 461 nostris
906 440 914 461 ε
961 432 1000 468 §5
1040 432 1190 470 152—156
1224 432 1319 461 voles
1357 440 1473 461 eorum
1493 455 1500 461 .
1520 455 1528 462 .
1547 456 1554 462 .

221 485 434 525 apertissime
465 485 582 516 vobis:
630 488 667 523 ἐξ
704 486 852 525 166-169
882 495 983 516 causa
1015 486 1118 517 multa
1141 510 1148 516 .
1169 510 1176 517 .
1197 510 1203 517 .
1229 487 1392 526 prodesse
1424 490 1556 525 potest:

224 543 262 578 ξς
284 541 428 579 188-191
457 540 636 578 pecuarius
653 562 662 571 .
681 563 689 571 .
709 564 717 570 .
737 540 885 570 dilucide
910 541 1008 579 quod.

266 594 298 625 ii.
315 604 345 633 3,
369 598 405 632 ξξ
429 605 488 624 1-2
513 593 646 625 Omnes
668 595 751 634 qui.
770 618 778 627 .
797 617 806 626 .
824 595 923 626 officii
946 596 1007 626 sed
1031 596 1154 627 etiam:
1193 599 1230 634 ἐξ
1250 606 1357 635 20—23
1381 601 1417 627 ut
1445 607 1557 636 neque

220 672 229 679 .
249 673 257 679 .
277 672 284 679 .
306 659 372 679 non
390 649 499 679 solum
518 660 524 678 :
551 651 589 687 ἕξ
608 659 716 689 24—29
734 650 1006 689 diripiendasque
1021 675 1028 681 .
1049 675 1056 682 .
1076 675 1083 682 .
1104 661 1214 690 neque
1231 657 1342 681 tamen
1359 662 1365 681 ε
1393 654 1430 689 §5
1448 662 1555 691 40-47

220 703 412 735 vendidisti.
475 704 526 733 Tu
544 727 552 735 .
572 727 580 734 .
600 727 607 734 .
625 714 784 734 annonae
815 704 1013 735 caritatem:
1054 709 1091 743 ξς)
1111 708 1219 745 52-62
1253 705 1410 736 Profecto
1443 716 1557 745 quam-

220 768 319 797 quam
339 782 346 788 .
367 782 373 788 .
395 781 402 788 .
422 757 550 797 Aproni
577 758 731 788 convivio
749 769 756 788 ε
782 759 820 795 §5
838 759 946 797 66-70
965 758 1146 790 insolentia
1170 764 1353 790 consecuta
1371 784 1378 790 .
1397 784 1404 790 .
1425 783 1432 790 .
1453 760 1556 800 virgis

219 819 276 844 te:
319 816 356 850 ἐξ
376 814 482 852 74—78
517 818 631 843 tantus
667 813 764 843 dolor
781 836 789 843 .
807 835 816 843 .
836 836 843 843 .
864 819 1081 853 posteaquam
1114 819 1275 844 ventum:
1313 817 1350 851 ἐξ
1376 815 1488 853 83-86
1513 815 1556 846 de

220 868 336 908 populi
357 867 398 899 R.
418 868 509 899 victu
528 891 536 898 .
554 891 563 899 .
582 892 590 898 .
609 867 788 899 Tissenses
806 878 813 898 z
848 870 885 906 ἓξ
909 878 1058 908 129—130
1074 869 1262 908 periculum
1279 869 1473 908 pertinebat
1491 893 1498 900 .
1518 893 1525 900 .
1544 894 1552 900 .

220 922 422 953 decumani:
473 925 511 960 §§
554 932 700 962 137—144
740 927 846 953 totam
889 923 1037 962 iniquam
1064 946 1071 953 .
1091 946 1098 953 .
1119 946 1127 953 .
1153 923 1181 953 si
1220 933 1322 963 quem
1360 929 1530 954 aratorum
1548 935 1555 953 :

220 980 257 1015 ξς
282 987 428 1017 152—157
453 977 606 1008 Tenetur
630 977 732 1016 igitur
749 1000 756 1007 .
777 1000 785 1007 .
805 1000 813 1008 .
831 976 953 1007 videtis
979 982 1037 1007 ut:
1074 980 1111 1015 ἐξ
1136 978 1283 1017 168—173
1307 978 1384 1017 quis
1407 978 1554 1018 denique

244 1055 253 1062 .
272 1055 279 1062 .
301 1042 413 1062 emere
442 1032 561 1063 iussit:
604 1035 641 1069 ἐξ
671 1041 818 1071 175—177
850 1032 1047 1069 cognoscite
1077 1042 1121 1062 ex
1151 1032 1275 1063 litteris
1299 1056 1308 1063 .
1326 1056 1334 1063 .
1352 1056 1360 1063 .
1379 1031 1554 1063 Vidimus:

220 1090 258 1125 ἓξ
284 1088 434 1117 182-186
462 1086 678 1126 oppugnari.
701 1110 709 1118 .
727 1110 734 1117 .
755 1087 986 1126 praedonum:
1024 1090 1060 1124 ἐξ
1083 1097 1234 1126 190-193
1259 1088 1472 1117 meminimus
1490 1111 1497 1117 .
1515 1111 1524 1118 .
1542 1112 1548 1118 .

219 1149 294 1169 mea
312 1140 470 1169 civitate:
499 1142 535 1176 ἐξ
553 1141 701 1178 195—196
712 1139 796 1169 Cum
814 1138 873 1169 tibi
891 1162 898 1168 .
919 1162 926 1169 .
946 1162 954 1169 .
976 1138 1051 1169 Hoc
1064 1139 1146 1177 quid
1165 1150 1171 1168 :
1198 1142 1397 1178 §§199-204
1412 1144 1447 1169 ut
1458 1138 1552 1169 daret

217 1199 331 1225 arator
348 1218 355 1224 .
376 1218 382 1224 .
403 1218 410 1224 .
430 1194 486 1233 qui
503 1194 665 1224 aderant:
692 1196 728 1231 ἐξ
748 1203 901 1232 205-209
917 1203 986 1224 non
1011 1203 1056 1223 ex
1077 1204 1118 1224 eo
1136 1217 1143 1224 .
1164 1217 1171 1223 .
1192 1217 1199 1224 .
1221 1193 1391 1224 hominurn
1408 1194 1552 1224 auetori-

216 1254 289 1279 tas:
329 1251 367 1286 ἐξ
391 1259 541 1287 212'214
568 1247 735 1279 adflictam
753 1272 760 1278 .
781 1272 788 1279 .
806 1272 814 1278 .
834 1249 866 1278 in
893 1247 972 1279 illo:
1014 1251 1051 1286 ἐξ
1077 1258 1229 1287 220—225
1256 1253 1380 1286 quotus
1405 1247 1470 1278 erit
1486 1270 1494 1278 .
1514 1270 1522 1278 .
1540 1271 1548 1279 .

215 1304 404 1335 aestimavit
423 1304 506 1334 tanti
523 1315 529 1333 :
557 1306 572 1340 ξ
590 1304 654 1333 228
673 1303 763 1333 nullo
781 1304 881 1334 modo
899 1326 906 1333 .
927 1325 934 1333 .
955 1325 962 1333 .
984 1309 1206 1334 revertantur.

350 1416 478 1447 Anecd.
506 1432 532 1442 τ-
557 1416 736 1447 Anecdota
754 1416 979 1456 Oxoniensia,
1000 1416 1161 1446 Classical
1181 1416 1307 1454 Series,
1331 1416 1408 1446 Part
1425 1416 1470 1446 ix.

363 1473 397 1510 J.
418 1472 478 1503 Ph.
505 1488 529 1496 z
554 1472 695 1509 Journal
712 1471 750 1501 of
766 1471 953 1510 Philology.

274 1526 350 1556 Am.
366 1527 397 1564 J.
420 1526 478 1557 Ph.
505 1542 531 1551 z
554 1526 735 1556 American
752 1526 893 1563 Journal
911 1525 949 1555 of
964 1525 1151 1564 Philology.

322 1579 372 1610 Cl.
393 1580 477 1609 Rev.
505 1594 531 1604 z
555 1578 717 1608 Classical
738 1578 892 1607 Review.
