1715 2734
147 54 175 90 6
200 69 236 99 13
563 54 617 91 M.
650 54 818 91 TVLLI
851 53 1158 93 CICERONIS

194 164 373 214 turipina,
399 165 626 212 Halaesina,
649 166 872 216 Segestana,
904 165 1167 215 Halicyensis,
1187 165 1523 215 Panhormitana3

194 238 394 281 praeterea
432 231 561 269 omnis
600 244 690 281 ager
730 229 885 269 Siciliae
924 230 1125 269 civitatum
1165 232 1410 270 decumanus
1446 239 1540 278 est,‘

194 295 369 346 itemque
395 304 487 334 ante
516 295 721 346 imperium
748 294 883 345 populi
912 295 1082 333 Romani
1105 295 1278 346 ipsorum
1300 295 1520 335 Siculorum

136 374 173 406 14
194 362 396 399 voluntate
425 368 463 399 et
492 359 678 398 institutis
699 359 781 398 fuit.
841 359 985 398 Videte
1014 373 1120 398 nunc
1150 359 1341 398 maiorum
1370 359 1520 410 sapien-

130 1027 166 1058 15

144 1513 166 1552 7

128 1566 165 1595 16

194 425 298 472 tiam,
334 425 400 476 qui
436 439 527 463 cum
558 424 730 463 Siciliam
764 431 844 462 tam
878 431 1146 474 opportunum
1177 423 1397 462 subsidium
1427 423 1556 470 belli5

191 498 310 540 atque
348 489 456 540 pacis
495 491 545 528 ad
594 503 674 528 rem
721 488 922 539 publicam
959 489 1243 537 adiunxissent,
1282 496 1390 527 tanta
1426 502 1519 528 cura

191 555 344 594 Siculos
380 555 477 594 tueri
510 569 555 593 ac
587 554 753 593 retinere
787 555 994 593 voluerunt
1028 562 1071 593 ut
1109 568 1190 594 non
1229 556 1351 594 modo
1382 568 1518 594 eorum

189 620 290 671 agris
322 619 485 670 vectigal
519 633 665 658 novum
704 620 856 658 nullum
896 619 1155 669 imponerent,
1196 621 1266 659 sed
1304 634 1355 659 ne
1392 621 1518 671 legem

191 685 353 736 quidem
374 684 612 723 venditionis
634 686 892 724 decumarum
917 698 1016 723 neve
1037 685 1241 724 vendundi
1267 693 1335 724 aut
1362 692 1518 736 tempus

189 758 257 788 aut
286 751 417 788 locum
449 757 749 796 commutarent,
773 757 816 788 ut
847 757 954 788 certo
980 757 1157 801 tempore
1177 749 1281 797 anni,
1306 757 1348 788 ut
1368 750 1518 790 ibidem
1538 769 1579 793 ιο

190 815 230 853 in
251 814 393 862 Sicilia,
417 814 591 864 denique
612 822 654 853 ut
675 816 760 865 lege
782 814 1000 854 Hieronica
1020 816 1246 854 venderent.
1298 817 1520 856 Voluerunt

189 893 257 918 eos
289 879 328 918 in
363 879 442 918 suis
478 880 594 918 rebus
626 880 732 930 ipsos
768 879 966 928 interesse,
1001 893 1218 930 eorumque
1252 880 1406 920 animos
1438 895 1519 921 non

190 946 312 984 modo
332 946 417 995 lege
438 958 541 983 nova
561 946 631 984 sed
653 959 702 983 ne
723 944 886 984 nomine
908 944 1068 994 quidem
1098 944 1192 995 legis
1220 959 1324 984 novo
1345 959 1519 986 commo-

188 1010 278 1049 veri.
340 1012 481 1060 Itaque
511 1011 701 1049 decumas
731 1011 815 1060 lege
850 1009 1067 1048 Hieronica
1101 1023 1255 1060 semper
1283 1011 1518 1050 vendundas

188 1084 436 1123 censuerunt,
460 1084 502 1114 ut
531 1076 577 1115 iis
607 1075 816 1114 iucundior
845 1082 947 1114 esset
978 1076 1149 1114 muneris
1179 1075 1280 1113 illius
1301 1075 1462 1124 functio,
1486 1076 1516 1115 si
1539 1090 1576 1122 15

189 1141 271 1180 eius
301 1141 400 1191 regis
431 1140 498 1191 qui
528 1140 669 1180 Siculis
700 1139 923 1179 carissimus
960 1139 1030 1178 fuit
1065 1153 1146 1178 non
1179 1141 1306 1178 solum
1341 1140 1518 1179 instituta

189 1213 435 1246 commutato
469 1205 644 1256 imperio,
677 1219 811 1244 verum
848 1205 965 1244 etiam
999 1218 1146 1244 nomen
1178 1212 1362 1244 maneret.
1425 1207 1517 1245 Hoc

188 1271 270 1310 iure
300 1278 392 1310 ante
419 1273 583 1310 Verrem
619 1278 839 1321 praetorem
874 1270 993 1309 Siculi
1027 1284 1182 1321 semper
1216 1271 1275 1309 usi
1308 1278 1422 1310 sunt:
1453 1271 1516 1311 hic

188 1337 335 1388 primus
365 1336 543 1375 instituta
572 1335 762 1381 omnium,
792 1335 1121 1374 consuetudinem
1151 1349 1173 1374 a
1203 1335 1416 1375 maioribus
1445 1344 1517 1375 tra-

187 1402 322 1450 ditam,
355 1401 632 1441 condicionem
667 1400 872 1447 amicitiae,
909 1400 967 1438 ius
997 1400 1194 1439 societatis
1229 1403 1450 1441 convellere
1475 1410 1514 1441 et
1536 1420 1577 1442 20

187 1474 430 1505 commutare
450 1479 567 1504 ausus
588 1475 656 1505 est.

242 1535 333 1582 Qua
361 1532 400 1570 in
431 1546 471 1570 re
500 1531 670 1582 primum
703 1531 799 1569 illud
821 1532 1068 1581 reprehendo
1089 1539 1127 1570 et
1147 1545 1302 1579 accuso,
1326 1546 1394 1571 cur
1414 1532 1454 1571 in
1475 1547 1515 1572 re

187 1606 265 1636 tam
296 1605 436 1644 vetere,
474 1604 554 1635 tam
587 1595 730 1634 usitata
764 1595 976 1646 quicquam
1014 1596 1104 1634 novi
1140 1596 1286 1635 feceris.
1348 1598 1515 1648 Ingenio

185 1662 333 1712 aliquid
354 1663 565 1701 adsecutus
587 1663 657 1700 es?
715 1662 794 1699 Tot
819 1661 1000 1700 homines
1032 1661 1342 1711 sapientissimos
1373 1670 1410 1701 et
1439 1664 1513 1701 cla-

186 1728 368 1775 rissimos,
392 1727 459 1778 qui
480 1727 585 1765 illam
608 1726 850 1777 provinciam
879 1734 970 1765 ante
996 1734 1034 1765 te
1062 1734 1281 1774 tenuerunt,
1305 1727 1513 1778 prudentia
1534 1743 1573 1775 ²5

185 1793 431 1843 consilioque
462 1791 620 1830 vicisti?
678 1793 748 1830 Est
783 1799 909 1839 tuum,
945 1799 1002 1831 est
1038 1791 1169 1842 ingeni
1209 1791 1512 1843 diligentiaeque

186 1867 297 1898 tuae:
328 1860 381 1897 do
402 1859 477 1897 hoc
499 1857 569 1896 tibi
590 1865 627 1896 et
649 1858 838 1896 concedo.
901 1857 990 1895 Scio
1013 1865 1049 1896 te
1069 1859 1232 1904 Romae,
1252 1871 1341 1896 cum
1359 1866 1513 1908 praetor

184 1938 299 1970 esses,
341 1923 473 1962 edicto
511 1930 580 1961 tuo
618 1922 887 1972 possessiones
930 1923 1191 1962 hereditatum
1232 1937 1254 1961 a
1293 1922 1422 1961 liberis
1460 1925 1511 1962 ad

183 1989 343 2035 alienos,
365 2002 388 2026 a
415 1987 548 2038 primis
577 1988 787 2027 heredibus
817 1990 868 2027 ad
898 1991 1105 2036 secundos,
1130 2003 1151 2027 a
1180 1989 1330 2039 legibus
1354 1990 1404 2027 ad
1429 1989 1511 2028 libi-

183 2054 316 2092 dinem
338 2062 446 2093 tuam
468 2053 709 2092 transtulisse
728 2069 736 2101 ;
767 2054 849 2093 scio
866 2062 902 2093 te
925 2056 1053 2095 edicta
1071 2056 1312 2107 superiorum
1330 2054 1508 2093 omnium
1531 2067 1570 2096 30

183 2119 392 2158 correxisse
423 2127 461 2158 et
492 2119 759 2169 possessiones
791 2121 1052 2160 hereditatum
1085 2136 1163 2159 non
1197 2122 1415 2160 secundum
1441 2134 1508 2159 eos

226 2234 243 2259 4
269 2234 339 2262 sap.
362 2224 521 2253 maiorum
543 2223 573 2253 O
726 2235 746 2262 9
771 2235 855 2255 neve
873 2224 960 2255 codd.
979 2236 985 2254 :
1011 2235 1071 2255 nec
1091 2223 1201 2253 Mm-ll.
1357 2234 1394 2263 13
1418 2235 1506 2256 novo

181 2265 269 2296 codd.
287 2271 415 2306 practer
431 2267 461 2297 O
479 2267 598 2305 (nove)
616 2278 620 2296 :
648 2277 754 2298 novae
774 2267 915 2298 Mueller
1062 2277 1097 2305 ¹4
1125 2267 1240 2305 Itaque
1261 2267 1291 2297 O
1308 2278 1314 2296 :
1340 2268 1384 2298 ita
1397 2273 1421 2308 p
1439 2269 1504 2299 rcll.

182 2318 223 2347 23
247 2314 360 2341 vetere
381 2309 495 2350 Oqu:
521 2311 625 2341 veteri
645 2312 660 2340 δ
680 2310 769 2351 (Βίυ.
787 2315 800 2348 ξ
815 2314 852 2351 5)
920 2321 961 2349 24
986 2315 1019 2341 et
1037 2310 1240 2340 clarissimos
1259 2310 1306 2340 cO
1323 2321 1329 2340 ε
1354 2321 1419 2342 om.
1440 2312 1506 2343 rell.
