1715 2734
87 521 103 551 5

69 842 106 863 10

70 1166 103 1197 ¹5

6 1490 105 1523 »20

65 2139 104 2168 30

126 137 395 177 ACTIONIS
416 139 478 177 IN
499 138 544 177 C.
566 138 807 175 VERREM
829 134 1127 176 SECVNDAE
1150 137 1252 174 LIB.
1278 138 1336 174 IV
1410 145 1453 183 51

125 256 163 287 et
184 247 382 286 Victoriae
403 253 675 297 reposcerent3
705 245 745 285 id
766 245 798 284 si
819 245 1103 295 impetrassent,
1126 252 1209 283 tum
1238 252 1278 282 ut
1301 258 1451 283 morem

125 321 296 352 veterem
319 311 597 350 Hennensium
619 318 906 357 conservarent,
929 310 1087 360 publice
1108 310 1147 348 in
1169 324 1271 356 eum,
1295 309 1451 348 tametsi

125 385 299 416 vexasset
314 376 496 422 Siciliam,
516 384 657 422 tamen,
682 376 869 426 quoniam
887 377 984 413 haec
1003 389 1026 413 a
1048 374 1259 413 maioribus
1276 374 1453 413 instituta

123 441 378 492 accepissent,
411 440 680 480 testimonium
712 455 761 479 ne
791 441 898 490 quod
929 440 1104 479 dicerent
1119 454 1128 487 3
1158 439 1216 477 sin
1247 446 1378 477 autem
1406 453 1453 477 ea

125 521 206 545 non
226 505 472 552 reddidisset,
495 513 578 543 tum
606 512 648 543 ut
675 505 712 543 in
741 504 888 544 iudicio
912 506 1109 551 adessent,
1130 512 1212 542 tum
1235 511 1276 541 ut
1297 505 1347 542 de
1368 503 1451 542 eius

124 571 273 609 iniuriis
303 570 454 609 iudices
484 571 683 617 docerent,
718 571 787 608 sed
818 569 986 608 maxime
1018 570 1067 607 de
1098 568 1284 618 religione
1316 582 1451 617 quere-

124 643 266 674 rentur.
327 636 436 681 Quas
457 634 611 673 illorum
642 634 907 684 querimonias
934 633 1066 680 nolite,
1089 648 1157 684 per
1177 635 1273 672 deos
1296 634 1451 671 immor-

125 701 224 747 talis,
255 699 464 749 aspernari,
498 699 619 737 nolite
651 707 904 737 contemnere
935 712 981 736 ac
1020 700 1235 748 neglegere,
1276 697 1450 737 iudices!

125 767 306 814 Aguntur
335 763 498 802 iniuriae
528 763 735 810 sociorum,
759 762 884 813 agitur
914 763 969 801 vis
999 765 1143 813 legum,
1172 762 1297 813 agitur
1326 762 1452 801 existi-

126 828 247 868 matio
267 828 487 878 veritasque
509 828 755 867 iudiciorum.
816 829 930 875 Quae
951 836 1041 866 sunt
1071 828 1204 866 omnia
1225 842 1449 879 permagna,

124 907 258 932 verum
290 893 386 932 illud
416 892 654 930 maximum:
685 900 792 931 tanta
822 893 1009 943 religione
1039 892 1226 931 obstricta
1257 900 1338 931 tota
1367 907 1453 943 pro-

124 958 251 996 vincia
271 965 339 1005 est,
363 966 471 996 tanta
500 957 723 1007 superstitio
753 972 799 996 ex
829 957 938 995 istius
968 959 1072 995 facto
1102 956 1244 995 mentis
1273 957 1451 996 omnium

124 1022 343 1061 Siculorum
374 1022 581 1072 occupavit
608 1030 651 1061 ut
680 1036 956 1072 quaecumque
985 1022 1166 1061 accidant
1196 1022 1354 1072 publice
1381 1025 1453 1073 pri-

124 1087 324 1138 vatimque
360 1087 614 1126 incommoda
649 1095 808 1137 propter
843 1101 930 1125 eam
965 1100 1123 1125 causam
1154 1087 1310 1125 sceleris
1341 1087 1451 1125 istius

124 1152 279 1191 evenire
325 1152 542 1191 videantur.
623 1152 800 1190 Audistis
844 1152 1134 1202 Centuripinos,
1185 1152 1448 1201 Agyrinensis,

125 1217 358 1264 Catinensis,
391 1216 614 1263 Aetnensis,
649 1217 899 1256 Herbitensis
930 1217 1224 1268 complurisque
1255 1217 1352 1257 alios
1387 1232 1453 1269 pu-

123 1280 225 1320 blice
247 1281 377 1320 dicere
398 1295 499 1332 quae
521 1281 693 1320 solitudo
720 1289 822 1320 esset
843 1281 882 1320 in
902 1281 1016 1332 agris,
1037 1295 1137 1332 quae
1158 1282 1326 1329 vastitas,
1350 1297 1452 1333 quae

123 1347 214 1395 fuga
242 1354 448 1392 aratorum,
482 1359 601 1396 quam
631 1347 796 1393 deserta,
828 1360 946 1396 quam
981 1346 1138 1393 inculta,
1176 1360 1295 1397 quam
1320 1349 1453 1387 relicta

124 1411 267 1449 omnia.
329 1413 386 1449 Ea
407 1411 561 1450 tametsi
583 1411 714 1450 multis
728 1411 837 1450 istius
859 1419 896 1450 et
913 1411 1025 1449 variis
1047 1411 1194 1449 iniuriis
1210 1411 1449 1460 acciderunt,

124 1483 257 1515 tamen
288 1477 386 1515 haec
420 1489 498 1514 una
530 1490 647 1515 causa
682 1476 721 1514 in
761 1476 948 1526 opinione
983 1476 1202 1515 Siculorum
1239 1477 1450 1527 plurimum

122 1542 236 1588 valet,
259 1543 367 1590 quod
389 1542 531 1581 Cerere
552 1541 695 1579 violata
724 1540 853 1579 omnis
883 1542 1011 1579 cultus
1041 1543 1268 1591 fructusque
1299 1542 1450 1582 Cereris

123 1608 161 1644 in
184 1606 228 1644 iis
259 1607 355 1644 locis
385 1605 562 1645 interisse
591 1605 836 1644 arbitrantur.
898 1605 1118 1644 Medemini
1148 1606 1324 1656 religioni
1354 1606 1451 1645 soci-

122 1686 245 1718 orum,
270 1671 433 1719 iudices,
454 1679 682 1710 conservate
695 1679 860 1710 vestram
879 1686 887 1717 3
918 1684 1047 1720 neque
1061 1670 1164 1709 enim
1180 1672 1276 1710 haec
1293 1679 1451 1710 externa

122 1736 234 1774 vobis
265 1743 322 1774 est
352 1735 485 1785 religio
514 1749 644 1785 neque
673 1735 824 1783 aliena;
863 1735 1005 1785 quodsi
1040 1743 1152 1782 esset,
1187 1736 1217 1773 si
1253 1737 1450 1785 suscipere

89 1817 100 1825 ·
123 1815 209 1839 earn
239 1800 405 1846 nolletis,
440 1808 572 1839 tamen
607 1800 645 1838 in
678 1814 726 1839 eo
757 1800 824 1850 qui
858 1800 1040 1839 violasset
1069 1800 1219 1839 sancire
1252 1815 1322 1839 vos
1351 1803 1450 1840 velle

122 1873 328 1915 oporteret.
388 1867 506 1904 Nunc
530 1879 621 1903 vero
652 1866 690 1903 in
721 1866 923 1904 communi
954 1864 1131 1903 omnium
1161 1865 1335 1914 gentium
1367 1866 1449 1905 reli-

121 1931 247 1980 gione,
271 1930 390 1980 inque
420 1930 465 1968 iis
495 1929 612 1968 sacris
634 1943 735 1980 quae
766 1930 931 1968 maiores
957 1929 1077 1968 nostri
1098 1930 1148 1968 ab
1169 1930 1308 1968 exteris
1328 1931 1451 1970 natio-

122 1995 238 2034 nibus
276 1994 426 2034 adscita
462 2003 581 2044 atque
618 1994 802 2033 arcessita
841 1996 1219 2044 coluerunt‚—quae
1251 2008 1369 2042 sacra,
1408 2004 1450 2035 ut

122 2068 230 2098 erant
260 2074 299 2099 re
329 2073 428 2106 vera,
455 2059 510 2098 sic
536 2059 721 2110 appellari
748 2061 898 2098 Graeca
919 2061 1447 2112 voluerunt,—neglegentes

122 2138 167 2163 ac
187 2123 366 2163 dissoluti
387 2124 417 2162 si
439 2127 642 2174 cupiamus
663 2138 758 2170 esse,
783 2124 848 2174 qui
872 2138 1080 2174 possumus
1098 2127 1114 2162 ?

165 2238 184 2267 5
209 2228 256 2259 uti
285 2228 327 2259 de
355 2229 371 2257 δ
513 2229 534 2258 6
559 2228 661 2259 multo
689 2228 834 2259 maxime
857 2230 901 2268 pfl
1050 2238 1088 2267 13
1115 2229 1334 2268 privatimque
1364 2229 1448 2261 RS,-

122 2272 276 2311 privatim
293 2282 337 2302 rr:
357 2271 411 2302 vel
426 2271 582 2311 privatim
602 2271 618 2300 δ
678 2281 718 2301 22
739 2271 775 2301 in
790 2271 830 2301 iis
844 2272 927 2302 locis
939 2277 1039 2312 om.p
1103 2273 1144 2302 iis
1158 2273 1212 2303 R:
1236 2273 1288 2303 his
1302 2273 1348 2304 56
1408 2284 1448 2312 27

122 2316 164 2345 iis
189 2315 246 2346 R:
278 2315 330 2346 his
354 2314 402 2346 56
550 2316 590 2344 28
615 2314 777 2345 arcessita
806 2314 920 2355 vulg:
954 2324 1091 2345 accersa
1119 2314 1218 2346 RSD
1247 2316 1449 2355 (accersita3

125 2361 141 2396 ξ
161 2359 201 2397 76
218 2359 337 2399 supra)
356 2369 362 2388 z
386 2363 554 2398 arcessap
573 2369 578 2387 :
605 2367 741 2388 accessa
759 2359 775 2387 δ

1476 150 1536 182 113

1477 1169 1536 1201 114

1473 1885 1534 1918 115
