1715 2734
182 80 230 120 16
249 93 290 128 47
617 83 673 119 M.
706 83 875 120 TVLLI
906 82 1213 122 CICERONIS

188 207 229 240 47
249 192 316 231 ubi
342 205 460 231 nemo
480 199 539 231 est
559 192 626 243 qui
653 199 720 230 aut
746 192 869 242 possit
893 199 960 230 aut
981 200 1145 231 conetur
1164 205 1423 244 corrumpere.
1484 194 1578 233 Hoc

248 265 306 296 est
333 257 523 295 iudicium
552 257 589 295 in
612 270 692 307 quo
712 271 782 295 vos
802 258 853 296 de
874 270 954 304 reo,
975 246 1144 307 populus
1167 259 1374 297 Romanus
1394 259 1446 297 de
1465 258 1578 297 vobis

247 321 462 370 iudicabit;
505 322 544 360 in
580 323 656 360 hoc
691 322 852 361 homine
886 330 1087 369 statuetur,
1122 323 1298 373 possitne
1332 324 1578 363 senatoribus

247 387 514 427 iudicantibus
584 390 707 427 homo
777 388 1082 427 nocentissimus
1149 389 1578 440 pecuniosissimusque

247 454 436 492 damnari.
498 453 656 493 Deinde
683 461 741 492 est
765 455 848 492 eius
876 453 984 492 modi
1010 467 1097 492 reus
1123 453 1161 491 in
1183 468 1263 505 quo
1293 455 1453 493 homine
1479 455 1577 494 nihil
1598 463 1617 496 5

247 518 296 557 sit
325 521 476 568 praeter
505 533 660 557 summa
694 526 856 569 peccata
888 518 1178 568 maximamque
1209 520 1429 569 pecuniam,
1462 528 1514 567 ut,
1547 520 1579 558 si

246 583 432 622 liberatus
462 584 520 630 sit,
545 585 652 622 nulla
680 584 756 622 alia
785 584 957 634 suspicio
985 584 1058 622 nisi
1086 598 1131 622 ea
1151 598 1252 634 quae
1277 585 1499 635 turpissima
1520 593 1578 624 est

246 649 415 688 residere
443 649 593 699 possit3
623 663 705 688 non
731 649 863 699 gratia,
887 663 967 688 non
994 650 1244 700 cognatione,
1264 664 1344 688 non
1369 650 1454 688 aliis
1476 658 1579 689 recte

247 716 368 763 factis,
392 729 471 753 non
494 715 667 765 denique
693 715 828 767 aliquo
859 715 1047 754 mediocri
1068 715 1162 754 vitio
1192 723 1249 754 tot
1280 723 1466 766 tantaque
1494 716 1579 755 eius

184 788 224 827 48
247 780 339 819 vitia
359 781 562 819 sublevata
582 793 668 818 esse
688 780 937 819 videbuntur.
996 783 1202 819 Postremo
1232 794 1305 831 ego
1335 794 1493 819 causam
1523 781 1579 819 sic
1602 800 1640 823 10

245 860 371 896 agam,
412 845 573 892 iudices,
611 845 693 884 eius
729 846 838 885 modi
873 860 942 894 res,
980 846 1034 885 ita
1067 854 1191 893 notas,
1229 847 1282 885 ita
1320 854 1491 894 testatas,
1527 847 1580 886 ita

247 924 418 961 magnas,
442 910 495 949 ita
523 910 748 950 manifestas
777 912 985 961 proferam,
1008 918 1050 949 ut
1078 925 1196 950 nemo
1222 925 1245 950 a
1265 911 1377 950 vobis
1398 919 1440 950 ut
1461 911 1579 950 istum

243 975 456 1015 absolvatis
486 990 554 1027 per
580 976 741 1027 gratiam
773 984 937 1016 conetur
965 978 1218 1015 contendere.
1279 977 1426 1016 Habeo
1446 985 1578 1016 autem

244 1049 390 1080 certam
422 1040 526 1080 viam
561 1049 681 1091 atque
720 1041 912 1080 rationem
945 1055 1023 1091 qua
1057 1041 1186 1079 omnis
1221 1041 1376 1080 illorum
1412 1051 1578 1081 conatus

244 1106 477 1156 investigare
504 1114 541 1145 et
570 1106 761 1157 consequi
790 1106 965 1157 possim3
998 1106 1051 1144 ita
1081 1120 1140 1145 res
1170 1120 1193 1145 a
1222 1120 1286 1145 me
1312 1115 1447 1157 agetur
1470 1116 1512 1146 ut
1537 1108 1576 1146 in
1601 1127 1637 1159 15

245 1185 380 1211 eorum
421 1171 594 1210 consiliis
632 1172 820 1211 omnibus
858 1186 938 1210 non
979 1173 1101 1211 modo
1134 1186 1247 1211 aures
1280 1172 1472 1219 omnium,
1509 1175 1579 1212 sed

184 1252 226 1284 49
246 1237 363 1275 etiam
386 1237 487 1275 oculi
511 1237 643 1288 populi
669 1237 841 1276 Romani
862 1237 1050 1277 interesse
1065 1237 1280 1276 videantur.
1327 1240 1409 1277 Vos
1430 1239 1580 1289 aliquot

246 1301 322 1339 iam
353 1315 422 1351 per
445 1315 571 1341 annos
600 1311 836 1352 conceptam
867 1302 958 1341 huic
988 1302 1116 1341 ordini
1147 1302 1430 1353 turpitudinem
1461 1312 1580 1354 atque

245 1366 446 1404 infamiam
476 1368 606 1405 delere
636 1380 682 1405 ac
713 1368 848 1406 tollere
879 1367 1052 1416 potestis.
1115 1368 1281 1407 Constat
1317 1367 1416 1407 inter
1449 1369 1579 1408 omnis

245 1439 333 1482 post
363 1433 461 1470 haec
490 1431 705 1470 constituta
733 1431 889 1479 iudicia,
921 1432 1065 1482 quibus
1100 1446 1205 1470 nunc
1236 1432 1392 1479 utimur⁷
1426 1435 1576 1472 nullum
1599 1452 1640 1473 20

245 1498 321 1535 hoc
353 1498 562 1547 splendore
593 1505 713 1547 atque
742 1499 816 1536 hac
846 1497 1035 1547 dignitate
1068 1497 1275 1536 consilium
1308 1498 1435 1537 fuisse.
1498 1499 1578 1538 Hic

245 1563 273 1600 si
300 1562 397 1613 quid
427 1562 497 1600 erit
526 1564 733 1610 offensum,
760 1576 899 1601 omnes
930 1563 1111 1602 homines
1141 1577 1220 1602 non
1251 1563 1329 1601 iam
1359 1578 1405 1602 ex
1435 1566 1577 1603 eodem

244 1628 383 1667 ordine
403 1628 500 1667 alios
522 1628 645 1679 magis
665 1628 841 1675 idoneos,
867 1630 976 1679 quod
999 1629 1078 1668 fieri
1103 1643 1180 1668 non
1204 1636 1346 1679 potest,
1367 1631 1436 1668 sed
1457 1630 1578 1668 alium

245 1694 411 1733 omnino
443 1694 624 1733 ordinem
658 1695 710 1733 ad
744 1708 804 1733 res
845 1694 1076 1734 iudicandas
1112 1695 1382 1745 quaerendum
1421 1695 1578 1734 arbitra-

185 1745 225 1783 17
246 1759 402 1797 buntur.
462 1761 713 1810 Quapropter
745 1759 914 1809 primum
954 1760 1004 1797 ab
1039 1759 1098 1798 dis
1134 1759 1432 1807 immortalibus,
1468 1761 1577 1810 quod
1599 1777 1637 1808 ²5

183 1807 226 1838 50
245 1838 399 1874 sperare
433 1824 528 1862 mihi
564 1824 709 1871 videor,
746 1826 824 1863 hoc
859 1824 980 1871 idem,
1014 1824 1174 1871 iudices,
1210 1833 1316 1875 opto,
1351 1832 1392 1862 ut
1428 1824 1466 1862 in
1502 1826 1578 1863 hoc

245 1889 391 1928 iudicio
430 1903 549 1929 nemo
583 1889 787 1940 improbus
822 1897 974 1939 praeter
1004 1903 1094 1928 eum
1128 1889 1193 1940 qui
1229 1890 1304 1928 iam
1340 1889 1491 1940 pridem
1524 1890 1578 1927 in-

244 1962 383 1993 ventus
404 1961 462 1993 est
482 1954 718 2005 reperiatur3
749 1954 905 2000 deinde,
930 1954 960 1992 si
986 1956 1115 2004 plures
1136 1954 1304 2004 improbi
1326 1954 1478 2001 fuerint,
1502 1956 1578 1993 hoc

245 2019 367 2065 vobis,
400 2021 476 2058 hoc
507 2021 656 2070 populo
689 2021 885 2065 Romano,
918 2018 1081 2067 iudices,
1112 2020 1316 2065 confirmo,
1347 2019 1466 2057 vitam
1501 2033 1578 2058 me-

292 2133 330 2154 10
353 2124 555 2155 videbuntur
572 2123 637 2154 ΒΨ
653 2135 659 2154 :
684 2122 966 2154 existimabuntur
978 2122 1058 2162 prb&
1172 2124 1211 2152 16
1234 2122 1381 2152 omnium
1399 2123 1520 2163 scm'psi,
1537 2123 1574 2163 cf.

247 2184 261 2216 ξ
282 2189 299 2218 7
319 2178 380 2217 (CI.
396 2178 475 2210 Rev.
497 2190 552 2209 xx.
574 2179 675 2217 2563:
700 2177 873 2208 hominurn
891 2176 981 2208 codd.
1106 2187 1142 2215 17
1167 2177 1252 2207 oculi
1270 2161 1355 2216 Ῥιῑῄ
1378 2176 1455 2207 Ραν.
1479 2177 1573 2216 7786,

245 2222 332 2253 oculi
357 2223 469 2262 populi
494 2233 570 2252 -ro-
594 2224 649 2252 113:
674 2221 819 2261 populus
843 2220 1017 2251 Romanus
1040 2221 1087 2260 (ᾗ.
1102 2224 1126 2252 f.
1144 2220 1195 2252 Di
1221 2219 1294 2258 ΒΨ,
1314 2220 1381 2250 secl.
1403 2220 1572 2259 Fritesdm,

245 2266 348 2304 Kays.
377 2265 450 2304 (sed
469 2267 505 2305 cf
536 2267 543 2295 i
572 2269 586 2303 ᾗ
613 2266 691 2304 29Ὗῑ
716 2265 802 2295 oculi
829 2270 862 2294 et
886 2275 1004 2294 manus
1032 2263 1134 2295 Koclt.
1154 2263 1290 2294 Mada:
1321 2274 1364 2292 (m
1393 2264 1479 2293 oculi
1504 2263 1576 2294 ani-

245 2310 379 2348 mique‘.²
397 2310 433 2348 (ii
454 2312 469 2346 ξ,
492 2310 567 2349 ¹50)
660 2318 700 2347 25
725 2308 766 2339 ab
784 2308 835 2338 dis
852 2307 927 2347 Dp:
952 2318 970 2337 a
988 2308 1051 2338 diis
1071 2307 1108 2346 G,
1127 2307 1170 2337 al.
1263 2309 1304 2337 26
1328 2311 1408 2346 peto
1424 2307 1462 2336 b5
