1715 2734
191 96 235 134 15
255 101 295 131 33
622 85 680 123 M.
710 85 880 122 TVLLI
911 84 1217 124 CICERONIS

252 198 305 234 At
319 196 370 235 ita
386 196 585 235 studiosus
602 203 660 234 est
676 195 791 233 huius
808 196 1027 245 praeclarae
1049 194 1357 239 existimationis,
1372 201 1415 232 ut
1427 201 1584 245 putetur

252 261 291 299 in
322 262 429 300 hisce
463 262 579 300 rebus
614 261 844 310 intellegens
875 274 969 307 esse,
1002 268 1044 298 ut
1071 259 1381 310 nuper—videte
1412 258 1583 298 hominis

252 326 488 367 amentiam:
520 333 778 376 posteaquam
809 333 867 364 est
897 325 1280 376 comperendinatus,
1303 338 1394 363 cum
1414 324 1492 362 iam
1513 338 1583 375 pro

250 392 440 429 damnato
481 399 716 440 mortuoque
757 398 869 438 esset,
906 390 1008 429 ludis
1049 389 1288 428 circensibus
1324 403 1439 428 mane
1477 391 1584 440 apud

252 458 294 494 L.
317 456 535 503 Sisennam,
559 455 684 493 virum
718 455 956 505 primarium,
987 469 1077 493 curn
1109 463 1241 494 essent
1271 454 1437 493 triclinia
1467 462 1619 504 strata5

248 529 534 570 argentumque
582 519 802 570 expositum
843 520 882 557 in
921 519 1098 567 aedibus,
1140 533 1230 557 cum
1277 533 1348 569 pro
1394 519 1584 569 dignitate

251 588 292 624 L.
318 586 505 625 Sisennae
535 587 678 623 domus
709 593 810 623 esset
837 587 953 635 plena
973 585 1179 624 hominum
1202 584 1584 633 honestissimorum,

248 651 412 689 accessit
433 652 483 689 ad
503 658 718 700 argentum,
743 650 1001 700 contemplari
1031 664 1154 688 unum
1186 649 1362 700 quidque
1392 650 1516 688 otiose
1546 658 1585 689 et

249 716 497 754 considerare
536 715 676 765 coepit.
738 715 873 753 Mirari
909 715 1113 753 stultitiam
1153 715 1230 762 alii,
1271 716 1379 764 quod
1418 715 1457 752 in
1497 715 1583 765 ipso

249 781 396 819 iudicio
425 780 508 818 eius
538 780 659 830 ipsius
690 780 915 830 cupiditatis
945 780 1055 819 cuius
1081 780 1370 819 insimularetur
1397 780 1582 830 suspicio-
1605 796 1644 819 10

249 860 339 885 nem
369 854 537 896 augeret,
560 846 625 884 alii
654 846 879 894 amentiam,
905 847 967 885 cui
997 846 1361 896 comperendinato,
1384 860 1474 884 cum
1503 854 1582 884 tam

249 911 360 949 multi
382 919 499 950 testes
521 911 720 958 dixissent,
746 911 959 962 quicquam
987 911 1141 949 illorum
1164 911 1312 950 veniret
1334 911 1373 948 in
1394 919 1581 949 mentem.

251 977 365 1015 Pueri
394 984 527 1015 autem
557 976 757 1023 Sisennae,
783 978 912 1024 credo,
937 977 1003 1027 qui
1034 976 1235 1015 audissent
1266 990 1366 1026 quae
1397 976 1436 1014 in
1465 976 1582 1015 istum

249 1042 474 1081 testimonia
512 1050 644 1081 essent
681 1042 796 1089 dicta,
837 1044 973 1081 oculos
1009 1043 1058 1081 de
1091 1042 1166 1080 isto
1198 1056 1393 1093 nusquam
1428 1043 1583 1081 deicere

189 1125 229 1157 34
249 1121 378 1157 neque
415 1108 466 1146 ab
504 1115 667 1157 argento
705 1107 871 1157 digitum
911 1107 1124 1146 discedere.
1199 1109 1269 1146 Est
1308 1107 1403 1146 boni
1442 1107 1582 1146 iudicis
1604 1121 1642 1153 15

248 1173 375 1222 parvis
399 1186 446 1211 ex
473 1174 589 1211 rebus
617 1173 884 1211 coniecturam
906 1174 1032 1212 facere
1054 1173 1169 1212 unius
1191 1173 1381 1223 cuiusque
1411 1181 1448 1212 et
1479 1173 1582 1224 cupi-

248 1238 380 1276 ditatis
410 1246 449 1276 et
478 1238 756 1277 continentiae.
818 1238 897 1287 Qui
928 1252 1026 1286 reuS,
1060 1246 1097 1277 et
1125 1253 1212 1278 reus
1242 1241 1326 1289 lege
1357 1252 1583 1289 comperen-

248 1304 416 1349 dinatus,
431 1319 471 1343 re
492 1312 529 1342 et
551 1304 739 1355 opinione
760 1304 967 1342 hominum
985 1318 1110 1354 paene
1127 1306 1348 1352 damnatus,
1367 1314 1582 1355 temperare

247 1384 325 1407 non
356 1370 526 1420 potuerit
557 1370 728 1407 maximo
755 1377 952 1408 conventu
974 1370 1068 1420 quin
1091 1372 1133 1408 L.
1159 1370 1347 1409 Sisennae
1377 1378 1580 1420 argentum

247 1443 426 1473 tractaret
447 1443 484 1473 et
505 1435 780 1481 consideraret,
805 1436 910 1473 hunc
938 1443 1158 1484 praetorem
1190 1435 1228 1472 in
1256 1435 1455 1485 provincia
1480 1434 1581 1485 quis·
1603 1449 1642 1471 20

247 1514 365 1550 quam
397 1500 549 1550 putabit
579 1514 600 1538 a
631 1500 851 1538 Siculorum
872 1508 1033 1550 argento
1061 1500 1317 1551 cupiditatem
1348 1508 1414 1539 aut
1443 1513 1582 1538 manus

247 1566 442 1604 abstinere
463 1565 668 1616 potuisse?

303 1632 451 1669 Verum
490 1639 532 1668 ut
572 1630 814 1681 Lilybaeum,
852 1633 957 1671 unde
992 1633 1164 1683 digressa
1199 1641 1256 1672 est
1291 1633 1424 1681 oratio,
1462 1645 1582 1671 rever-

249 1704 386 1743 tamur,
430 1696 588 1734 Diocles
623 1704 691 1744 est,
730 1697 925 1747 Pamphili
957 1712 1086 1748 gener,
1124 1699 1225 1737 illius
1264 1712 1288 1737 a
1325 1712 1405 1749 quo
1445 1697 1580 1748 hydria

247 1762 377 1800 ablata
406 1770 474 1809 est,
503 1762 673 1811 Popilius
698 1763 945 1813 cognomine.
1007 1765 1072 1802 Ab
1093 1766 1168 1803 hoc
1189 1764 1301 1802 abaci
1322 1777 1413 1802 vasa
1433 1763 1576 1810 omnia,
1600 1777 1638 1809 25

247 1834 289 1864 ut
310 1827 487 1877 exposita
507 1829 674 1874 fuerunt,
696 1829 866 1866 abstulit.
926 1829 1042 1868 Dicat
1063 1843 1104 1868 se
1125 1829 1215 1868 licet
1236 1828 1404 1876 emisse3
1434 1828 1580 1867 etenim

248 1892 311 1930 hic
350 1900 508 1942 propter
546 1892 858 1943 magnitudinem
899 1893 987 1931 furti
1029 1901 1130 1941 sunt,
1167 1901 1209 1932 ut
1248 1893 1397 1944 opinor,
1432 1893 1581 1932 litterae

248 1959 385 1996 sactae.
443 1957 561 1996 Iussit
581 1958 875 1997 Timarchidem
896 1959 1102 1998 aestimare
1122 1967 1337 2009 argentum,
1359 1972 1438 2009 quo
1460 1960 1581 1998 modo

248 2024 313 2074 qui
349 2037 538 2074 umquam
573 2024 801 2063 tenuissime
836 2024 875 2062 in
910 2024 1166 2063 donationem
1206 2024 1440 2063 histrionum
1470 2023 1580 2063 aesti-

248 2088 377 2127 mavit.
437 2089 613 2127 Tametsi
647 2089 724 2127 iam
756 2090 909 2127 dudum
944 2103 1018 2139 ego
1052 2103 1136 2128 erro
1168 2089 1235 2139 qui
1267 2097 1346 2128 tarn
1377 2091 1499 2128 multa
1529 2090 1578 2128 de
1600 2102 1639 2134 3ο

247 2153 323 2192 tuis
354 2154 622 2205 emptionibus
657 2154 773 2192 verba
804 2154 954 2202 faciam,
989 2163 1026 2192 et
1061 2168 1245 2204 quaeram
1276 2162 1405 2193 utrum
1440 2154 1579 2193 emeris

181 1608 228 1645 16

189 1676 228 1705 35

297 2256 324 2293 8,
346 2266 366 2293 9
390 2256 477 2287 For-t.
496 2258 677 2288 accesserit
696 2282 702 2288 .
723 2281 730 2289 .
753 2281 760 2289 .
781 2258 927 2297 coepcrit
1021 2261 1058 2288 16
1084 2265 1116 2289 et
1133 2270 1196 2289 om.
1222 2258 1281 2289 RS
1377 2268 1417 2296 23
1443 2263 1477 2288 ut
1495 2257 1580 2288 RS:

253 2301 334 2342 utip
346 2303 415 2334 edd.
477 2308 686 2332 revertamur
702 2302 751 2340 fis>
770 2308 792 2334 4·
808 2302 884 2331 lilm'
900 2302 965 2331 duo
983 2303 1164 2332 numusch
1186 2300 1321 2340 Lamb.)
1338 2313 1343 2331 :
1369 2306 1582 2332 revertantur

252 2347 305 2378 R:
336 2351 524 2377 revertatur
541 2347 557 2375 δ
575 2344 644 2376 edd.
665 2350 709 2386 (v,
732 2347 747 2382 ξ
766 2346 824 2386 59)
927 2355 969 2384 29
992 2344 1200 2376 aestimarit?
1302 2356 1344 2384 3ο
1369 2345 1500 2375 tametsi
1518 2355 1580 2384 ego

253 2392 376 2422 dudum
389 2399 463 2420 crro
482 2400 503 2418 π
