1715 2734
170 80 437 118 ACTIONIS
467 81 528 117 IN
559 80 604 118 C.
626 81 868 118 VERREM
898 80 1198 119 SECVNDAE
1228 81 1331 117 LIB.
1357 82 1398 118 ΙΙ
1438 90 1492 126 29
1514 92 1549 127 71

168 198 287 238 erant,
311 198 353 229 ut
380 190 473 238 dixi,
494 190 600 229 idem
626 191 693 241 qui
712 200 829 230 antea
849 194 1059 242 Sopatrum
1080 193 1223 231 eodem
1243 191 1311 230 illo
1331 192 1494 231 crimine

167 254 642 324 liberarantwcoonoscite
672 256 842 294 hominis
871 264 1046 306 apertam
1075 270 1122 294 ac
1150 270 1231 294 non
1262 258 1384 295 modo
1413 271 1493 295 non

167 328 325 365 ratione,
351 320 421 357 sed
441 333 492 357 ne
512 319 825 359 dissimulatione
852 320 1014 371 quidem
1035 328 1179 358 tectam
1201 320 1493 370 improbitatem

165 392 205 422 et
250 383 468 422 audaciam.
531 387 585 423 M.
628 385 826 433 Petilium,
866 382 1038 435 equitem
1086 387 1327 433 Romanum,
1374 400 1493 436 quem

126 463 142 493 5
165 448 337 486 habebat
366 448 406 486 in
435 449 614 497 consilio,
645 449 753 487 iubet
782 464 941 500 operam
973 451 1075 497 dare,
1099 451 1208 500 quod
1238 450 1293 488 rei
1322 450 1493 501 privatae

164 512 281 551 iudex
318 522 430 552 esset.
491 514 652 552 Petilius
686 515 903 562 recusabat,
937 516 1045 565 quod
1077 529 1168 553 suos
1199 515 1359 562 amicos,
1393 530 1492 566 quos

164 578 238 616 sibi
267 578 306 616 in
334 578 500 617 consilio
520 593 604 617 esse
625 581 751 626 veliet,
775 579 857 630 ipse
879 582 1018 618 Verres
1046 580 1228 618 retineret
1253 580 1292 618 in
1313 581 1490 620 consilio.

165 645 245 681 Iste
269 645 390 682 homo
417 643 585 682 liberalis
610 652 725 694 negat
752 658 793 682 se
815 658 1055 695 quemquam
1082 645 1248 683 retinere
1267 659 1403 683 eorum
1424 646 1491 696 qui

164 707 304 746 Petilio
324 710 468 746 vellent
488 709 638 747 adesse.
700 711 840 759 Itaque
854 709 1064 748 discedunt
1082 723 1246 758 omnes3
1268 724 1359 748 nam
1373 710 1492 749 ceteri

104 788 143 811 10
163 786 323 823 quoque
362 773 571 824 impetrant
604 788 653 812 ne
688 774 953 822 retineantur3
996 774 1063 824 qui
1097 788 1138 813 se
1172 776 1271 813 velle
1305 775 1492 814 dicebant

161 837 334 876 alterutri
368 852 504 876 eorum
536 838 603 888 qui
635 847 718 876 tum
750 839 847 877 illud
882 839 1071 878 iudicium
1104 840 1306 878 habebant
1336 842 1486 880 adesse.

163 904 304 953 Itaque
332 903 405 941 iste
434 905 540 941 solus
570 917 661 941 cum
691 918 762 942 sua
791 905 953 942 cohorte
983 904 1226 954 nequissima
1245 894 1551 955 relinquitur.»,2-¹⁵

162 969 255 1006 Non
285 968 492 1007 dubitabat
522 968 734 1014 Minucius,
767 968 834 1018 qui
866 971 1072 1019 Sopatrum
1104 970 1354 1017 defendebat,
1392 970 1488 1020 quin
1511 979 1547 1014 72

161 1031 244 1079 iste,
267 1032 455 1083 quoniam
485 1033 693 1072 consilium
721 1033 943 1080 dimisisset,
968 1033 1034 1071 illo
1060 1034 1125 1072 die
1145 1048 1226 1072 rem
1248 1034 1352 1072 illam
1374 1048 1490 1084 quae-

105 1115 139 1146 15
161 1097 304 1136 siturus
333 1112 414 1136 non
435 1106 547 1146 esset,
570 1113 662 1137 curn
683 1108 844 1150 repente
865 1099 1021 1138 iubetur
1041 1100 1181 1138 dicere.
1243 1102 1490 1151 Respondet,

163 1167 172 1183 ‘
187 1163 252 1200 Ad
273 1176 373 1212 quos
389 1165 428 1201 ?'
452 1165 539 1202 ‘Ad
560 1165 647 1211 me‚’
669 1164 809 1214 inquit,
833 1168 841 1184 ‘
857 1164 889 1202 si
910 1164 981 1203 tibi
1002 1164 1169 1203 idoneus
1190 1164 1325 1204 videor
1345 1165 1413 1215 qui
1439 1166 1489 1204 de

160 1228 321 1266 homine
337 1228 469 1267 Siculo
489 1243 535 1267 ac
557 1231 752 1268 Graeculo
781 1229 978 1268 iudicem.’
1041 1231 1241 1268 ‘Idoneus
1263 1230 1328 1276 es‚’
1348 1229 1486 1280 inquit,

161 1296 170 1312 ‘
186 1293 255 1331 sed
285 1294 495 1343 pervellem
524 1295 708 1332 adessent
739 1293 765 1332 ii
792 1293 859 1344 qui
886 1295 1093 1332 adfuerant
1112 1302 1229 1333 antea
1249 1307 1488 1345 causamque

158 1359 398 1408 cognorant.'
485 1358 609 1406 ‘Dic,'
658 1359 784 1409 inquit
798 1374 808 1407 3
870 1359 945 1397 ‘illi
993 1361 1133 1398 adesse
1179 1373 1259 1398 non
1298 1361 1488 1409 possunt.'

102 1438 139 1459 20
162 1425 291 1461 ‘Nam
321 1425 503 1470 hercule,'
532 1423 659 1474 inquit
691 1424 904 1471 Minucius,
948 1427 1034 1463 ‘me
1064 1438 1223 1475 quoque
1254 1424 1415 1463 Petilius
1447 1432 1488 1463 ut

159 1488 261 1526 sibi
252 1502 292 1526 ln
313 1488 479 1528 consilio
506 1491 686 1528 adessem
715 1490 896 1540 rogavit',
919 1498 957 1528 et
985 1490 1102 1528 simul
1122 1504 1144 1528 a
1165 1489 1359 1528 subselliis
1379 1489 1487 1528 abire
1509 1499 1548 1534 73

157 1553 327 1603 coepit
360 1555 440 1593 Iste
461 1554 579 1593 iratus
601 1555 803 1593 hominem
825 1554 952 1593 verbis
974 1554 1337 1593 vehementioribus
1358 1568 1487 1605 prose-

157 1617 300 1667 quitur,
334 1626 452 1669 atque
484 1619 519 1658 ei
552 1619 704 1670 gravius
739 1620 857 1658 etiam
893 1619 1031 1658 minari
1063 1619 1194 1669 coepit
1225 1621 1334 1669 quod
1368 1619 1408 1657 in
1442 1633 1484 1658 se

157 1690 310 1721 tantum
331 1684 478 1722 crimen
499 1684 767 1734 invidiamque
794 1686 991 1723 conflaret.
1054 1683 1265 1731 Minucius,
1288 1684 1356 1734 qui
1376 1686 1484 1734 Syra-
1501 1697 1557 1734 30

99 1762 136 1794 ²5
157 1748 259 1786 cusis
289 1748 344 1787 sic
375 1749 636 1799 negotiaretur
666 1757 708 1787 ut
729 1748 788 1787 sui
808 1749 901 1788 iuris
923 1748 1202 1799 dignitatisque
1226 1748 1480 1796 meminisset,

155 1821 194 1851 et
220 1813 287 1864 qui
315 1813 429 1853 sciret
453 1828 494 1853 se
518 1814 572 1852 ita
596 1814 635 1852 in
663 1814 863 1864 provincia
891 1828 972 1853 rem
1002 1827 1144 1864 augere
1170 1822 1349 1863 oportere
1369 1821 1412 1852 ut
1433 1827 1482 1853 ne

155 1877 251 1927 quid
272 1880 322 1917 de
342 1879 519 1917 libertate
535 1880 777 1929 deperderet,
801 1878 953 1917 homini
975 1892 1077 1929 quae
1097 1878 1178 1917 visa
1198 1886 1299 1925 sunt,
1322 1886 1360 1917 et
1381 1892 1482 1928 quae

154 1949 309 1993 tempus
337 1943 433 1982 illud
461 1943 547 1982 tulit
577 1951 615 1982 et
642 1957 770 1990 causa,
794 1943 1008 2005 respondit,
1033 1957 1191 1982 causam
1213 1956 1297 1981 sese
1318 1942 1481 1981 dimisso

153 2014 271 2057 atque
296 2008 478 2058 ablegato
504 2007 670 2047 consilio
691 2009 943 2046 defensurum
965 2007 1129 2058 negavit.
1191 2009 1331 2057 Itaque
1351 2021 1374 2046 a
1393 2008 1481 2046 sub-

95 2085 135 2116 30
153 2072 270 2110 selliis
298 2072 487 2119 discessit,
510 2071 696 2122 idemque
724 2073 801 2110 boc
831 2080 983 2122 praeter
1013 2072 1165 2111 Siculos
1188 2071 1305 2111 ceteri
1326 2072 1479 2123 Sopatri

197 2186 216 2206 2
241 2186 307 2206 non
326 2176 426 2207 modo
446 2175 546 2217 [non]
563 2175 674 2207 Muell.
811 2185 827 2214 7
853 2159 895 2206 in⁸
905 2166 1047 2207 consilio
1067 2175 1131 2207 Ol:
1155 2187 1220 2207 om.
1240 2175 1304 2207 rell.
1441 2187 1479 2216 15

154 2219 350 2258 Respondet
366 2223 395 2250 et
415 2229 451 2258 17
469 2230 506 2250 es
520 2230 584 2250 om.
608 2219 659 2258 0¹,
680 2219 747 2249 secl.
767 2217 881 2250 Muell.
1031 2221 1068 2250 18
1090 2225 1190 2250 antea
1205 2220 1272 2250 ads.
1294 2219 1324 2250 O
1438 2231 1475 2250 21

152 2263 307 2293 adessem
323 2262 411 2293 codd.
423 2266 553 2302 praeter
568 2262 609 2293 0¹
631 2263 772 2301 (essem)
940 2274 980 2301 24
1005 2264 1166 2294 conflaret
1183 2263 1240 2293 εΟι
1258 2275 1265 2294 :
1291 2263 1479 2304 conflaritp

154 2305 220 2335 rell.
354 2308 396 2336 26
418 2316 456 2336 se
472 2306 518 2336 ita
536 2305 566 2336 O
582 2305 701 2336 Lamb.
715 2317 721 2336 t
749 2306 793 2336 ita
811 2316 847 2336 se
858 2305 903 2346 pb
918 2305 987 2336 edd.
1080 2317 1180 2345 agere
1197 2305 1286 2337 codd.
1436 2317 1475 2346 27

153 2348 328 2388 respondit
344 2359 429 2388 quae
446 2349 477 2379 ei
495 2349 601 2379 visum
619 2355 671 2380 est
689 2349 802 2389 Quint.
824 2350 867 2380 iv.
887 2360 916 2389 2,
935 2351 976 2389 67

1332 2405 1391 2436 10*
