1715 2734
174 97 283 137 4190
612 90 668 127 M.
701 90 870 128 TVLLI
903 89 1211 130 CICERONIS

241 199 314 238 sibi
339 207 497 250 propter
528 201 739 238 Marcellos
765 199 902 238 altiore
932 199 1048 238 etiam
1077 200 1159 238 basi
1190 200 1284 250 poni
1309 199 1482 248 iusserat,
1510 201 1574 240 de-

168 275 222 312 42
242 265 447 303 turbarunt
477 265 592 303 simul
617 279 662 303 ac
684 278 910 303 successum
942 265 1003 303 isti
1027 265 1246 304 audierunt.
1308 265 1430 304 Dedit
1460 265 1575 316 igitur

180 535 217 566 91

179 1192 218 1222 92

241 329 311 367 tibi
346 343 451 368 nunc
491 332 646 368 fortuna
685 329 904 367 Siculorum
943 330 988 369 C.
1031 331 1264 369 Marcellum
1304 329 1487 377 iudicem,
1521 339 1575 379 ut,

241 395 352 433 cuius
383 396 434 433 ad
465 403 632 433 statuam
665 394 783 432 Siculi
815 402 853 433 te
884 402 1062 444 praetore
1090 395 1360 444 alligabantur,
1384 395 1467 433 eius
1495 395 1577 434 reli-

241 460 358 510 gione
379 469 416 498 te
437 461 497 497 lzis
517 461 702 497 iudicibus
722 459 897 497 vinctum
919 459 1231 510 adstrictumque
1258 461 1464 499 dedamus.

296 527 355 563 Ac
376 526 513 575 primo,
538 524 698 569 iudices,
721 526 797 562 hoc
818 524 973 574 signum
996 524 1168 563 Mercuri
1188 524 1346 563 dicebat
1377 526 1448 563 iste
1474 526 1577 574 Tyn-

241 589 440 628 daritanos
476 590 531 626 M.
570 590 762 627 Marcello
801 588 892 626 huic
924 589 1144 628 Aesernino
1182 589 1419 637 vendidisse,
1458 597 1577 640 atque

242 655 318 692 hoc
364 667 433 691 sua
463 666 581 692 causa
610 654 728 692 etiarn
761 655 815 691 M.
848 655 1081 692 Marcellum
1113 654 1241 704 ipsum
1272 654 1453 705 sperabat
1492 668 1577 694 esse

240 719 467 766 dicturum3
514 719 622 768 quod
662 718 758 756 mihi
797 732 1015 769 numquam
1056 719 1133 758 veri
1173 719 1298 758 simile
1337 720 1464 758 visum
1505 728 1574 769 est,

241 785 538 823 adulescentem
572 784 639 822 illo
674 785 763 822 loco
795 791 944 831 natum,
980 792 1190 835 patronum
1226 785 1392 833 Siciliae,
1429 799 1576 826 nomen

241 862 356 887 suum
404 849 466 887 isti
522 850 573 887 ad
632 850 926 887 translationem
983 849 1157 888 criminis
1218 851 1574 889 commodaturum.

241 917 390 954 Verum
421 922 554 954 tamen
584 914 637 953 ita
658 914 754 952 mihi
775 928 835 953 res
856 922 938 953 tota
964 914 1118 965 provisa
1144 922 1263 965 atque
1291 924 1499 966 praecauta
1519 924 1577 954 est

242 988 298 1028 ut,
315 980 346 1018 si
368 980 537 1019 maxime
558 987 660 1019 esset
681 979 864 1018 inventus
885 979 951 1029 qui
967 979 1005 1017 in
1022 993 1064 1019 se
1078 979 1275 1030 suscipere
1289 980 1399 1018 istius
1421 982 1577 1031 culpam

241 1046 470 1095 crimenque
500 1052 671 1095 cuperet,
708 1053 842 1083 tamen
875 1044 906 1082 is
938 1046 1127 1094 proficere
1161 1044 1258 1083 nihil
1292 1053 1435 1095 posset.
1497 1047 1576 1089 Eos

241 1111 347 1150 enim
369 1110 514 1150 deduxi
535 1110 644 1149 testis
666 1118 704 1149 et
725 1123 790 1149 eas
811 1109 956 1148 litteras
977 1109 1180 1159 deportavi
1201 1117 1243 1148 ut
1263 1111 1314 1148 de
1334 1110 1444 1148 istius
1473 1111 1576 1148 sacto

242 1176 409 1214 dubium
441 1189 526 1214 esse
547 1175 696 1214 nemini
729 1175 862 1226 possit.
923 1174 1110 1214 Publicae
1140 1174 1290 1214 litterae
1319 1183 1410 1213 sunt
1440 1177 1577 1226 depor-

212 1282 218 1286 ,
242 1250 366 1280 tatum
394 1240 635 1280 Mercurium
664 1254 749 1279 esse
776 1242 1005 1278 Messanam
1035 1248 1194 1290 sumptu
1222 1240 1410 1290 publico3
1440 1240 1577 1278 dicunt

241 1307 404 1357 quanti3
443 1305 656 1356 praefuisse
686 1305 778 1343 huic
808 1305 968 1355 negotio
1006 1305 1164 1355 publice
1198 1307 1369 1356 legatum
1402 1307 1576 1344 Poleam.

243 1373 384 1422 Quid?
423 1374 453 1410 is
484 1371 551 1410 ubi
591 1373 681 1409 est?
739 1373 900 1409 Praesto
929 1378 997 1418 est,
1029 1370 1138 1409 testis
1167 1378 1237 1409 est.
1298 1370 1481 1420 Proagori
1511 1369 1575 1409 So

241 1438 339 1488 patri
366 1437 484 1476 iussu.
546 1436 646 1485 Quis
678 1443 735 1474 est
762 1435 856 1474 hic?
913 1435 993 1484 Qui
1013 1437 1064 1474 ad
1086 1443 1254 1474 statuam
1275 1435 1483 1474 adstrictus
1504 1443 1573 1474 est.

242 1504 380 1554 Quid?
409 1503 440 1541 is
462 1502 529 1541 ubi
551 1504 638 1541 est?
694 1501 858 1540 Vidistis
879 1502 1081 1540 hominem
1103 1509 1141 1540 et
1157 1501 1276 1540 verba
1295 1502 1379 1540 eius
1399 1500 1573 1539 audistis.

244 1569 553 1608 Demoliendum
575 1566 723 1605 curavit
747 1566 971 1606 Demetrius
992 1565 1325 1617 gymnasiarchus,
1349 1567 1457 1616 quod
1480 1565 1510 1604 is
1541 1565 1576 1605 ei

242 1637 331 1673 loco
361 1641 545 1684 praeerat.
605 1631 747 1681 Quid?
777 1633 853 1670 hoc
874 1645 946 1670 nos
968 1631 1166 1670 dicimus?
1224 1633 1355 1670 Immo
1375 1645 1468 1670 vero
1495 1631 1577 1682 ipse

241 1713 435 1750 praesens.
497 1701 651 1737 Romae
675 1710 800 1748 nuper
827 1698 956 1746 ipsum
984 1699 1101 1735 istum
1131 1710 1215 1735 esse
1245 1696 1463 1747 pollicitum
1491 1709 1576 1735 sese

242 1766 280 1805 id
303 1765 458 1815 signum
480 1763 614 1814 legatis
636 1764 881 1802 redditurum
903 1762 934 1801 si
955 1762 1038 1800 eius
1059 1761 1112 1800 rei
1134 1761 1357 1801 testificatio
1378 1763 1577 1800 tolleretur

241 1838 482 1880 cautumque
503 1836 605 1867 esset
627 1841 694 1866 eos
716 1827 987 1866 testimonium
1015 1840 1096 1865 non
1124 1840 1209 1865 esse
1235 1826 1576 1874 dicturos,——dixit

285 1946 303 1965 2
329 1943 521 1965 successum
542 1943 616 1963 esse
635 1944 656 1962 π
753 1932 854 1971 igitur
871 1931 929 1961 tibi
951 1941 1038 1961 nunc
1058 1929 1111 1961 R:
1140 1940 1227 1960 nunc
1248 1930 1347 1969 igitur
1365 1930 1423 1960 tibi
1442 1929 1490 1961 S:
1518 1930 1575 1961 tibi

242 1989 307 2009 om.
339 1990 360 2008 π
387 1981 422 2018 (ξ
445 1978 489 2007 8ο
515 1976 633 2016 supra)
765 1987 783 2014 4
812 1976 883 2006 eius
909 1974 1071 2013 religione
1100 1979 1132 2003 te
1159 1974 1210 2004 his
1238 1974 1406 2004 iudicibus
1430 1975 1575 2004 vinctum

242 2022 354 2062 scrt'pSi
371 2023 421 2061 (cs.
441 2021 487 2052 Cl.
509 2019 589 2050 Rev.
611 2019 703 2057 xviii,
721 2023 760 2058 p.
779 2020 877 2057 211):
905 2019 976 2049 eius
996 2017 1157 2056 religione
1177 2023 1210 2047 te
1231 2018 1283 2048 isti
1303 2018 1494 2048 devinctum
1516 2016 1577 2047 RS

243 2068 313 2097 <isti
337 2077 378 2098 sc.
400 2066 498 2096 iudici
520 2062 700 2094 Marcello?
727 2062 871 2099 Halmh
904 2061 944 2100 cf.
964 2060 1014 2089 De
1031 2059 1152 2096 Domo,
1171 2062 1186 2096 ξ
1208 2068 1262 2097 131
1283 2071 1290 2090 :
1324 2060 1395 2089 eius
1418 2059 1571 2097 religioni

243 2098 274 2140 {e
303 2110 448 2140 eundem
475 2109 622 2138 vinctum
648 2109 700 2148 pff.
750 2105 857 2135 Locus
883 2105 972 2135 varie
995 2103 1210 2133 snaendatus:
1245 2103 1317 2133 eius
1346 2103 1511 2141 religione
1540 2107 1572 2132 te

242 2153 342 2183 isdem
369 2153 561 2183 devinctum
582 2150 692 2181 Mus-ll.
714 2149 821 2186 (editio
839 2149 952 2177 minor
971 2149 1052 2186 1898
1082 2161 1088 2178 ς
1119 2152 1150 2176 te
1174 2147 1244 2176 istic
1263 2147 1455 2176 devinctum
1478 2146 1571 2176 astri-

243 2203 400 2236 ctumque
417 2193 800 2227 v1dea⁷1111sK.Buscl1e:
826 2192 899 2222 istis
912 2198 970 2231 (sc.
991 2191 1128 2231 Siculis)
1149 2190 1296 2229 Zumpt:
1322 2190 1394 2220 eius
1419 2189 1572 2228 religioni

243 2247 275 2270 te
296 2241 428 2271 testibus
454 2239 522 2269 istis
540 2240 613 2270 dev,
636 2236 822 2274 Lehmann,
843 2240 875 2266 te
893 2235 1006 2274 ipsum
1027 2235 1100 2264 dev,
1121 2233 1220 2271 Nolzl,
1241 2239 1272 2264 te
1291 2234 1356 2274 ipsi
1369 2257 1375 2263 .
1395 2258 1400 2263 .
1420 2258 1427 2264 .
1446 2234 1571 2263 dedant

243 2284 345 2323 Kays.
470 2293 488 2320 5
515 2282 778 2318 adstrictumque
796 2282 811 2309 δ
829 2291 835 2309 :
855 2279 1144 2316 abstrinctumque
1157 2283 1180 2317 p
1196 2289 1202 2307 :
1226 2278 1499 2316 adscriptumque
1518 2275 1572 2306 R:

243 2328 512 2366 asscriptumque
529 2325 557 2355 S
702 2334 739 2361 14
768 2323 811 2352 nil
830 2322 988 2352 Zielinski
1002 2328 1057 2362 tp.
1078 2322 1151 2360 178)
1306 2323 1342 2350 16
1368 2321 1474 2359 possit
1485 2320 1570 2360 qu:

243 2376 357 2409 posset
376 2370 439 2400 RS
455 2369 518 2399 rell.
660 2377 694 2405 17
721 2367 910 2406 dicuntpfi:
936 2366 1049 2396 dicent
1067 2364 1129 2395 RS
1269 2374 1311 2394 20
1335 2364 1421 2402 Quis
1440 2388 1447 2395 .
1465 2389 1471 2394 .
1489 2386 1498 2395 .
1516 2363 1572 2393 ad-

243 2414 379 2444 strictus
397 2418 447 2443 cst
466 2412 524 2444 dcl.
544 2412 647 2451 qus,
815 2420 849 2439 21
878 2409 987 2448 Quid?
1014 2409 1039 2438 is
1057 2409 1110 2438 ubi
1130 2414 1181 2439 est
1199 2408 1257 2439 dcl.
1274 2407 1436 2445 Schwabe,
1452 2406 1572 2446 Jacoby

243 2468 284 2495 25
309 2468 385 2488 esse
404 2457 650 2495 reddituruinp
666 2454 709 2484 al.

1597 472 1614 504 5

1599 801 1636 823 10

1596 1449 1636 1471 20

1595 1772 1634 1803 25
