1715 2734
182 120 235 149 22
256 128 300 159 49
622 112 678 149 M.
711 111 879 149 TVLLI
912 111 1219 150 CICERONIS

177 724 227 761 23

187 784 228 814 50

188 1475 223 1507 51

252 220 443 271 cuiusque
475 221 525 259 de
555 219 660 258 varia
691 218 942 270 improbitate
968 220 1118 269 generis
1150 219 1295 258 indicia
1323 221 1430 271 apud
1450 234 1520 260 vos
1549 228 1588 260 et

250 288 428 337 exempla
462 287 628 336 profero.
701 286 846 335 Neque
875 285 980 322 enim
1011 284 1063 323 ita
1093 298 1134 323 se
1163 286 1281 335 gessit
1312 286 1351 323 in
1380 286 1439 324 his
1470 286 1587 325 rebus

249 358 451 401 tamquam
484 350 675 388 rationem
701 349 916 399 aliquando
948 357 1049 388 esset
1080 349 1314 396 redditurus,
1337 351 1407 389 sed
1432 364 1588 401 prorsus

249 416 301 455 ita
331 416 441 466 quasi
472 423 539 454 aut
570 429 657 453 reus
688 428 908 464 numquam
931 421 1033 452 esset
1063 416 1224 462 futurus,
1257 423 1334 462 aut,
1367 430 1447 465 quo
1478 417 1588 466 plura

247 482 483 527 abstulisset,
508 495 556 519 eo
586 480 737 518 minore
762 479 937 530 periculo
962 480 1001 516 in
1034 479 1222 517 iudicium
1244 488 1430 518 venturus
1462 489 1589 529 esset3
1608 500 1624 530 5

248 547 315 597 qui
336 548 434 585 haec
456 560 557 596 quae
585 545 677 583 dico
702 544 778 582 iam
808 558 889 583 non
914 546 1079 591 occulte,
1108 558 1187 583 non
1209 559 1277 594 per
1300 547 1449 583 amicos
1469 554 1588 595 atque

248 613 488 661 interpretes,
513 611 583 649 sed
611 611 740 660 palam
769 610 819 648 de
846 611 936 647 loco
964 608 1161 659 superiore
1182 617 1311 659 ageret
1333 624 1403 660 pro
1423 610 1588 660 imperio

249 684 287 715 et
308 684 514 727 potestate.

302 742 485 782 Catinam
536 755 626 780 curn
675 741 855 787 venisset,
898 740 1090 790 oppidum
1135 742 1321 791 locuples,
1362 743 1587 790 honestum,

247 808 464 858 copiosum,
494 806 826 856 Dionysiarchum
852 807 904 844 ad
936 819 977 844 se
1006 819 1252 856 proagorum,
1286 808 1363 845 hoc
1397 815 1455 845 est
1485 821 1588 846 sum—
1610 821 1648 842 10

248 886 358 910 mum
388 872 669 922 magistratum,
693 870 823 909 vocari
849 871 957 909 iubet
973 885 983 918 3
1012 870 1047 909 ei
1068 872 1197 921 palam
1219 870 1383 921 imperat
1405 879 1447 910 ut
1467 885 1587 911 omne

247 946 453 989 argentum
474 938 583 988 quod
604 937 711 988 apud
732 950 932 986 quemque
953 942 1055 974 esset
1083 937 1248 975 Catinae
1270 936 1586 987 conquirendum

247 1011 398 1043 curaret
430 1011 469 1042 et
498 1004 549 1042 ad
579 1016 620 1041 se
650 1003 921 1041 adferendum.
983 1002 1244 1051 Phylarchum
1269 1002 1584 1052 Centuripinum,

248 1071 419 1120 primum
451 1068 654 1106 hominem
684 1081 836 1118 genere,
864 1068 1015 1114 virtute,
1049 1066 1227 1117 pecunia,
1260 1081 1340 1106 non
1374 1069 1449 1106 hoc
1480 1067 1586 1106 idem

249 1136 416 1173 iuratum
456 1133 586 1172 dicere
624 1132 801 1178 audistis,
842 1132 915 1170 sibi
952 1133 1068 1170 istum
1104 1133 1304 1182 negotium
1339 1133 1496 1171 dedisse
1534 1140 1645 1177 at-15

247 1214 325 1250 que
364 1201 576 1250 imperasse
616 1206 659 1237 ut
699 1199 979 1248 CenturipiniS,
1012 1197 1051 1235 in
1084 1197 1240 1236 civitate
1274 1197 1393 1236 totius
1433 1198 1586 1238 Siciliae

248 1267 373 1304 multo
404 1264 573 1303 maxima
607 1271 645 1303 et
677 1263 995 1313 locupletissima,
1033 1277 1152 1302 omne
1186 1272 1391 1314 argentum
1426 1264 1587 1314 conqui-

247 1338 345 1369 reret
373 1338 410 1369 et
435 1332 486 1369 ad
511 1344 552 1369 se
580 1330 816 1379 comportari
848 1329 1032 1367 iuberet?
1100 1330 1244 1379 Agyrio
1272 1329 1447 1367 similiter
1476 1329 1586 1368 istius

248 1395 413 1446 imperio
452 1409 542 1433 vasa
582 1393 787 1434 Corinthia
826 1408 894 1444 per
933 1395 1235 1444 Apollodorum,
1278 1408 1397 1444 quem
1446 1401 1586 1433 testem

247 1461 420 1509 audistis,
449 1463 659 1511 Syracusas
691 1460 897 1510 deportata
922 1468 1023 1497 sunt.
1086 1461 1158 1497 Illa
1184 1473 1274 1497 vero
1300 1459 1450 1510 optima
1479 1458 1583 1513 [est]‚
1607 1475 1644 1496 20

247 1528 367 1577 quod,
391 1540 481 1564 cum
505 1525 742 1564 Haluntium
757 1524 928 1563 venisset
945 1533 1099 1574 praetor
1116 1525 1333 1563 laboriosus
1350 1533 1388 1563 et
1404 1525 1581 1574 diligens,

248 1591 330 1642 ipse
351 1591 389 1629 in
411 1591 603 1641 oppidum
633 1589 757 1628 noluit
784 1590 985 1637 accedere,
1010 1591 1118 1640 quod
1140 1598 1219 1628 crat
1241 1590 1387 1628 difficili
1418 1604 1584 1629 ascensu

245 1664 364 1706 atque
410 1657 545 1703 arduo,
588 1657 883 1705 Archagathum
930 1655 1207 1703 Haluntinum,
1248 1656 1451 1695 hominem
1504 1671 1583 1695 non

246 1724 372 1760 solum
395 1721 515 1768 domi,
539 1722 608 1759 sed
631 1728 712 1759 tota
733 1720 863 1759 Sicilia
884 1721 922 1758 in
945 1721 1078 1771 primis
1101 1721 1286 1768 nobilem,
1310 1721 1439 1760 vocari
1461 1721 1580 1760 iussit.

248 1787 294 1825 Ei
326 1787 526 1837 negotium
558 1786 667 1825 dedit
689 1794 740 1834 ut,
765 1786 960 1836 quidquid
993 1786 1159 1825 Halunti
1191 1795 1293 1825 esset
1323 1788 1471 1837 argenti
1501 1802 1584 1827 cae·
1605 1801 1642 1832 25

246 1853 312 1891 lati
333 1860 399 1891 aut
421 1853 451 1891 si
473 1852 568 1903 quid
590 1852 707 1891 etiam
726 1852 1035 1900 Corinthiorum,
1053 1852 1091 1890 id
1113 1866 1232 1890 omne
1254 1852 1383 1890 statim
1405 1854 1456 1891 ad
1478 1867 1584 1892 mare

246 1936 292 1961 ex
313 1921 462 1972 oppido
483 1922 764 1971 deportaretur.
816 1919 1005 1958 Escendit
1027 1919 1065 1957 in
1087 1918 1278 1969 oppidum
1297 1920 1580 1969 Archagathus.

248 1989 386 2025 Homo
403 1986 556 2033 nobilis,
580 1985 647 2035 qui
668 2000 690 2023 a
711 1984 789 2023 suis
816 1984 936 2023 amari
959 1992 996 2022 et
1017 1984 1124 2033 diligi
1146 1985 1276 2031 vellet,
1296 1984 1443 2022 ferebat
1463 1984 1583 2034 gravi-

246 2059 303 2091 ter
334 2051 438 2090 illam
471 2051 543 2089 sibi
575 2051 626 2089 ab
658 2051 732 2089 isto
760 2049 1001 2101 provinciam
1033 2051 1178 2096 datam,
1211 2063 1283 2087 nec
1313 2049 1409 2099 quid
1439 2050 1581 2088 faceret

247 2119 442 2165 habcbat3
491 2117 717 2168 pronuntiat
757 2117 853 2166 quid
893 2116 966 2153 sibi
1016 2115 1249 2166 imperatum
1299 2122 1425 2162 esset3
1473 2115 1580 2153 iubet
1601 2126 1638 2156 30

247 2183 374 2221 omnis
405 2185 574 2233 proferre
599 2184 706 2232 quod
736 2183 935 2220 haberent.
999 2182 1132 2219 Metus
1158 2188 1238 2218 crat
1265 2193 1467 2227 summus;
1498 2180 1579 2230 ipse

246 2248 351 2286 enim
391 2256 576 2298 tyrannus
609 2261 689 2285 non
729 2247 959 2285 discedebat
991 2246 1174 2295 longius3
1216 2246 1510 2294 Archagathum
1541 2252 1579 2283 et

296 2364 340 2388 10.
363 2364 395 2384 11
423 2354 486 2384 hoc
532 2377 539 2385 .
562 2378 568 2385 .
588 2354 819 2391 magistratum
838 2353 905 2383 secl.
926 2353 1023 2389 Bake,
1042 2352 1163 2391 Jacolw
1299 2362 1340 2381 ρο
1366 2356 1415 2381 cst
1432 2351 1499 2381 secl.
1519 2354 1580 2380 aut

249 2407 312 2427 om.
331 2397 400 2428 cdd.
415 2401 490 2437 post
511 2398 686 2428 Victoriam
703 2410 707 2428 :
732 2398 856 2436 optima
886 2407 938 2426 res
967 2402 1017 2426 est
1046 2395 1135 2425 Korl!
1303 2395 1345 2424 26
1369 2395 1400 2424 id
1418 2393 1576 2426 Hotom.‘.

250 2445 283 2470 ut
300 2441 387 2473 codd.
524 2452 563 2480 27
589 2441 741 2472 escendit
760 2441 843 2480 R1p:
869 2440 1018 2470 ascendit
1039 2438 1154 2471 R2505
