1715 2734
153 418 170 449 5

134 742 172 764 10

134 1394 174 1416 20

190 36 456 76 ACTIONIS
488 34 549 74 IN
580 35 625 74 C.
647 34 888 72 VERREM
918 33 1217 72 SECVNDAE
1247 32 1351 69 LIB.
1374 32 1411 67 V
1455 38 1510 77 50
1532 42 1590 75 131

191 146 358 193 obicere,
381 159 471 184 cum
498 145 610 183 multi
630 144 699 183 viri
726 145 844 183 sortes
870 143 910 181 in
938 143 1139 181 communi
1166 143 1396 192 incertoque
1414 139 1511 192 peri-

191 214 281 250 culo
308 212 397 249 belli
428 219 466 249 et
492 218 590 249 terra
618 218 655 248 et
683 209 777 247 mari
804 222 921 258 saepe
947 207 1194 246 offenderint.
1253 208 1413 244 Nullam
1440 204 1511 243 tibi

191 276 322 315 obicio
351 278 556 321 fortunam,
580 275 676 313 nihil
706 283 763 313 est
791 275 899 324 quod
925 281 1143 311 ceterorum
1170 285 1230 310 res
1258 271 1386 309 minus
1407 284 1511 308 com-

191 342 309 378 mode
338 348 464 390 gestas
494 341 675 390 proferas,
707 338 804 377 nihil
838 346 896 376 est
931 338 1038 387 quod
1070 338 1282 374 multorum
1313 335 1512 384 naufragia

192 406 368 442 fortunae
402 404 570 454 colligas.
632 406 716 453 Ego
750 403 858 440 navis
892 401 1018 440 inanis
1058 401 1176 439 fuisse
1211 400 1312 446 dico,
1345 400 1510 449 remiges

191 477 408 518 nautasque
442 470 635 515 dimissos,
670 468 839 517 reliquos
874 466 1058 516 stirpibus
1092 466 1231 504 vixisse
1271 467 1514 515 palmarum3

192 533 402 583 praefuisse
424 533 543 571 vclassi
578 534 712 583 populi
749 531 919 570 Romani
955 531 1141 578 Siculum,
1172 537 1362 580 perpetuo
1396 528 1512 567 sociis

191 606 309 647 atque
335 599 469 636 amicis
497 600 807 647 Syracusanum3
836 605 873 634 te
901 597 967 634 illo
994 604 1170 645 tempore
1197 595 1282 644 ipso
1310 592 1512 644 superiori-

192 663 343 712 busque
364 662 502 701 diebus
523 663 707 700 omnibus
729 663 766 699 in
788 661 899 699 litore
919 674 1008 698 cum
1031 661 1266 698 mulierculis
1287 667 1513 710 perpotasse

192 728 306 774 dico3
344 729 480 765 harum
515 740 642 765 rerum
676 726 853 764 omnium
888 733 1067 764 auctores
1101 724 1289 774 testisque
1323 724 1509 773 produco.

192 795 299 831 Num
321 792 390 830 tibi
417 792 600 829 insultare
621 791 660 828 in
685 790 916 837 calamitate,
938 803 1032 827 num
1060 789 1319 827 intercludere
1339 788 1514 838 perfugia

192 860 378 903 fortunae,
400 871 495 894 num
515 870 627 894 casus
649 856 810 894 bellicos
831 856 1063 905 exprobrare
1086 862 1152 892 aut
1173 855 1329 892 obicere
1350 853 1513 892 videor?

191 923 365 961 Tametsi
392 924 518 960 solent
548 922 572 959 ii
600 923 795 959 fortunam
823 921 896 959 sibi
918 920 1021 959 obici
1048 922 1152 959 nolle
1173 921 1239 969 qui
1267 933 1307 957 se
1334 921 1513 957 fortunae

191 987 480 1033 commiserunt,
504 987 571 1036 qui
598 986 637 1024 in
664 987 746 1024 eius
770 985 951 1036 periculis
979 992 1069 1023 sunt
1089 998 1134 1022 ac
1155 985 1339 1022 varietate
1360 982 1509 1022 versati.

193 1055 310 1091 Istius
339 1054 500 1102 quidem
529 1051 758 1090 calamitatis
793 1059 882 1089 tuae
912 1052 1067 1088 fortuna
1096 1049 1288 1099 particeps
1319 1062 1398 1087 non
1429 1048 1509 1087 fuit.

1535 802 1593 833 132

193 1118 389 1156 Homines
419 1117 523 1155 enim
551 1117 590 1154 in
615 1115 783 1166 proeliis,
806 1129 887 1153 non
915 1115 953 1152 in
979 1115 1166 1153 conviviis
1195 1114 1286 1153 belli
1316 1115 1512 1152 fortunam
1548 1140 1551 1142 -

191 1182 396 1232 periclitari
430 1184 581 1228 solent3
621 1181 660 1218 in
699 1181 762 1218 illa
800 1188 932 1218 autem
972 1180 1191 1218 calamitate
1226 1192 1306 1217 non
1343 1181 1512 1217 Martem

191 1247 308 1286 fuisse
329 1260 592 1293 communem,
615 1247 682 1284 sed
704 1248 900 1284 Venerem
927 1258 1136 1294 possumus
1157 1244 1297 1283 dicere.
1359 1242 1514 1292 Quodsi

192 1314 387 1350 fortunam
422 1311 491 1350 tibi
524 1311 629 1349 obici
662 1323 742 1349 non
778 1317 943 1360 oportet,
975 1323 1043 1347 cur
1076 1317 1117 1347 tu
1147 1311 1325 1348 fortunae
1358 1308 1513 1347 illorum

193 1377 462 1416 innocentium
482 1376 636 1414 veniam
656 1389 701 1414 ac
722 1377 853 1414 locum
874 1389 954 1413 non
975 1374 1147 1413 dedisti?

247 1442 375 1481 Etiam
409 1441 506 1480 illud
539 1441 740 1492 praecidas
774 1441 877 1488 licet,
908 1448 957 1487 te,
993 1441 1101 1490 quod
1135 1439 1371 1490 supplicium
1406 1452 1514 1477 more

193 1507 382 1546 maiorum
397 1506 606 1557 sumpseris
622 1506 826 1556 securique
843 1505 1090 1555 percusseris,
1107 1505 1253 1543 idcirco
1269 1519 1291 1542 a
1307 1518 1370 1542 me
1386 1504 1426 1541 in
1447 1504 1515 1542 cri-

192 1586 282 1610 men
303 1579 341 1611 et
361 1572 399 1610 in
421 1572 607 1611 invidiam
629 1571 768 1610 vocari.
824 1573 916 1609 Non
938 1570 977 1608 in
998 1570 1191 1620 supplicio
1212 1569 1359 1608 crimen
1381 1581 1513 1606 meum

193 1637 374 1685 vertitur3
404 1650 484 1675 non
505 1650 577 1686 ego
598 1649 698 1686 nego
719 1635 842 1674 securi
868 1649 1108 1685 quemquam
1133 1634 1234 1673 feriri
1255 1635 1409 1680 debere,
1433 1646 1514 1671 non

193 1715 266 1751 ego
281 1709 427 1740 metum
442 1714 488 1739 ex
501 1714 540 1738 re
554 1700 718 1747 militari,
731 1714 811 1738 non
825 1699 1069 1738 severitatem
1084 1699 1231 1749 imperi,
1250 1712 1329 1736 non
1343 1711 1513 1748 poenam

192 1766 310 1816 flagiti
338 1766 420 1804 tolli
450 1765 540 1804 dico
574 1772 752 1815 oportere
768 1780 777 1813 3
811 1766 933 1803 fateor
962 1778 1043 1802 non
1073 1765 1194 1802 modo
1219 1764 1259 1801 in
1289 1763 1416 1802 socios
1444 1764 1513 1802 sed

191 1831 308 1869 etiam
338 1830 378 1868 in
408 1830 500 1868 civis
532 1830 752 1880 militesque
786 1838 938 1868 nostros
970 1843 1155 1879 persaepe
1187 1842 1271 1867 esse
1305 1841 1437 1866 severe
1467 1841 1513 1866 ac

1537 1451 1596 1483 133

191 1897 443 1934 vehementer
463 1894 715 1933 vindicatum.
775 1897 907 1943 Quare
927 1896 1023 1932 haec
1045 1907 1203 1943 quoque
1230 1892 1513 1943 praetermittas
1533 1900 1576 1938 51

192 1960 291 1998 licet.
363 1962 448 2010 Ego
486 1961 641 2009 culpam
681 1973 760 1997 non
800 1959 839 1997 in
878 1959 1083 1997 nauarchis
1127 1960 1197 1996 sed
1236 1958 1275 1995 in
1314 1965 1352 1996 te
1395 1957 1514 1997 fuisse

235 2076 253 2094 2
279 2063 336 2093 tibi
355 2074 419 2093 om.
441 2075 460 2092 π
575 2072 612 2101 13
635 2063 656 2092 ii
679 2062 726 2093 V:
751 2063 794 2093 hii
813 2063 899 2093 RS:
924 2063 956 2092 hi
972 2068 995 2103 p
1109 2073 1147 2102 19
1171 2062 1229 2092 tibi
1246 2072 1312 2092 om.
1337 2062 1369 2091 V
1473 2073 1512 2093 21

924 2115 936 2131 S

192 2145 224 2170 te
242 2140 328 2178 quod
351 2140 441 2180 qu:
475 2139 563 2178 quod
581 2139 621 2169 δε
656 2139 703 2168 hii
720 2140 807 2177 quod
826 2140 867 2172 R.
889 2140 919 2169 hi
938 2140 1028 2178 quod
1046 2139 1083 2173 S,
1104 2139 1156 2169 his
1173 2139 1262 2177 quod
1279 2138 1325 2177 D,
1343 2140 1431 2177 quod
1449 2139 1514 2170 hiis

190 2183 230 2214 Z.
275 2183 330 2214 An
355 2183 444 2223 quod
470 2184 511 2213 de
535 2183 610 2214 his?
727 2192 768 2221 23
794 2183 826 2213 in
851 2183 1008 2213 invidiam
1041 2183 1090 2212 V:
1127 2183 1160 2212 in
1186 2193 1251 2212 om.
1278 2181 1381 2223 RSp&
1402 2183 1434 2223 (ξ
1456 2193 1513 2221 107

190 2228 302 2265 supra*
413 2235 453 2262 24
472 2228 621 2253 vertetur
637 2222 729 2254 RSW
831 2235 898 2255 non
917 2236 981 2262 ego
998 2235 1086 2260 nego
1101 2225 1212 2255 securi
1235 2224 1264 2252 V
1277 2226 1402 2263 (securi
1424 2236 1513 2264 nego

186 2270 263 2310 p5):
281 2278 346 2298 non
358 2278 420 2306 ego
433 2278 629 2306 quemquam
641 2279 683 2298 ex
698 2278 732 2298 re
747 2268 878 2298 militari
894 2279 1006 2298 mance
1017 2268 1080 2298 RS
1124 2268 1248 2298 debere
1262 2269 1297 2298 δε
1315 2274 1472 2308 oportere
1488 2269 1519 2299 V
