1715 2734
229 108 256 137 2
275 105 296 137 6
644 103 701 140 M.
732 103 901 141 TVLLI
932 102 1239 142 CICERONIS

234 896 250 929 7

230 1586 247 1615 8

275 222 334 247 res
354 208 394 246 in
415 209 627 248 discrimen
651 210 871 249 adducitur.
932 212 1041 250 Reus
1066 219 1123 250 est
1147 211 1252 250 enim
1278 211 1608 261 nocentissimus3

274 273 341 322 qui
371 273 401 311 si
436 276 734 322 condemnatur,
768 276 950 314 desinent
980 276 1161 314 homines
1191 276 1322 315 dicere
1357 275 1416 314 his
1451 275 1606 314 iudiciis

274 338 482 387 pecuniam
514 339 726 389 plurimum
755 353 896 390 posse;
935 340 994 378 sin
1023 340 1247 387 absolvitur,
1278 341 1505 380 desinemus
1533 354 1606 380 nos

273 404 324 442 de
354 404 508 443 iudiciis
539 405 817 443 transferendis
848 419 1038 444 recusare.

327 470 503 508 Tametsi
525 471 575 508 de
596 470 846 509 absolutione
874 470 984 509 istius
1012 484 1143 521 neque
1170 471 1253 520 ipse
1279 471 1355 509 iam
1381 479 1510 521 sperat
1531 484 1605 510 nec
1626 485 1644 517 5

274 535 442 584 populus
475 536 682 572 Romanus
712 535 873 573 metuit:
913 537 964 574 de
993 535 1239 586 impudentia
1268 536 1463 586 singulari,
1496 538 1605 586 quod

272 601 394 646 adest,
418 600 527 649 quod
548 601 770 650 respondet,
794 608 885 638 sunt
906 600 973 651 qui
1002 601 1199 639 mirentur.
1261 601 1363 639 Mihi
1385 615 1456 651 pro
1476 609 1605 640 cetera

272 664 355 702 eius
393 664 559 702 audacia
596 673 715 715 atque
754 665 927 704 amentia
966 679 1016 703 ne
1055 667 1131 704 hoc
1170 666 1332 716 quidem
1381 666 1603 705 mirandum

272 729 448 776 videtur,
497 731 619 767 multa
657 729 762 768 enirn
802 738 840 768 et
879 730 918 768 in
957 732 1055 769 deos
1093 739 1131 769 et
1170 731 1209 768 in
1258 730 1439 769 homines
1484 731 1605 781 impie

272 794 497 844 nefarieque
532 795 740 842 commisit,
773 809 942 846 quorum
972 798 1164 835 scelerum
1198 796 1337 846 poenis
1371 796 1537 847 agitatur
1565 804 1604 835 et
1627 809 1664 830 10

270 873 293 898 a
328 867 460 898 mente
494 859 741 910 consilioque
774 860 994 899 deducitur.
1054 863 1189 910 Agunt
1224 875 1314 900 eum
1351 860 1603 911 praecipitem

271 937 423 974 poenae
452 923 596 962 civium
629 926 915 972 Romanorum,
943 938 1043 975 quos
1073 925 1213 975 partim
1245 925 1369 964 securi
1400 925 1603 976 percussit,

270 988 410 1039 partim
432 988 471 1026 in
493 988 658 1028 vinculis
680 989 846 1038 necavit,
868 989 1010 1039 partim
1038 990 1283 1040 implorantis
1308 990 1391 1028 iura
1414 990 1604 1029 libertatis

270 1061 308 1091 et
329 1053 494 1092 civitatis
517 1054 556 1092 in
578 1068 735 1093 crucem
759 1054 924 1093 sustulit.
988 1054 1164 1105 Rapiunt
1185 1068 1275 1093 eum
1292 1057 1343 1094 ad
1365 1055 1602 1106 supplicium

270 1119 309 1157 di
331 1120 455 1169 patrii,
487 1122 596 1170 quod
628 1120 699 1158 iste
730 1120 912 1158 inventus
940 1128 998 1158 est
1023 1120 1091 1171 qui
1116 1135 1137 1159 e
1165 1122 1374 1170 complexu
1395 1128 1602 1171 parentum
1626 1131 1662 1164 15

268 1185 453 1234 abreptos
484 1186 584 1224 filios
614 1187 664 1224 ad
694 1198 833 1223 necem
864 1187 1037 1233 duceret,
1065 1194 1102 1224 et
1132 1185 1304 1236 parentis
1334 1186 1501 1236 pretium
1532 1199 1603 1236 pro

270 1251 468 1299 sepultura
498 1251 663 1289 liberum
695 1258 883 1300 posceret.
948 1251 1176 1301 Religiones
1206 1264 1298 1289 vero
1327 1251 1604 1290 caerimoniae-

269 1327 346 1363 que
376 1315 554 1353 omnium
585 1329 784 1353 sacrorum
815 1316 1077 1365 fanorumque
1105 1315 1286 1363 violatae,
1315 1315 1602 1366 simulacraque

270 1381 446 1426 deorum,
480 1394 581 1430 quae
611 1394 691 1419 non
723 1382 845 1419 modo
875 1394 921 1419 ex
951 1381 1030 1419 suis
1061 1380 1217 1431 templis
1247 1381 1377 1419 ablata
1408 1389 1499 1419 sunt
1531 1383 1600 1420 sed

268 1445 386 1483 etiam
431 1445 559 1484 iacent
601 1446 639 1483 in
682 1446 854 1484 tenebris
898 1446 949 1484 ab
995 1446 1070 1484 isto
1109 1454 1257 1484 retrusa
1294 1455 1413 1496 atque
1452 1446 1597 1492 abdita,
1623 1457 1664 1478 20

268 1509 482 1548 consistere
528 1511 610 1548 cius
649 1510 826 1548 animum
861 1510 945 1549 sine
985 1512 1113 1549 furore
1151 1520 1270 1561 atque
1308 1511 1480 1549 amentia
1519 1526 1600 1550 non

269 1575 412 1613 sinunt.
473 1577 616 1626 Neque
636 1576 708 1614 iste
730 1576 826 1614 mihi
847 1576 1000 1615 videtur
1021 1590 1062 1615 se
1082 1578 1132 1615 ad
1153 1577 1450 1615 damnationem
1473 1579 1600 1615 solum

268 1641 415 1686 offerre,
439 1654 568 1690 neque
599 1642 675 1679 hoc
704 1641 888 1679 avaritiae
919 1641 1113 1691 supplicio
1143 1642 1361 1683 communi,
1381 1642 1447 1692 qui
1476 1656 1516 1680 se
1544 1650 1600 1680 tot

268 1705 480 1744 sceleribus
501 1706 760 1753 obstrinxerit,
780 1714 991 1745 contentus
1008 1720 1092 1745 esse
1111 1722 1116 1743 :
1147 1707 1382 1756 singularem
1400 1709 1599 1756 quandam

269 1783 437 1820 poenam
468 1771 577 1808 istius
608 1771 791 1809 immanis
820 1780 940 1821 atque
970 1771 1195 1822 importuna
1226 1780 1362 1809 natura
1391 1771 1597 1810 desiderat.
1622 1781 1658 1812 ²5

270 1836 361 1873 Non
391 1835 429 1873 id
457 1837 583 1873 solum
606 1836 804 1886 quaeritur
825 1844 867 1874 ut
895 1836 969 1874 isto
996 1837 1186 1875 damnato
1215 1837 1319 1874 bona
1349 1836 1600 1874 restituantur

269 1899 313 1937 iis
330 1900 473 1949 quibus
489 1908 622 1950 erepta
638 1909 740 1947 sunt,
759 1903 828 1939 sed
850 1909 887 1939 et
909 1901 1114 1951 religiones
1132 1903 1296 1939 deorum
1319 1901 1597 1938 immortalium

268 1965 484 2014 expiandae
519 1974 556 2004 ct
591 1962 734 2004 civium
773 1968 1044 2004 Romanorum
1077 1966 1271 2005 cruciatus
1306 1968 1598 2015 multorumque

229 2029 539 2075 9innoccntium
579 2031 736 2079 sanguis
776 2031 885 2069 istius
924 2031 1118 2082 supplicio
1158 2032 1326 2069 luendus
1364 2039 1432 2069 est.
1504 2032 1597 2069 Non

313 2144 329 2172 7
355 2135 519 2164 mirantur
536 2135 566 2164 Z
696 2145 756 2174 pro
769 2134 801 2174 p¹
820 2136 938 2175 etple1·.
955 2147 961 2165 τ
989 2140 1126 2174 propter
1142 2146 1167 2166 s.
1181 2135 1199 2164 l.
1214 2135 1252 2174 p²
1268 2139 1296 2164 e!
1315 2134 1394 2173 (om.
1413 2136 1542 2173 cetera)
1561 2135 1598 2165 ὑδ

274 2188 308 2214 14
333 2188 407 2207 eum
423 2189 485 2208 om.
504 2184 527 2217 p
678 2188 714 2213 13
741 2179 899 2209 inventus
916 2184 967 2208 est
986 2179 1020 2208 D
1039 2179 1101 2209 rell.
1124 2178 1173 2217 <iii
1193 2182 1208 2215 {s
1228 2179 1283 2215 21)
1303 2190 1309 2208 :
1334 2188 1421 2208 unus
1439 2179 1598 2209 inventus

268 2226 319 2250 cst
336 2221 434 2251 Prisc.
452 2221 522 2252 edd.
641 2232 659 2252 e
676 2221 740 2251 ΒΨ
756 2233 761 2251 :
787 2227 819 2251 et
837 2232 855 2251 c
875 2221 988 2253 Garat.
1007 2222 1076 2253 cdd.
1096 2223 1183 2260 (Act.
1201 2222 1258 2252 Pr.
1282 2225 1296 2259 ξ
1315 2232 1357 2260 39
1373 2233 1379 2252 :
1404 2222 1438 2251 iii
1459 2225 1472 2258 ξ
1497 2223 1572 2261 175)
1590 2234 1596 2252 :

268 2265 297 2294 ei
315 2276 355 2293 vr:
381 2275 421 2294 ex
439 2264 540 2295 Prisc.
567 2266 586 2296 i.
607 2267 680 2303 306.
695 2276 744 2303 24.
760 2272 823 2295 eta
840 2264 937 2296 Prisc.
952 2267 982 2296 ii.
1001 2268 1074 2304 264.
1092 2275 1130 2296 10
1144 2271 1177 2295 (v
1193 2267 1207 2303 ξ
1226 2266 1301 2304 125)
1388 2275 1424 2303 17
1450 2264 1593 2295 liberum

267 2306 334 2347 Zpfi
353 2306 451 2339 Prisc.
470 2308 556 2339 Non.
578 2321 584 2338 :
607 2319 672 2339 om.
705 2308 816 2347 G‚2Ix':
841 2309 916 2340 add.
945 2310 978 2339 1'11
1006 2320 1070 2349 ⁷¹13·
1101 2309 1134 2339 D
1271 2310 1312 2338 26
1336 2317 1403 2338 non
1430 2309 1461 2338 id
1488 2308 1594 2339 solum

267 2352 440 2390 quaeritur
458 2361 479 2381 S.
493 2352 560 2391 l.p‘2
665 2362 703 2390 27
730 2353 781 2382 his
795 2352 837 2391 pb
