1715 2734
214 88 256 125 13
277 93 318 125 34
644 79 701 116 M.
732 78 901 116 TVLLI
933 76 1242 117 CICERONIS

273 191 757 239 ministrandae,—-aversa
790 190 958 241 pecunia
987 190 1146 241 publica
1174 197 1358 241 quaestor
1387 192 1603 238 consulem,

214 268 251 299 35
272 256 496 304 exercitum,
540 265 696 303 sortem,
741 255 1064 305 provinciamque
1108 255 1289 294 deseruit.
1349 255 1480 294 Video
1510 255 1605 305 quid

272 320 443 370 egerim:
475 321 583 371 erigit
613 335 665 367 se,
698 328 825 370 sperat
856 319 929 358 sibi
959 333 1094 358 auram
1124 333 1240 370 posse
1267 319 1440 370 aliquam
1469 319 1605 358 adflari

271 385 310 423 in
341 387 417 424 hoc
447 386 610 424 crimine
631 385 841 423 voluntatis
863 385 1184 435 defensionisque
1205 399 1341 424 eorum
1363 385 1507 434 quibus
1529 385 1601 424 Cn.

272 451 465 489 Carbonis
497 450 638 489 mortui
663 463 809 488 nomen
839 449 933 488 odio
963 449 1022 497 sit,
1059 449 1202 500 quibus
1230 450 1335 488 illam
1360 449 1603 488 relictionem
1625 463 1642 494 5

270 515 615 565 proditionemque
634 515 806 553 consulis
823 515 881 553 sui
901 523 1050 565 gratam
1071 523 1199 564 sperat
1215 516 1306 554 fore.
1368 514 1491 564 Quasi
1514 527 1605 553 vero

271 580 311 619 id
351 580 567 630 cupiditate
606 582 882 619 defendendae
923 580 1137 619 nobilitatis
1168 588 1234 619 aut
1269 580 1401 619 studio
1435 580 1603 631 partium

272 645 413 691 fecerit,
446 660 492 684 ac
530 659 611 684 non
658 645 901 696 apertissime
942 647 1158 693 consulem,
1194 645 1419 692 exercitum,
1452 645 1605 696 provin-

267 710 450 760 ciamque
489 710 708 761 compilarit
751 718 788 749 et
829 718 986 761 propter
1027 710 1412 761 impudentissimum
1457 711 1602 748 furtum

266 775 481 825 aufugerit!
512 783 569 813 est
597 775 701 813 enini
729 776 942 814 obscurum
972 783 1009 813 et
1036 775 1119 814 eius
1150 775 1257 814 modi
1286 776 1432 813 factum
1457 774 1540 813 eius
1561 783 1602 813 ut
1626 792 1665 814 10

266 839 389 889 possit
409 839 548 889 aliquis
569 839 755 890 suspicari
777 840 820 879 C.
840 841 1015 887 Verrem,
1034 841 1142 890 quod
1164 841 1261 879 ferre
1276 853 1400 878 novos
1421 840 1602 879 homines

267 918 346 943 non
368 905 549 954 potuerit,
571 906 622 943 ad
642 905 901 952 nobilitatem,
923 906 1000 943 hoc
1021 913 1078 943 est
1098 906 1149 943 ad
1170 918 1273 952 suos,
1296 905 1489 952 transisse,
1506 905 1602 944 nihil

207 974 246 1013 36
266 969 404 1008 fecisse
444 978 601 1020 propter
640 970 876 1019 pecuniam!
946 970 1164 1009 Videamus
1199 971 1368 1009 rationes
1402 984 1520 1021 quern
1550 973 1601 1010 ad

268 1036 432 1073 modum
469 1034 681 1073 rettulerit:
711 1034 788 1073 iam
821 1035 904 1086 ipse
938 1036 1122 1074 ostendet
1156 1048 1274 1085 quam
1316 1036 1368 1073 ob
1413 1049 1493 1074 rem
1525 1036 1597 1075 Cn.

204 1106 245 1143 14
269 1100 495 1139 Carbonem
516 1100 723 1150 reliquerit,
740 1100 818 1138 iam
848 1114 889 1139 se
909 1100 993 1150 ipse
1020 1100 1221 1139 indicabit.
1283 1101 1457 1138 Primum
1479 1101 1600 1139 brevi·
1623 1116 1659 1147 15

267 1173 387 1204 tatem
402 1165 646 1215 cognoscite:
681 1177 838 1212 ACCEPI,
855 1165 993 1216 inquit,
1004 1178 1171 1204 VICIENS
1186 1177 1380 1203 DVCENTA
1397 1178 1599 1204 TRIGINTA

265 1242 453 1275 QVINQVE
470 1242 590 1268 MILIA
605 1242 961 1275 QVADRINGENTOS
979 1242 1122 1268 DECEM
1146 1242 1197 1268 ET
1218 1242 1378 1268 SEPTEM
1408 1242 1595 1269 NVMMOS.

264 1307 364 1333 DEDI
397 1307 630 1342 STIPENDIO,
656 1307 895 1341 FRVMENTO,
921 1307 1104 1341 LEGATis,
1138 1307 1218 1333 PRo
1247 1307 1501 1342 QQESTORE,
1533 1308 1599 1334 co—

264 1372 395 1399 HORTI
425 1371 689 1398 PRAETORiAE
720 1372 771 1398 Hs
801 1371 931 1397 MILLE
952 1371 1158 1397 SESCENTA
1188 1371 1391 1397 TRIGINTA
1411 1372 1597 1405 QVINQVE

263 1437 383 1463 MILIA
399 1436 754 1470 QVADRiNoENTos
772 1436 912 1462 DECEM
932 1436 982 1461 ET
1003 1436 1163 1462 SEPTEM
1187 1436 1375 1463 NVMMOS.
1427 1437 1595 1469 RELini
1620 1439 1659 1460 20

262 1502 434 1528 ARIMINI
458 1502 509 1528 Hs
531 1501 737 1527 SESCENTA
760 1501 889 1527 MILIA.
953 1491 1044 1527 Hoc
1059 1497 1116 1527 est
1135 1489 1305 1528 rationes
1322 1490 1491 1527 referre?
1520 1491 1596 1527 hoc

262 1557 385 1594 modo
403 1563 470 1593 aut
491 1568 565 1605 ego
584 1563 651 1592 aut
678 1563 730 1601 tu,
751 1554 953 1601 Hortensi,
968 1562 1034 1592 aut
1056 1554 1265 1604 quisquam
1287 1554 1464 1592 omnium
1483 1563 1596 1593 rettu—

262 1621 334 1659 lit?
391 1621 499 1670 Quid
521 1622 597 1659 hoc
618 1623 705 1658 est?
734 1634 835 1670 quae
856 1619 1113 1669 impudentia,
1137 1633 1237 1670 quae
1263 1620 1458 1658 audacia?
1487 1621 1595 1670 quod

262 1687 485 1736 exemplum
507 1700 553 1723 ex
584 1693 641 1723 tot
669 1684 876 1723 hominum
902 1684 1118 1722 rationibus
1149 1684 1278 1722 relatis
1300 1684 1464 1723 huiusce
1486 1685 1593 1723 modi

263 1753 343 1790 est?
389 1753 461 1789 Illa
474 1759 606 1789 tamen
625 1752 695 1788 HS
716 1759 894 1789 sescenta
914 1750 1028 1796 milia,
1047 1764 1148 1801 quae
1162 1764 1211 1789 ne
1233 1752 1330 1788 falso
1346 1750 1508 1800 quidem
1529 1763 1595 1799 po·
1617 1767 1656 1797 ²5

262 1816 335 1854 tuit
355 1816 498 1866 quibus
519 1817 611 1854 data
626 1823 756 1853 essent
777 1815 1011 1862 describere,
1029 1828 1129 1865 quae
1146 1828 1187 1854 se
1204 1814 1370 1852 Arimini
1388 1814 1520 1853 scribit
1541 1828 1595 1853 re-

261 1881 431 1932 liquisse,
447 1895 549 1931 quae
565 1881 648 1931 ipsa
667 1882 736 1918 HS
752 1889 930 1919 sescenta
948 1880 1053 1918 milia
1068 1879 1217 1930 reliqua
1231 1881 1331 1918 facta
1345 1888 1444 1926 sunt,
1466 1893 1594 1930 neque

305 1997 323 2026 3
347 1997 460 2017 auram
478 1987 539 2017 sibi
558 1998 658 2026 posse
677 1987 711 2017 K
830 1986 944 2016 afflare
961 1985 1041 2015 coni.
1061 1983 1195 2022 Zumpt.
1219 1983 1311 2013 Cobet
1435 1994 1453 2021 4
1479 1983 1591 2014 defen-

263 2031 434 2069 sionisque
466 2041 507 2069 qr
535 2031 629 2062 edd:
669 2030 962 2068 dissensionisque
990 2027 1118 2067 prb:
1157 2027 1434 2065 adsensionisque
1466 2027 1506 2058 al.
1534 2027 1592 2056 Au

263 2074 564 2113 consensionisque
579 2077 588 2105 2
703 2084 721 2113 5
747 2073 965 2104 reiectionem
983 2071 1072 2102 codd.
1090 2075 1118 2101 et
1133 2070 1200 2101 edd.
1219 2076 1294 2100 ante
1312 2070 1521 2110 Naugerium
1540 2071 1591 2110 (cf.

265 2121 279 2154 ,δ
299 2119 353 2153 22)
451 2120 489 2148 16
513 2119 649 2157 triginta
668 2128 732 2148 om.
755 2117 789 2147 D
805 2117 907 2156 al.pr
1042 2125 1078 2153 17
1103 2115 1219 2144 decem
1238 2124 1298 2144 sex
1317 2113 1403 2153 pr
1489 2115 1593 2144 18-20

262 2161 338 2191 dedi
357 2162 527 2201 stipendio
547 2186 552 2192 .
575 2185 582 2193 .
602 2187 607 2192 .
626 2171 781 2192 nummos
799 2171 864 2190 om.
889 2159 928 2197 G¹
1068 2159 1105 2188 18
1130 2168 1190 2197 pro
1207 2163 1387 2197 quaestore
1405 2157 1479 2187 Asc.
1500 2169 1506 2187 ε
1531 2168 1592 2197 pro

262 2205 497 2244 quaestoribus
514 2205 569 2246 Dp
588 2206 652 2236 rell.
757 2214 794 2242 19
819 2203 930 2233 milles
945 2203 1129 2241 quingenta
1147 2201 1369 2240 quadraginta
1386 2202 1534 2240 quinque
1552 2202 1592 2231 πὸ

263 2258 304 2278 22
326 2249 489 2288 quispiam
511 2248 589 2288 Gal<
711 2259 750 2286 24
776 2247 890 2277 relatis
902 2251 946 2286 pr
959 2245 1028 2276 edd.
1048 2257 1054 2275 :
1079 2245 1218 2275 redditis
1235 2243 1382 2283 DQKZ
1491 2244 1590 2274 huius

264 2292 428 2332 modipbb
448 2292 621 2329 (Zielinski
630 2298 663 2333 p.
687 2294 762 2331 193)
864 2299 905 2328 25
930 2299 1038 2329 neque
1054 2288 1138 2319 falso
1158 2287 1242 2318 ΒΨπ
1330 2288 1374 2317 26
1398 2288 1590 2318 describere

262 2335 318 2376 Dp
335 2335 398 2366 rell.
421 2348 426 2365 :
452 2336 549 2366 discr.
573 2335 700 2375 Kays:
725 2333 933 2374 perscr.·cod.
955 2334 996 2372 (ἓ)
1019 2332 1090 2363 Vrs.
