1715 2734
397 95 457 132 IN
489 94 537 142 Q.
571 93 888 132 CAECILIVM
920 94 1139 133 ORATIO
1384 103 1427 142 17
1447 101 1489 142 56

99 204 322 251 adiudicat3
349 203 495 243 deinde
516 204 621 242 bona
641 204 786 251 vendit,
809 204 1018 254 pecuniam
1040 204 1189 255 redigit.
1251 207 1312 243 Ita
1332 206 1428 243 dum

99 283 225 320 pauca
244 269 439 319 mancipia
455 269 620 308 Veneris
641 269 802 308 nomine
820 270 968 320 Agonis
989 283 1035 308 ac
1055 269 1242 320 religione
1263 269 1430 308 retinere

99 336 190 381 vult,
214 336 387 372 fortunas
418 334 546 373 omnis
576 335 877 385 libertatemque
904 349 1015 373 suam
1043 335 1153 373 istius
1181 335 1321 373 iniuria
1348 349 1430 385 per-

98 398 208 437 didit.
280 398 510 448 Lilybaeum
550 401 691 437 Verres
730 399 836 437 venit
880 407 1043 449 postea,-
1089 413 1170 438 rem
1211 400 1426 449 cognoscit,

61 477 76 506 5
98 464 243 501 factum
274 462 480 513 improbat,
511 463 613 513 cogit
639 471 887 513 quaestorem
918 477 1033 502 suum
1063 463 1284 514 pecuniam,
1308 477 1427 514 quam

39 803 78 824 10

39 1128 75 1158 15

37 1456 76 1479 20

36 1787 72 1818 25

98 542 144 566 ex
182 527 374 577 Agonidis
415 528 529 566 bonis
568 529 791 579 redegisset,
833 542 921 567 eam
961 529 1113 567 mulieri
1157 543 1317 568 omnem
1362 530 1429 567 ad—

98 607 302 631 numerare
341 601 379 631 et
418 595 591 632 reddere.
667 597 737 633 Est
778 596 920 641 adhuc,
963 594 1003 633 id
1041 596 1151 644 quod
1190 608 1259 632 vos
1298 594 1427 633 omnis
1448 604 1488 639 57

97 658 279 696 admirari
308 658 434 705 video,
467 673 547 697 non
577 661 728 706 Verres,
763 662 832 699 sed
864 662 912 709 Q.
946 660 1117 698 Mucius.
1177 661 1287 710 Quid
1322 661 1427 699 enim

98 724 224 761 facere
273 723 401 773 potuit
453 724 669 773 elegantius
720 726 771 763 ad
824 724 1032 763 hominum
1082 724 1425 773 existimationem,

97 788 261 838 aequius
281 790 331 826 ad
357 790 564 827 levandam
591 789 762 828 mulieris
783 790 1059 837 calamitatem,
1082 790 1356 829 vehementius
1376 792 1427 829 ad

97 853 314 903 quaestoris
353 853 557 892 libidinem
597 856 891 894 coercendam?
956 857 1118 894 Summe
1158 857 1255 894 haec
1293 854 1428 894 omnia

97 918 192 956 mihi
224 919 407 957 videntur
437 933 522 957 esse
556 921 765 958 laudanda.
825 921 903 958 Sed
938 928 1099 970 repente
1133 935 1154 959 e
1185 920 1350 971 vestigio
1381 935 1428 960 ex

97 984 258 1022 homine
286 992 487 1034 tamquam
514 984 647 1034 aliquo
669 985 833 1024 Circaeo
860 988 1005 1035 poculo
1033 987 1158 1024 factus
1183 994 1241 1024 est
1261 988 1427 1034 Verres,

97 1049 210 1088 rediit
241 1051 291 1088 ad
324 1063 365 1088 se
396 1057 515 1100 atque
548 1051 599 1088 ad
634 1064 762 1088 mores
796 1064 913 1097 suos3
956 1065 1047 1089 nam
1080 1066 1126 1090 ex
1161 1051 1225 1089 illa
1259 1052 1427 1102 pecunia

98 1128 279 1164 magnam
316 1123 465 1164 partem
494 1117 545 1153 ad
576 1129 616 1153 se
646 1115 769 1162 vertit,
802 1115 954 1154 mulieri
989 1116 1160 1155 reddidit
1189 1119 1424 1166 quantulum

95 1180 221 1218 visum
252 1188 320 1218 est.
382 1181 462 1219 Hic
492 1188 533 1219 tu
563 1181 595 1219 si
625 1182 772 1219 laesum
803 1189 840 1220 te
869 1196 892 1220 a
913 1184 1034 1220 Verre
1061 1196 1146 1220 esse
1170 1183 1279 1230 dicis,
1302 1183 1426 1233 patiar
1446 1170 1461 1196 1

94 1253 132 1284 et
162 1247 406 1293 concedam3
445 1246 475 1284 si
510 1246 689 1285 iniuriam
722 1246 792 1286 tibi
822 1249 965 1286 factam
995 1247 1178 1297 quereris,
1211 1249 1424 1287 defendam

94 1319 132 1349 et
152 1312 332 1361 negabo,-
361 1311 533 1361 denique
561 1313 610 1350 de
637 1312 777 1351 iniuria
797 1326 898 1362 quae
926 1312 995 1351 tibi
1023 1314 1125 1351 facta
1151 1313 1199 1351 sit
1224 1313 1424 1353 neminem

95 1384 271 1415 nostrum
304 1376 518 1426 graviorem
554 1377 726 1416 iudicem
757 1391 842 1416 esse
872 1385 1026 1427 oportet
1057 1391 1175 1428 quam
1210 1386 1248 1417 te
1282 1379 1423 1429 ipsum,

95 1442 157 1480 cui
178 1444 280 1480 facta
300 1442 453 1481 dicitur.
514 1442 553 1481 Si
581 1450 621 1480 tu
651 1457 741 1481 cum
770 1443 836 1482 illo
864 1451 1000 1493 postea
1028 1443 1066 1481 in
1093 1444 1255 1493 gratiam
1278 1444 1422 1490 redisti,

94 1508 125 1545 si
164 1508 272 1547 domi
312 1508 414 1546 illius
451 1508 687 1558 aliquotiens
727 1509 842 1556 fuisti,
885 1509 914 1547 si
960 1509 1024 1548 ille
1066 1511 1173 1560 apud
1212 1517 1250 1548 te
1288 1517 1425 1560 postea

94 1574 259 1620 cenavit,
283 1582 412 1612 utrum
441 1582 478 1613 te
505 1574 760 1624 perfidiosum
789 1589 838 1613 an
868 1576 1191 1625 prevaricatorem
1214 1575 1423 1614 existimari

94 1639 246 1677 mavis?
293 1638 423 1677 Video
453 1653 537 1678 esse
568 1653 729 1678 necesse
758 1641 994 1686 alterutrum,
1019 1641 1089 1679 sed
1119 1654 1191 1690 ego
1222 1648 1352 1679 tecum
1383 1641 1422 1678 in

93 1718 141 1743 eo
163 1718 242 1742 non
263 1706 449 1755 pugnabo
470 1719 549 1755 quo
571 1705 700 1743 minus
722 1713 851 1744 utrum
873 1706 967 1744 velis
989 1706 1119 1756 eligas.

148 1769 304 1818 Quodsi
334 1784 383 1808 ne
417 1770 580 1809 iniuriae
610 1770 784 1820 quidem,
816 1785 916 1820 quae
946 1770 1017 1809 tibi
1046 1771 1096 1809 ab
1127 1770 1193 1809 illo
1225 1772 1327 1809 facta
1360 1771 1418 1817 sit,
1442 1789 1482 1820 59

93 1848 210 1872 causa
244 1842 430 1881 remanet,
465 1834 561 1885 quid
592 1835 714 1873 habes
749 1837 857 1885 quod
892 1835 1017 1885 possis
1051 1835 1181 1874 dicere
1216 1850 1334 1885 quam
1369 1837 1421 1874 ob

93 1913 172 1937 rem
204 1913 285 1937 non
316 1900 436 1938 modo
467 1899 574 1946 mihi,
601 1901 671 1938 sed
701 1899 885 1950 cuiquam
915 1903 1186 1951 anteponare?
1220 1900 1293 1938 nisi
1323 1902 1421 1939 forte

140 2014 152 2032 1
181 2004 230 2033 Ita
247 2003 302 2043 Dp
313 2007 340 2034 ct
351 2004 432 2044 pler.
450 2015 457 2034 :
483 2004 546 2034 ista
564 2003 634 2042 G2L
651 2016 656 2034 :
682 2004 739 2034 illa
753 2005 795 2035 al.
815 2016 821 2034 :
847 2005 892 2034 ita
907 2004 961 2034 illa
972 2004 1130 2045 Pluygers
1220 2015 1238 2034 2
1258 2004 1419 2045 [Agonis]

93 2046 196 2086 Kays.
216 2047 335 2087 Pluyg.
358 2059 364 2077 :
388 2047 556 2087 Agonidis
573 2047 636 2077 ΒΨ
767 2059 788 2087 9
811 2049 851 2078 ad
868 2047 1137 2089 (colligendam)
1155 2049 1241 2079 hom.
1263 2050 1360 2079 exist.
1379 2048 1416 2080 E.

92 2090 266 2129 Eberhard,
286 2091 404 2131 Pluyg.
423 2103 429 2122 ε
455 2091 572 2120 malim
589 2091 630 2121 ad
648 2091 735 2121 hom.
750 2092 849 2122 exist.
871 2092 1158 2133 (conciliandam)
1306 2103 1343 2122 12
1369 2104 1419 2124 re-

93 2140 194 2171 pente
222 2145 289 2164 non
315 2133 411 2164 habet
433 2134 646 2165 Priscianus:
669 2135 736 2166 secl.
761 2135 864 2174 Kays.
895 2135 1012 2175 Pluyg.
1134 2147 1152 2165 e
1178 2136 1323 2175 vestigio
1349 2148 1415 2167 om.

93 2176 310 2217 Rufinianus,
330 2179 397 2209 secl.
420 2178 540 2209 Halm.
672 2188 709 2217 13
735 2179 876 2210 Circaeo
897 2180 956 2209 vrb:
984 2179 1081 2209 Circe
1098 2179 1185 2210 DZ:
1210 2180 1339 2211 Cerceo
1359 2181 1397 2220 G,
1415 2192 1422 2211 ;

94 2220 210 2251 Circes
229 2220 340 2260 G2LK
355 2221 432 2252 Asc.
564 2232 601 2260 14
626 2223 727 2252 rediit
747 2222 787 2261 G1
803 2223 904 2253 Prisc.
923 2234 930 2253 ε
955 2224 1043 2253 redit
1061 2223 1124 2254 rell.
1258 2234 1293 2263 15
1319 2226 1421 2254 vertit

93 2264 193 2302 codaz,
213 2265 338 2294 averrit
363 2264 494 2297 Lamb..
515 2266 620 2296 verrit
647 2265 774 2302 Gruter,
788 2268 911 2297 avertit
934 2266 1062 2306 Zumpt
1078 2267 1114 2306 (ii
1135 2270 1149 2304 ξ
1171 2277 1229 2306 19:
1256 2267 1287 2297 iii
1308 2272 1322 2305 ξ
1346 2270 1420 2307 137)

96 2308 136 2335 16
159 2308 242 2338 dicis
264 2308 368 2347 pG,K
391 2309 466 2340 Asc.
488 2320 495 2339 ε
519 2310 611 2339 dices
636 2309 671 2338 D
696 2313 726 2339 et
746 2309 825 2349 pler.
949 2312 987 2340 18
1013 2310 1134 2341 deinde
1163 2310 1253 2349 GL&
1379 2321 1420 2350 25

94 2348 223 2386 Quodsi
241 2351 304 2381 ΒΨ
322 2356 350 2382 et
364 2362 443 2383 corr.
458 2357 484 2392 p
501 2364 508 2383 :
532 2353 610 2391 quid
625 2353 634 2383 3
659 2354 687 2383 si
706 2353 770 2383 rell.

1293 2407 1333 2439 2*
