1715 2734
201 109 249 148 34

213 215 252 250 75

209 998 248 1039 76

192 2005 245 2044 35

205 2055 242 2090 77

276 113 317 147 74
644 102 700 138 M.
732 101 901 138 TVLLI
934 100 1240 139 CICERONIS

271 207 464 247 retinebat
484 223 629 256 arcum,
652 210 788 248 dextra
808 209 1012 247 ardentem
1033 210 1158 246 facem
1179 208 1432 259 praeferebat.
1484 211 1605 248 Hanc

272 287 362 311 cum
384 273 456 312 iste
477 287 675 312 sacrorum
698 272 877 312 omniurn
907 280 945 311 et
970 272 1202 322 religionum
1230 272 1353 311 hostis
1374 274 1602 324 praedoque

271 337 443 386 vidisset,
478 339 590 388 quasi
623 338 688 377 illa
726 338 811 387 ipsa
845 339 929 376 face
970 351 1178 388 percussus
1212 345 1326 385 esset,
1360 337 1413 376 ita
1444 340 1604 388 flagrare

272 403 487 453 cupiditate
516 411 635 453 atque
664 402 837 441 amentia
867 402 997 452 coepit
1013 417 1022 450 3
1051 402 1215 451 imperat
1245 402 1534 452 magistratibus
1562 409 1604 441 ut

271 482 358 507 eam
388 468 654 507 demoliantur
688 475 727 506 et
757 467 831 506 sibi
862 468 983 515 dent3
1013 466 1110 504 nihil
1146 466 1218 505 sibi
1251 466 1398 516 gratius
1429 466 1604 505 ostendit

270 535 456 572 futurum.
517 533 579 571 Illi
609 547 702 572 vero
731 534 862 572 dicere
893 532 966 571 sibi
997 532 1037 570 id
1067 533 1176 570 nefas
1205 546 1301 580 esse,
1325 546 1490 583 seseque
1511 546 1603 571 cum

270 612 425 637 summa
456 598 643 647 religione
677 606 761 637 tum
793 611 951 636 summo
984 604 1091 636 metu
1127 599 1257 648 legum
1289 605 1328 637 et
1367 597 1603 636 iudiciorum

270 663 404 702 teneri.
465 665 545 702 Iste
565 670 649 701 tum
670 671 802 713 petere
822 664 873 702 ab
894 663 979 710 illis,
1002 670 1086 701 tum
1101 663 1251 710 minari,
1272 671 1357 702 tum
1379 677 1501 713 spem,
1520 671 1603 701 turn

269 737 418 767 metum
467 730 688 768 ostendere.
775 729 1046 779 Opponebant
1099 728 1152 766 illi
1204 742 1350 766 nomen
1405 728 1603 767 interdum

270 796 311 832 P.
347 794 551 842 Africani3
579 794 715 845 populi
740 794 913 833 Romani
948 794 1045 832 illud
1077 807 1162 832 esse
1187 794 1402 842 dicebant3
1431 794 1527 832 nihil
1561 808 1603 833 se

268 859 307 897 in
338 874 386 898 eo
430 859 634 910 potestatis
666 861 811 898 habere
847 861 956 910 quod
996 859 1206 909 imperator
1238 859 1474 897 clarissimus
1506 860 1603 898 urbe

268 924 441 963 hostium
473 932 588 975 capta
613 933 917 964 monumentum
938 924 1124 963 victoriae
1148 924 1284 975 populi
1314 926 1486 963 Romani
1516 939 1603 965 esse

268 989 467 1028 voluisset.
527 991 631 1029 Cum
664 989 736 1028 iste
775 989 899 1028 nihilo
940 988 1139 1027 remissius
1175 997 1293 1039 atque
1326 989 1444 1027 etiam
1477 991 1602 1028 multo

267 1054 540 1093 vehementius
574 1054 735 1093 instaret
770 1054 927 1101 cotidie,
965 1067 1025 1092 res
1056 1053 1182 1103 agitur
1216 1053 1255 1091 in
1287 1061 1450 1092 senatu:
1489 1055 1602 1093 vehe-

268 1126 419 1158 menter
456 1120 507 1157 ab
539 1119 725 1157 omnibus
764 1121 1009 1158 reclamatur.
1070 1119 1211 1168 Itaque
1245 1117 1312 1156 illo
1346 1125 1523 1168 tempore
1555 1132 1601 1157 ae

267 1184 395 1235 primo
426 1184 537 1223 istius
575 1186 748 1223 adventu
783 1192 1028 1235 pernegatur.
1090 1186 1248 1232 Postea,
1286 1183 1482 1234 quidquid
1519 1191 1602 1222 erat

267 1250 396 1288 oneris
427 1251 466 1288 in
496 1250 626 1288 nautis
661 1250 955 1301 remigibusque
989 1249 1202 1300 exigendis,
1235 1249 1276 1288 in
1305 1251 1504 1288 frumento
1533 1249 1601 1288 im-

266 1317 454 1365 perando,
490 1315 713 1366 Segestanis
753 1324 905 1367 praeter
936 1323 1087 1355 ceteros
1123 1315 1370 1365 imponebat,
1397 1315 1601 1366 aliquanto

265 1380 433 1431 amplius
463 1395 582 1431 quarn
610 1383 707 1420 ferre
736 1389 910 1432 possent.
970 1383 1177 1419 Praeterea
1196 1379 1443 1431 magistratus
1464 1394 1600 1419 eorum

266 1446 466 1492 evocabat,
491 1446 685 1497 optimum
717 1460 918 1496 quemque
948 1455 985 1485 et
1016 1445 1307 1485 nobilissimum
1336 1446 1388 1484 ad
1419 1458 1461 1483 se
1477 1458 1601 1483 arces-

265 1511 387 1558 sebat,
425 1510 571 1548 circum
604 1510 738 1549 omnia
772 1511 997 1561 provinciae
1030 1513 1113 1549 fora
1152 1510 1338 1561 rapiebat,
1376 1509 1600 1559 singillatim

265 1574 332 1612 uni
372 1575 515 1624 cuique
554 1575 765 1613 calamitati
805 1577 887 1615 fore
926 1590 967 1614 se
1007 1576 1278 1622 denuntiabat,
1329 1575 1518 1614 universis
1557 1589 1599 1614 se

264 1640 441 1679 funditus
463 1654 687 1678 eversurum
710 1655 794 1680 esse
816 1641 920 1679 illam
944 1642 1141 1681 civitatem
1164 1642 1397 1680 minabatur.
1458 1643 1599 1691 Itaque

263 1704 479 1755 aliquando
500 1705 632 1743 multis
654 1707 766 1744 malis
790 1720 1013 1757 magnoque
1037 1715 1143 1745 metu
1161 1707 1251 1745 victi
1271 1707 1470 1757 Segestani
1491 1720 1597 1756 prae-

265 1770 357 1808 toris
397 1771 564 1820 imperio
603 1773 821 1821 parendum
862 1787 948 1811 esse
987 1775 1256 1812 decreverunt.
1317 1774 1466 1822 Magno
1504 1786 1595 1810 cum

263 1837 371 1874 luctu
410 1845 448 1875 et
486 1837 634 1887 gemitu
676 1838 794 1876 totius
834 1838 1012 1886 civitatis,
1055 1838 1187 1877 multis
1225 1852 1316 1876 cum
1356 1837 1523 1876 lacrimis
1557 1844 1596 1876 et

264 1901 612 1940 lamentationibus
634 1902 803 1941 virorum
834 1903 1122 1953 mulierumque
1142 1902 1321 1941 omnium
1343 1902 1595 1941 simulacrum

264 1965 418 2004 Dianae
439 1968 658 2006 tollendum
681 1970 842 2007 locatur.

318 2032 461 2071 Videte
482 2041 628 2083 quanta
649 2034 782 2084 religio
804 2035 916 2074 suerit
937 2037 1044 2086 apud
1072 2037 1317 2085 Segestanos.
1379 2036 1594 2085 Repertum

305 2147 325 2176 3
350 2136 422 2176 ipsa
451 2136 506 2167 illa
534 2138 550 2166 δ
683 2139 702 2168 8
727 2143 793 2169 tum
821 2144 936 2178 petere
965 2151 1008 2171 π;
1033 2150 1106 2170 cum
1138 2144 1254 2178 petere
1279 2138 1342 2170 RS
1430 2139 1470 2170 ab
1489 2139 1537 2170 cis
1552 2137 1589 2170 S.

262 2180 351 2210 Fort.
372 2190 447 2210 cum
466 2186 581 2220 petere
598 2181 639 2212 ab
657 2182 722 2212 illis
739 2188 807 2213 tum
827 2183 954 2221 minari,
973 2194 1046 2214 cum
1063 2194 1158 2223 spem
1177 2188 1244 2213 tum
1265 2184 1410 2214 metum?
1553 2193 1594 2213 20

261 2257 456 2288 arcessebat
473 2271 493 2288 π
509 2272 514 2290 :
540 2259 734 2290 accersebat
753 2259 842 2290 RH&
858 2273 862 2291 :
889 2235 1073 2291 aicersibat
1089 2260 1135 2291 S:
1161 2259 1347 2290 accersibat
1364 2259 1429 2290 ΒΨ
1552 2269 1592 2298 23

262 2311 337 2331 esse
366 2301 485 2334 RSH:
513 2303 596 2333 male
621 2303 688 2333 secl.
719 2302 842 2342 Muell.,
874 2303 911 2342 G1
938 2308 1086 2336 secutus:
1110 2303 1198 2334 illam
1229 2313 1424 2334 eversurum
1454 2313 1529 2333 esse
1550 2304 1592 2342 ᾑδ

262 2354 303 2382 25
330 2355 405 2375 esse
421 2347 605 2384 parendum
626 2347 847 2377 decreverunt
868 2346 1023 2378 Zielinski
1153 2357 1194 2386 29
1217 2346 1327 2377 fuerit.
1363 2345 1462 2386 Apud
1479 2345 1590 2378 Mucll.

261 2388 331 2418 edd.
353 2400 420 2420 νεα.
440 2401 446 2421 2
472 2401 500 2420 v.
521 2389 682 2429 Zielinski,
698 2395 731 2430 p.
755 2401 813 2431 197

1625 811 1663 832 10

1624 1135 1660 1167 15

1622 1461 1662 1482 20
