1715 2734
138 80 405 117 ACTIONIS
437 80 497 117 IN
528 79 572 117 C.
595 80 836 116 VERREM
867 79 1164 116 SECVNDAE
1196 80 1298 116 LIB.
1324 80 1365 116 II
1412 87 1461 126 77
1486 86 1544 116 188

138 208 202 232 me
229 195 381 232 tabulas
416 193 656 243 perspexisse
687 193 882 231 sociorum
898 207 909 240 3
940 192 980 230 in
1011 191 1070 229 his
1100 192 1242 230 tabulis
1277 206 1461 242 magnam

136 258 327 296 rationem
358 260 402 297 C.
427 258 591 296 Verruci
616 258 817 307 permultis
845 257 1072 295 nominibus
1098 271 1193 303 esse,
1218 270 1360 307 meque
1384 259 1462 295 hoc

136 323 355 372 perspicere
371 337 417 360 ex
429 324 636 360 consulum
647 335 933 371 mensuumque
948 321 1106 367 ratione,
1116 322 1222 359 hunc
1230 322 1461 360 Verrucium

136 400 266 436 neque
298 395 390 425 ante
422 388 636 424 adventum
668 388 711 425 C.
744 386 874 424 Verris
905 399 1034 435 neque
1068 393 1157 434 post
1191 386 1461 424 decessionem

99 452 348 502 5quicquam
380 465 471 489 cum
511 450 739 500 Carpinatio
771 450 931 488 rationis
971 449 1181 497 habuisse3
1225 452 1381 500 postulo
1420 457 1462 487 ut

137 517 232 554 mihi
253 517 489 566 respondeat
509 515 576 565 qui
597 515 645 553 sit
666 515 697 553 is
719 515 941 561 Verrucius,
963 522 1154 553 mercator
1174 528 1224 552 an
1245 515 1463 565 negotiator

135 595 185 619 an
219 588 346 618 arator
378 594 428 618 an
463 580 678 630 pecuarius,
717 580 755 617 in
795 580 926 617 Sicilia
964 579 1012 617 sit
1043 593 1093 617 an
1126 579 1203 617 iam
1237 580 1460 618 decesserit.

136 647 316 684 Clamare
345 658 484 683 omnes
509 659 555 683 ex
584 652 781 683 conventu
812 644 1011 682 neminem
1045 657 1233 693 umquam
1264 644 1302 681 in
1333 644 1463 682 Sicilia

136 710 254 748 fuisse
285 710 528 747 Verrucium.
589 711 675 759 Ego
710 709 853 747 instare
886 717 928 746 ut
963 708 1058 746 mihi
1090 710 1344 759 responderet
1375 709 1463 758 quis

79 789 116 810 10
135 783 250 821 esset,
289 775 355 812 ubi
399 782 514 821 esset,
553 775 659 812 unde
702 782 828 818 esset;
875 787 944 811 cur
982 787 1113 811 servus
1157 774 1353 812 societatis
1395 774 1463 823 qui

136 840 287 876 tabulas
317 840 528 877 conficeret
555 852 709 887 semper
738 838 778 875 in
800 838 961 876 Verruci
982 838 1143 876 nomine
1173 846 1279 876 certo
1300 852 1346 876 ex
1374 840 1463 876 loco

135 905 350 942 mendosus
381 911 492 942 esset.
552 906 685 952 Atque
714 904 811 941 haec
841 903 1101 953 postulabam,
1133 916 1213 940 non
1243 917 1323 953 quo
1352 904 1461 941 illum
1486 912 1546 951 189

134 968 220 1017 cogi
252 977 429 1018 putarem
459 977 639 1019 oportere
670 975 712 1006 ut
741 970 792 1007 ad
822 982 867 1007 ea
898 968 992 1005 mihi
1022 969 1276 1018 responderet
1305 969 1460 1016 invitus,

133 1034 203 1070 sed
250 1041 293 1070 ut
336 1033 520 1071 omnibus
563 1033 673 1071 istius
721 1034 832 1079 furta,
872 1032 974 1070 illius
1016 1032 1214 1082 flagitium,
1260 1034 1463 1084 utriusque

78 1113 112 1143 15
133 1098 297 1135 audacia
327 1098 532 1148 perspicua
559 1111 643 1136 esse
673 1105 817 1148 posset.
879 1099 1020 1146 Itaque
1047 1097 1156 1135 illum
1186 1098 1226 1135 in
1253 1098 1334 1137 iure
1355 1108 1462 1137 metu

132 1163 454 1212 conscientiaque
488 1163 640 1213 peccati
682 1170 834 1201 mutum
872 1170 991 1212 atque
1023 1163 1290 1201 exanimatum
1324 1178 1370 1202 ac
1401 1165 1463 1202 vix

132 1228 263 1265 vivum
286 1228 474 1278 relinquo,
498 1229 650 1266 tabulas
672 1228 711 1266 in
733 1230 817 1266 foro
838 1241 992 1265 summa
1013 1228 1222 1266 hominum
1244 1230 1462 1279 frequentia

132 1292 333 1341 exscribo;
353 1293 591 1331 adhibentur
612 1293 650 1330 in
672 1293 882 1331 scribendo
903 1306 949 1330 ex
969 1300 1166 1331 conventu
1186 1293 1255 1331 viri
1276 1294 1457 1344 primarii,

131 1358 282 1396 litterae
297 1358 513 1407 lituraeque
534 1371 672 1396 omnes
693 1357 951 1395 adsimulatae
972 1364 1010 1395 et
1027 1371 1230 1407 expressae
1251 1360 1301 1397 de
1317 1360 1460 1397 tabulis

74 1439 113 1461 20
131 1422 170 1459 in
200 1422 320 1461 libros
350 1424 642 1461 transferuntur.
704 1425 818 1461 Haec
848 1422 982 1460 omnia
1011 1436 1165 1461 summa
1193 1437 1285 1461 cura
1312 1432 1349 1462 et
1378 1425 1460 1462 dili-
1484 1438 1544 1470 190

129 1487 260 1536 gentia
290 1488 488 1537 recognita
518 1496 556 1526 et
585 1489 726 1526 collata
756 1495 793 1526 et
827 1488 878 1526 ab
909 1487 1137 1526 hominibus
1172 1489 1458 1528 honestissimis

129 1552 334 1601 obsignata
355 1561 456 1591 sunt.
506 1552 545 1591 Si
567 1552 816 1601 Carpinatius
838 1552 933 1590 mihi
955 1560 1037 1590 tum
1060 1550 1298 1602 respOndere
1320 1555 1456 1601 noluit,

129 1619 323 1667 responde
344 1625 384 1655 tu
408 1617 503 1654 mihi
524 1631 640 1665 nunc,
659 1620 810 1663 Verres,
833 1631 951 1667 quern
973 1631 1057 1656 esse
1079 1619 1184 1656 hunc
1206 1626 1315 1656 tuum
1333 1632 1458 1668 paene

128 1682 313 1731 gentilem
334 1682 565 1720 Verrucium
587 1690 712 1731 putes.
759 1682 859 1720 Fieri
880 1695 960 1719 non
981 1690 1110 1731 potest
1130 1690 1183 1729 ut,
1207 1696 1324 1732 quem
1341 1684 1458 1722 video

71 1763 109 1794 25
129 1753 166 1783 te
188 1754 363 1795 praetore
384 1746 423 1784 in
447 1746 576 1784 Sicilia
597 1746 714 1784 fuisse
735 1753 773 1784 et
794 1759 910 1796 quem
933 1760 979 1784 ex
1000 1747 1083 1796 ipsa
1104 1747 1253 1784 ratione
1274 1747 1458 1798 intellego

128 1812 365 1860 locupletem
394 1811 522 1857 fuisse,
546 1825 636 1849 eum
661 1819 703 1849 tu
728 1811 767 1848 in
789 1818 855 1849 tua
884 1811 1084 1861 provincia
1104 1825 1185 1849 non
1213 1813 1453 1861 cognoveris.

128 1877 261 1925 Atque
287 1877 398 1921 adeo,
431 1889 480 1914 ne
508 1877 584 1913 hoc
610 1883 677 1913 aut
703 1875 856 1924 longius
883 1883 949 1913 aut
974 1876 1178 1914 obscurius
1208 1889 1293 1914 esse
1319 1878 1453 1927 possit,

172 1989 191 2018 3
217 1989 438 2019 mensumque
457 1991 472 2010 c
488 1981 521 2019 (ξ
544 1981 603 2018 184
621 1980 737 2020 supra)
888 1982 909 2010 6
934 1980 961 2009 is
980 1980 1030 2010 Or·-
1046 1991 1052 2010 :
1078 1980 1140 2010 iste
1158 1979 1227 2011 edd.
1337 1991 1378 2011 an
1398 1992 1454 2012 ne-

129 2024 276 2061 gotiator
294 2023 364 2053 cO:
390 2034 454 2055 om.
475 2024 543 2055 rell.
702 2035 718 2062 7
745 2024 776 2054 in
798 2023 863 2054 Sic.
891 2022 974 2053 VcO¹
995 2035 1001 2053 ε
1026 2034 1068 2053 ex
1088 2024 1192 2063 Sic.p
1209 2023 1275 2054 rell.
1434 2036 1456 2064 9

130 2067 205 2104 quis
224 2068 294 2106 (qui
315 2066 358 2101 O)
378 2072 469 2097 esset
488 2067 542 2096 ubi
560 2072 651 2097 esset
673 2066 768 2098 VcO:
794 2067 851 2097 ubi
871 2072 961 2097 esset
979 2067 1052 2106 quis
1066 2072 1193 2106 essetp
1211 2067 1277 2098 rell.
1416 2079 1451 2098 11

130 2109 310 2140 conficeret
330 2110 369 2139 Οι
389 2121 395 2140 :
420 2110 601 2141 confecerit
614 2117 638 2150 j>
658 2110 723 2141 rell.
849 2120 985 2150 semper
1001 2120 1065 2140 om.
1090 2110 1121 2139 V
1280 2120 1318 2139 12
1340 2111 1405 2141 hoc
1425 2112 1455 2142 O

132 2156 162 2189 Q
186 2154 243 2191 187
261 2153 377 2193 snpra)
518 2164 556 2193 13
582 2155 622 2183 ad
641 2164 679 2184 ea
701 2153 751 2183 V:
777 2164 816 2184 ea
836 2153 901 2185 rell.
1043 2154 1081 2183 18
1105 2152 1284 2184 scribendo
1305 2153 1450 2186 VArus.

130 2193 228 2226 Mess.
248 2207 254 2225 t
278 2196 497 2227 exscribendo
511 2203 535 2236 p
554 2197 619 2228 rell.
723 2207 765 2226 ex
791 2197 828 2226 V:
854 2201 888 2227 et
908 2197 958 2228 O:
985 2197 1027 2227 de
1040 2203 1064 2236 p
1081 2197 1169 2236 vulg.
1192 2197 1229 2234 (ii
1250 2200 1264 2233 ξ
1283 2208 1321 2235 24
1340 2209 1346 2227 z
1369 2199 1449 2228 Am.

125 2237 160 2274 J.
179 2237 241 2270 Plz.
260 2240 351 2278 xxvi,
365 2244 400 2279 p.
419 2240 499 2279 420)
594 2251 632 2278 19
657 2245 689 2269 et
710 2239 762 2270 V:
788 2251 853 2271 om.
869 2246 893 2280 j>
914 2240 979 2271 rell.
1079 2250 1120 2278 23
1143 2246 1177 2269 tu
1197 2240 1275 2270 mihi
1294 2251 1382 2271 nunc
1402 2241 1451 2272 O:

128 2284 163 2310 tu
181 2291 246 2312 om.
270 2282 317 2313 V:
341 2283 421 2312 mihi
439 2293 527 2313 nunc
547 2288 581 2313 tu
593 2282 639 2322 pb
655 2282 701 2314 ed.
720 2283 819 2314 Rom.
839 2295 845 2314 :
872 2294 960 2313 nunc
978 2289 1012 2313 tu
1031 2283 1111 2313 mihi
1130 2295 1148 2313 r
1263 2285 1304 2313 26
1328 2294 1449 2322 cogno-
1480 2309 1486 2314 .

127 2325 219 2355 veris
238 2325 278 2355 0¹
298 2336 303 2354 :
328 2326 483 2363 cognoris
503 2326 550 2364 Vp
567 2326 634 2357 rell.
770 2336 810 2364 27
837 2337 880 2356 ne
898 2327 960 2356 hoc
976 2332 1032 2357 aut
1054 2326 1149 2364 VcOp
1164 2338 1170 2356 :
1191 2327 1253 2357 hoc
1271 2337 1314 2357 ne
1331 2327 1348 2356 b
1366 2328 1432 2360 rell.
