1715 2734
195 65 461 105 ACTIONIS
492 64 553 101 IN
583 64 628 101 C.
651 62 892 99 VERREM
923 61 1222 99 SECVNDAE
1252 61 1356 98 LIB.
1381 61 1423 98 II
1463 70 1518 107 39
1537 65 1580 109 96

194 175 389 222 convenit,
407 181 515 225 rogat
535 187 603 213 eos
623 180 743 223 atque
762 181 845 212 orat
867 187 915 211 ne
937 180 1166 223 oppugnent
1182 172 1304 210 filium
1327 186 1456 220 suum,
1471 174 1522 211 de

195 240 359 280 Sthenio
375 254 424 278 ne
440 240 620 278 laborent
633 253 644 286 3
664 239 871 276 confirmat
891 237 936 276 iis
957 245 1181 276 curaturum
1198 231 1239 275 se
1260 250 1344 275 esse
1361 251 1410 276 ne
1427 237 1523 287 quid

194 306 229 344 ei
259 319 327 356 per
356 304 479 342 filium
509 317 624 342 suum
654 311 885 350 noceretur,
922 317 962 341 se
993 301 1174 340 homines
1204 309 1331 340 certos
1357 302 1439 340 eius
1469 302 1522 340 rei

194 383 311 408 causa
331 369 371 407 in
393 368 563 408 Siciliam
589 375 627 406 et
653 375 753 406 terra
778 376 816 406 et
847 367 942 405 mari
968 381 1053 406 esse
1080 366 1300 405 missurum.
1363 368 1414 405 Et
1442 374 1522 405 erat

156 449 173 479 5
194 434 363 484 spatium
379 434 531 473 dierum
548 434 627 471 fere
648 445 737 470 XXX
753 440 844 471 ante
870 434 1070 471 Kalendas
1094 432 1338 479 Decembris,
1357 446 1437 482 quo
1456 432 1521 470 die

194 499 266 538 iste
287 506 328 537 ut
355 497 553 548 Syracusis
579 497 764 536 Sthenius
785 499 941 536 adesset
966 497 1150 535 edixerat.
1209 498 1522 536 Commoventur
1540 506 1582 541 97

193 563 309 602 amici
330 562 467 602 Stheni
482 577 492 610 ,-
521 570 678 612 sperant
699 564 781 600 fore
805 570 847 600 ut
868 562 986 612 patris
1009 561 1145 600 litteris
1172 561 1399 611 nuntiisque
1420 561 1522 600 filius

193 630 243 667 ab
282 629 349 667 illo
392 629 520 666 furore
562 635 774 666 revocetur.
841 629 889 665 In
929 634 1067 665 senatu
1110 635 1248 677 postea
1286 640 1404 665 causa
1442 640 1523 664 non

193 693 328 743 agitur.
398 691 573 731 Veniunt
620 693 671 730 ad
711 692 829 730 istum
873 691 1080 730 domestici
1128 691 1256 730 nuntii
1298 691 1524 742 litterasque

137 773 176 795 10
193 772 216 796 a
235 766 344 808 patre
373 759 554 796 adferunt
577 765 668 796 ante
701 758 903 796 Kalendas
931 757 1179 805 Decembris,
1198 771 1288 795 cum
1316 756 1378 795 isti
1405 756 1522 795 etiam

193 830 277 861 tum
317 824 366 861 de
403 822 567 861 Sthenio
600 822 640 860 in
679 822 829 872 integro
868 830 950 860 tota
984 835 1044 861 res
1082 829 1195 869 esset,
1232 823 1454 872 eodemque
1488 821 1523 860 ei

194 895 370 938 tempore
409 889 459 926 de
498 888 638 925 eadem
677 901 717 926 re
756 887 905 926 litterae
946 888 1167 938 complures
1205 901 1229 925 a
1268 887 1399 925 multis
1438 886 1522 925 eius

192 953 329 991 amicis
376 966 422 991 ac
469 952 696 990 necessariis
743 953 982 991 adferuntur.
1056 952 1137 990 Hic
1184 952 1266 999 iste,
1317 951 1383 1002 qui
1431 965 1522 1002 prae
1540 959 1596 996 40

193 1017 409 1066 cupiditate
448 1030 577 1066 neque
615 1016 719 1055 offici
757 1016 817 1055 sui
855 1030 985 1066 neque
1016 1016 1177 1066 periculi
1209 1029 1338 1066 neque
1368 1016 1523 1066 pietatis

94 1115 99 1119 .
136 1098 174 1130 15
194 1096 323 1132 neque
356 1081 608 1120 humanitatis
638 1081 829 1120 rationem
861 1081 1062 1120 habuisset
1092 1095 1293 1132 umquam,
1325 1095 1454 1132 neque
1483 1081 1522 1119 in

194 1161 242 1186 eo
266 1149 374 1197 quod
406 1147 641 1185 monebatur
664 1146 938 1185 auctoritatem
968 1146 1087 1197 patris
1115 1161 1245 1197 neque
1275 1147 1315 1184 in
1342 1161 1390 1185 eo
1415 1148 1523 1197 quod

194 1213 401 1263 rogabatur
430 1214 673 1250 voluntatem
702 1213 1024 1261 anteponendam
1052 1212 1203 1262 putavit
1232 1211 1387 1250 libidini
1416 1225 1519 1258 suae,

193 1291 309 1316 mane
338 1276 531 1316 Kalendis
557 1276 857 1324 Decembribus,
890 1284 932 1314 ut
959 1276 1143 1323 edixerat,
1174 1276 1381 1315 Sthenium
1414 1277 1522 1315 citari

193 1342 311 1381 iubet.
371 1341 411 1380 Si
449 1342 520 1380 abs
559 1348 598 1380 te
635 1341 749 1379 istam
789 1355 870 1380 rem
903 1355 1042 1391 parens
1076 1349 1165 1380 tuus
1202 1342 1367 1380 alicuius
1405 1342 1521 1380 amici
1539 1345 1582 1387 98

135 1420 174 1442 20
193 1414 328 1457 rogatu
351 1405 592 1456 benignitate
621 1413 688 1444 aut
714 1406 932 1444 ambitione
955 1407 1151 1445 adductus
1181 1407 1353 1457 petisset,
1384 1407 1523 1457 gravis-

192 1471 290 1509 sima
320 1479 451 1510 tamen
481 1472 587 1521 apud
622 1478 660 1509 te
693 1472 874 1509 voluntas
904 1471 1022 1521 patris
1053 1486 1138 1511 esse
1167 1472 1393 1521 debuisset,
1432 1486 1522 1511 cum

191 1550 284 1575 vero
321 1537 391 1574 abs
426 1544 463 1574 te
498 1536 553 1574 tui
585 1535 723 1586 capitis
757 1549 874 1574 causa
908 1543 1058 1587 peteret
1096 1537 1358 1587 hominesque
1396 1545 1522 1577 certos

192 1602 315 1640 domo
354 1600 532 1647 misisset,
574 1600 694 1650 hique
732 1614 781 1639 eo
812 1608 990 1651 tempore
1029 1602 1079 1640 ad
1119 1608 1156 1640 te
1194 1602 1393 1640 venissent
1431 1616 1522 1640 cum

193 1665 263 1704 tibi
295 1666 334 1703 in
373 1666 524 1716 integro
563 1673 645 1704 tota
675 1679 735 1704 res
774 1673 887 1712 esset,
922 1680 972 1704 ne
1007 1674 1089 1704 turn
1129 1666 1291 1716 quidem
1326 1675 1363 1705 te
1394 1667 1522 1718 potuit

135 1747 171 1778 25
192 1731 223 1770 si
245 1745 325 1770 non
346 1731 511 1781 pietatis,
530 1738 568 1768 at
590 1731 724 1769 salutis
746 1739 834 1769 tuae
856 1731 954 1769 ratio
974 1733 1024 1770 ad
1045 1731 1218 1770 officium
1235 1732 1522 1783 sanitatemque

191 1798 407 1835 reducere?
463 1796 568 1836 Citat
595 1810 728 1844 reum,
758 1810 838 1835 non
860 1797 1085 1847 respondit,
1115 1797 1208 1835 citat
1228 1805 1497 1837 accusatorem
1511 1813 1521 1846 3

193 1861 409 1911 (attendite,
443 1875 602 1911 quaeso,
639 1860 799 1907 iudices,
837 1870 986 1911 quanto
1021 1875 1140 1911 opere
1178 1862 1287 1900 istius
1326 1863 1520 1902 amentiae

191 1928 346 1964 fortuna
365 1926 448 1976 ipsa
467 1927 672 1965 adversata
692 1926 750 1973 sit,
774 1934 812 1964 et
833 1926 948 1964 simul
964 1926 1094 1965 videte
1115 1927 1182 1976 qui
1203 1927 1339 1965 Stheni
1360 1942 1517 1966 causam

190 2005 302 2030 casus
326 1991 560 2041 adiuverit),
590 1991 729 2029 citatus
750 1999 967 2038 accusator,
989 1994 1044 2029 M.
1074 1991 1252 2039 Pacilius,
1276 1993 1410 2031 nescio
1436 2007 1516 2042 quo

133 2073 172 2103 30
190 2069 282 2094 casu
308 2070 387 2094 non
409 2055 621 2105 respondit,
645 2069 725 2094 non
749 2055 884 2094 adfuit.
944 2056 984 2095 Si
1006 2070 1188 2107 praesens
1216 2057 1401 2096 Sthenius
1428 2072 1515 2096 reus
1535 2072 1576 2103 99

190 2127 292 2158 esset
313 2121 448 2166 factus,
471 2120 502 2158 si
524 2120 731 2158 manifesto
753 2120 791 2157 in
814 2120 1008 2159 maleficio
1029 2128 1234 2167 teneretur,
1258 2129 1401 2169 tamen,
1424 2137 1514 2161 cum

189 2192 392 2222 accusator
412 2198 493 2222 non
512 2186 678 2231 adesset,
702 2185 908 2223 Sthenium
930 2186 1184 2224 condemnari
1206 2199 1285 2224 non
1307 2195 1513 2237 oporteret.

233 2298 253 2326 3
277 2297 372 2318 suum
389 2299 455 2320 om.
476 2288 517 2318 Ol
607 2298 626 2327 5
651 2288 705 2318 die
722 2287 790 2317 cO:
815 2299 880 2318 omr
894 2295 918 2330 p
935 2289 1000 2320 rell.
1094 2300 1115 2328 9
1139 2289 1269 2320 litteras
1286 2290 1372 2324 <sine
1387 2292 1467 2330 que)
1485 2291 1515 2321 O

195 2339 228 2359 11
257 2331 289 2360 in
307 2331 438 2370 integro
456 2331 535 2362 cO¹:
561 2331 693 2370 integra
711 2332 775 2362 rell.
869 2332 899 2362 ei
916 2344 981 2364 om.
1005 2332 1047 2363 Ο1
1184 2343 1226 2363 20
1250 2334 1415 2365 adductus
1431 2334 1490 2364 cO¹
1506 2345 1514 2364 z

191 2372 349 2405 inductus
367 2375 431 2406 rell.
567 2385 605 2413 27
631 2380 755 2414 quanto
771 2385 874 2414 opere
891 2381 926 2416 cp
945 2388 951 2406 :
975 2380 1183 2416 quantopere
1201 2377 1264 2407 rell.
