1715 2734
183 82 451 121 ACTIONIS
474 83 535 120 IN
557 82 601 121 C.
620 82 862 120 VERREM
885 82 1184 121 SECVNDAE
1207 83 1309 120 LIB.
1335 83 1400 119 III
1464 92 1506 119 12
1528 95 1568 125 30

178 198 230 235 ab
259 196 407 235 iudicio
436 196 676 234 discessuros
701 195 898 234 videbant.
960 194 1117 233 Etenim
1140 197 1248 245 quod
1279 202 1381 233 esset
1410 194 1507 232 iudi-

178 261 294 308 cium,
314 275 404 299 cum
433 275 479 299 ex
499 260 630 298 Verris
658 260 883 310 turpissimo
911 259 1294 309 flagitiosissimoque
1315 259 1505 297 comitatu

177 335 253 364 tres
292 333 609 376 recuperatorum
649 325 810 363 nomine
848 325 1095 363 adsedissent
1133 326 1342 362 adseculae
1382 324 1502 370 istius,

177 405 258 429 non
297 406 319 429 a
357 398 465 440 patre
503 390 538 429 ei
578 390 707 429 traditi
751 392 820 429 sed
858 405 881 428 a
920 389 1165 428 meretricula
1203 389 1504 427 commendati?

140 458 321 505 5Ageret
360 455 542 494 videlicet
581 469 740 493 causam
778 463 932 502 arator;
980 454 1076 492 nihil
1116 454 1189 492 sibi
1229 454 1413 492 frumenti
1452 455 1503 492 ab
1524 465 1562 494 31

177 521 355 570 Apronio
394 521 583 567 relictum,
622 521 726 558 bona
765 534 834 558 sua
869 520 985 558 etiam
1026 520 1187 570 direpta,
1225 533 1265 558 se
1305 521 1502 569 pulsatum

174 586 502 635 verberatumque
540 585 688 624 diceret
704 601 714 633 3
761 587 981 624 conferrent
1020 584 1089 622 viri
1136 584 1228 622 boni
1273 584 1411 634 capita,
1453 586 1503 623 de

175 650 453 688 comissatione
481 652 735 699 loquerentur
756 650 855 688 inter
875 664 916 687 se
936 663 982 688 ac
1003 650 1053 687 de
1081 648 1330 693 mulierculis,
1354 649 1384 686 si
1406 662 1502 698 quas

174 729 196 753 a
211 724 388 765 praetore
404 715 584 752 abeuntis
607 723 767 764 possent
785 716 1082 765 deprehendere
1100 729 1108 759 3
1137 728 1196 752 res
1217 714 1276 763 agi
1294 714 1499 752 videretur.

121 795 156 816 10
175 780 407 818 Surrexisset
430 779 639 829 Apronius,
664 794 765 818 nova
786 780 955 830 dignitas
983 779 1195 829 publicani,
1220 792 1299 816 non
1325 787 1366 816 ut
1387 780 1502 817 decu-

173 858 313 882 manus
345 844 535 894 squaloris
564 846 702 894 plenus
730 859 775 883 ac
803 845 983 895 pulveris,
1007 846 1077 883 sed
1104 844 1314 894 unguentis
1342 845 1501 892 oblitus,

172 909 264 947 vino
294 909 512 958 vigiliisque
543 909 775 959 languidusz
815 909 949 947 omnia
984 910 1110 960 primo
1145 918 1254 947 motu
1286 923 1332 947 ac
1364 910 1501 959 spiritu

172 988 244 1012 suo
282 974 360 1011 vini
400 974 588 1024 unguenti
629 974 802 1024 corporis
841 975 963 1012 odore
1006 976 1253 1024 complesset.
1329 974 1500 1013 Dixisset

172 1040 269 1077 haec
301 1054 402 1090 quae
433 1042 548 1089 volgo
584 1040 714 1079 dicere
745 1041 907 1086 solebat,
941 1054 1022 1079 non
1054 1054 1095 1079 se
1127 1043 1314 1079 decumas
1345 1041 1498 1089 emisse,

108 1116 149 1149 *15
171 1106 241 1143 sed
272 1105 376 1142 bona
407 1107 660 1155 fortunasque
695 1113 903 1152 aratorum,
935 1119 1015 1144 non
1046 1119 1087 1144 se
1117 1107 1383 1144 decumanum
1414 1120 1499 1145 esse

170 1170 402 1219 Apronium,
427 1171 496 1208 sed
518 1172 678 1208 Verrem
700 1172 865 1208 alterum
887 1170 1094 1208 dominum
1123 1171 1277 1208 illorum
1301 1184 1347 1209 ac
1375 1179 1498 1221 tyran-

169 1248 276 1272 num.
337 1236 451 1283 Quae
476 1249 566 1272 cum
589 1233 758 1281 dixisset,
783 1234 836 1272 illi
858 1234 926 1272 viri
955 1234 1093 1284 optimi
1121 1236 1171 1272 de
1198 1236 1360 1273 cohorte
1387 1235 1497 1274 istius

168 1308 458 1349 recuperatores
482 1313 561 1337 non
587 1301 637 1337 de
665 1300 910 1337 absolvendo
930 1299 1109 1348 Apronio
1131 1299 1402 1346 deliberarent,
1427 1303 1495 1339 sed

166 1373 396 1414 quaererent
437 1378 564 1417 ecquo
609 1365 730 1402 modo
773 1364 979 1414 petitorem
1019 1364 1146 1414 ipsum
1188 1364 1367 1414 Apronio
1406 1379 1495 1403 con-

106 1444 147 1465 20
166 1431 353 1468 demnare
383 1438 554 1480 possent.

220 1497 337 1533 Hanc
371 1504 413 1533 tu
448 1494 646 1533 licentiam
677 1494 987 1544 diripiendorum
1023 1502 1219 1533 aratorum
1254 1509 1344 1533 cum
1377 1497 1492 1534 decu-

163 1561 298 1607 manis,
324 1563 399 1599 hoc
424 1569 481 1599 est
506 1574 596 1599 cum
619 1561 797 1610 Apronio
825 1560 1075 1609 permisisses,
1100 1568 1141 1598 ut
1163 1569 1354 1610 quan-tum
1376 1563 1491 1599 vellet

161 1634 353 1676 posceret,
374 1634 565 1676 quantum
594 1625 838 1675 poposcisset
859 1626 1037 1671 auferret,
1060 1627 1136 1663 hoc
1158 1625 1227 1664 tibi
1249 1626 1490 1664 defensionis

160 1692 210 1729 ad
241 1691 429 1729 iudicium
460 1699 571 1728 tuum
602 1690 869 1739 comparabas,
899 1689 1083 1728 habuisse
1113 1698 1151 1728 te
1180 1690 1354 1729 edictum
1385 1705 1490 1730 recu-

101 1771 139 1802 ²5
160 1764 356 1806 peratores
391 1757 573 1794 daturum
607 1755 646 1792 in
679 1756 913 1804 octuplum?
969 1754 1008 1793 Si
1045 1756 1267 1793 mehercule
1301 1770 1347 1794 ex
1378 1757 1487 1795 omni

159 1821 273 1870 copia
302 1828 520 1858 conventus
551 1819 793 1869 Syracusani,
824 1819 1232 1868 splendidissimorum
1264 1821 1487 1859 honestissi-

159 1899 392 1935 morumque
414 1885 632 1932 hominum,
657 1886 802 1922 faceres
833 1892 1068 1933 potestatem
1095 1885 1236 1923 aratori
1263 1898 1343 1923 non
1365 1888 1486 1924 modo

157 1951 344 1989 reiciendi
384 1952 454 1988 sed
500 1950 617 1988 etiam
665 1948 848 1987 sumendi
894 1957 1195 1999 recuperatoreS,
1238 1957 1370 1988 tamen
1409 1953 1486 1989 hoc

156 2029 303 2054 novum
342 2029 465 2065 genus
505 2014 668 2052 iniuriae
705 2015 802 2052 ferre
841 2027 960 2051 nemo
999 2022 1142 2063 posset,
1180 2023 1227 2061 te,
1270 2029 1361 2053 curn
1396 2023 1484 2054 tuos

95 2097 137 2128 30
155 2080 284 2119 omnis
323 2081 470 2118 fructus
505 2079 719 2130 publicano
754 2078 979 2117 tradidisses
1019 2086 1056 2117 et
1096 2093 1177 2117 rem
1211 2081 1261 2118 de
1301 2081 1483 2119 manibus

1514 1481 1555 1517 13

1512 1541 1550 1571 32

201 2194 237 2223 17
263 2183 324 2215 viri
349 2183 484 2224 optimi]
512 2183 628 2223 optiliu
658 2182 707 2212 O:
739 2181 798 2211 viri
823 2185 905 2212 ancl.
932 2181 1050 2214 Halm.
1077 2182 1147 2214 secl.
1174 2182 1273 2222 Kays.
1445 2196 1483 2223 19

154 2229 380 2258 condemnare
398 2232 536 2267 possent
557 2228 625 2266 ch
644 2238 649 2256 :
674 2226 995 2265 condemnarentpk
1193 2237 1234 2265 25
1260 2228 1291 2256 in
1311 2228 1481 2267 octuplum

154 2273 305 2302 daturum
327 2271 357 2302 O
445 2272 660 2302 mehercules
679 2270 708 2299 O
727 2272 759 2307 (ξ
780 2270 821 2307 46
839 2269 942 2308 infra)
1050 2271 1092 2299 26
1116 2270 1195 2301 hon.
1218 2271 1391 2302 hominum
1409 2271 1457 2303 cO
1474 2284 1480 2303 ε

153 2316 242 2347 hom.
264 2317 340 2347 hon.
357 2321 382 2356 p
399 2315 465 2347 rell.
603 2316 644 2345 28
668 2319 781 2344 tamen
801 2311 889 2343 codd.
907 2316 1039 2353 practer
1054 2313 1084 2344 O
1101 2314 1198 2355 (iam)
