1715 2734
176 86 443 125 ACTIONIS
467 87 526 124 IN
549 86 593 126 C.
612 87 853 123 VERREM
876 86 1174 124 SECVNDAE
1198 86 1300 123 LIB.
1321 87 1386 123 III
1453 87 1500 123 16
1520 103 1561 132 40

232 199 428 247 ‘Magno‚'
460 197 597 247 inquit,
635 198 847 235 ‘decumas
879 197 1064 236 vendidi.’
1122 196 1231 245 Quid
1260 197 1346 235 ais?
1378 211 1427 235 an
1458 205 1499 235 tu

173 263 371 308 decumas,
396 263 516 300 homo
536 262 796 300 audacissime
817 270 935 312 atque
959 261 1236 307 amentissime,
1260 262 1501 301 vendidisti?

173 329 235 365 Tu
257 326 374 377 partis
402 340 466 365 eas
494 340 590 376 quas
612 334 649 365 te
674 335 832 365 senatus
863 329 1112 377 populusque
1139 329 1344 365 Romanus
1365 327 1499 374 voluit,

173 406 222 429 an
251 393 398 429 fructus
420 391 592 440 integros
621 398 739 441 atque
766 393 867 429 adeo
890 393 995 430 bona
1019 393 1274 441 fortunasque
1304 400 1500 430 aratorum

136 471 152 501 5
173 456 301 495 omnis
322 455 563 494 vendidisti?
619 455 658 493 Si
686 457 815 505 palam
841 470 983 506 praeco
1012 456 1118 494 iussu
1146 464 1214 494 tuo
1239 457 1501 506 praedicasset

174 535 253 560 non
286 522 473 558 decumas
505 520 689 558 frumenti
728 522 798 559 sed
832 520 1015 559 dimidias
1049 520 1182 559 venire
1216 521 1344 570 partis,
1378 529 1416 560 et
1450 521 1502 559 ita

173 592 368 634 emptores
400 584 658 622 accessissent
693 592 735 622 ut
768 586 819 623 ad
854 584 1037 623 dimidias
1077 585 1195 635 partis
1234 587 1433 632 emendas,
1470 586 1501 623 si

173 649 292 700 pluris
313 648 556 688 vendidisses
577 656 618 687 tu
639 649 823 687 dimidias
844 663 962 699 quam
984 649 1101 688 ceteri
1123 651 1320 696 decumas,
1344 650 1500 688 cuinam

174 714 314 752 mirum
335 714 559 753 videretur?
603 714 736 763 Quid?
757 715 786 752 si
804 729 945 765 praeco
962 716 1148 753 decumas
1166 715 1442 765 pronuntiavit,
1462 730 1502 754 re

118 793 154 814 10
173 781 408 826 vera‚—hoc
438 788 495 818 est
523 781 617 829 lege,
645 780 787 826 edicto,
814 780 1207 831 condicione‚—plus
1235 781 1352 819 etiarn
1382 795 1500 830 quam

173 845 360 884 dimidiae
390 844 604 891 venierunt,
633 853 763 883 tamen
792 847 867 883 hoc
898 845 968 883 tibi
999 848 1239 895 praeclarum
1270 846 1438 896 putabis,
1465 854 1502 884 te

173 910 291 959 pluris
314 911 421 959 quod
438 924 517 947 non
540 910 682 948 licebat
703 924 820 959 quam
843 918 992 948 ceteros
1014 912 1122 960 quod
1144 911 1350 960 oportebat
1370 911 1503 949 vendi-

173 974 306 1012 disse?
364 975 488 1012 Pluris
521 976 708 1013 decumas
747 975 958 1014 vendidisti
999 989 1117 1025 quam
1157 975 1285 1014 ceteri.
1346 976 1502 1024 Quibus
1525 986 1561 1017 4¹

174 1040 289 1077 rebus
311 1039 350 1077 id
367 1040 577 1077 adsecutus
598 1041 662 1077 es?
694 1039 943 1077 innocentia?
991 1039 1137 1089 Aspice
1153 1041 1293 1078 aedem
1311 1040 1503 1087 Castoris3

117 1118 152 1150 15
173 1104 329 1149 deinde,
360 1104 391 1142 si
417 1105 550 1152 audes,
583 1105 643 1142 fac
672 1104 913 1143 mentionem
940 1104 1200 1143 innocentiae.
1262 1104 1504 1154 Diligentia?

174 1169 335 1209 Codicis
384 1169 516 1207 lituras
564 1169 620 1207 tui
668 1171 935 1219 contemplare
982 1169 1021 1207 in
1070 1169 1208 1208 Stheni
1255 1170 1501 1208 Thermitani

173 1234 362 1281 nomine3
409 1233 554 1272 deinde
593 1234 695 1272 aude
738 1240 776 1272 te
818 1233 949 1272 dicere
992 1233 1231 1284 diligentem.
1306 1234 1502 1283 Ingenio?

175 1299 254 1348 Qui
285 1299 392 1337 testis
423 1298 659 1348 interrogare
688 1298 814 1348 priore
839 1297 994 1336 actione
1023 1298 1194 1337 nolueris
1225 1306 1262 1337 et
1292 1298 1337 1337 iis
1363 1298 1501 1337 tacitus

175 1378 218 1402 os
240 1372 350 1402 tuum
378 1363 564 1413 praebere
589 1363 781 1409 malueris,
804 1363 983 1413 quamvis
1009 1371 1046 1402 et
1072 1371 1108 1401 te
1136 1372 1172 1402 et
1200 1371 1386 1413 patronos
1414 1372 1502 1402 tuos

117 1445 156 1466 20
175 1429 399 1479 ingeniosos
439 1443 523 1467 esse
563 1429 696 1467 dicito.
756 1430 888 1477 Quare
928 1428 1042 1478 igitur
1076 1429 1115 1467 id
1151 1431 1259 1479 quod
1294 1429 1350 1467 ais
1391 1431 1502 1468 adse-

174 1502 286 1532 cutus
321 1496 391 1532 es?
449 1496 596 1543 Magna
631 1501 687 1531 est
723 1495 806 1531 laus
842 1493 870 1531 si
911 1493 1130 1543 superiores
1165 1493 1330 1532 consilio
1364 1494 1504 1541 vicisti,

174 1559 452 1609 posterioribus
475 1560 698 1608 exemplum
720 1566 838 1607 atque
859 1558 1131 1596 auctoritatem
1153 1559 1352 1608 reliquisti.
1411 1559 1503 1597 Tibi

174 1627 335 1663 fortasse
359 1624 527 1662 idoneus
549 1624 620 1662 fuit
650 1638 768 1662 nemo
799 1637 916 1673 quem
948 1623 1165 1671 imitarere3
1194 1633 1233 1662 at
1263 1632 1300 1662 te
1321 1624 1504 1662 videlicet

174 1690 417 1728 inventorem
457 1703 583 1727 rerum
623 1689 859 1739 optimarum
901 1702 947 1726 ac
986 1689 1203 1739 principem
1243 1689 1501 1727 imitabuntur

116 1772 154 1803 25
175 1768 322 1792 omnes.
397 1753 496 1802 Quis
535 1761 661 1792 arator
695 1761 732 1791 te
772 1760 948 1802 praetore
987 1754 1197 1791 decumam
1236 1753 1376 1792 dedit?
1413 1754 1500 1803 quis
1520 1772 1559 1801 42

174 1821 302 1857 duas?
330 1818 417 1868 quis
438 1832 518 1856 non
543 1818 714 1856 maximo
736 1832 777 1856 se
797 1819 998 1856 adfectum
1025 1818 1218 1856 beneficio
1239 1818 1388 1868 putavit
1409 1832 1499 1856 cum

173 1885 295 1923 tribus
326 1884 502 1922 decumis
533 1897 603 1933 pro
638 1897 716 1921 una
750 1885 1037 1933 defungeretur,
1070 1891 1221 1933 praeter
1255 1897 1402 1933 paucos
1434 1884 1501 1934 qui

173 1957 329 1999 propter
350 1949 578 1987 societatem
595 1950 785 1987 furtorum
803 1956 959 1986 tuorum
980 1948 1077 1986 nihil
1094 1949 1258 1987 omnino
1279 1950 1503 1987 dederunt?

172 2014 275 2052 Vide
296 2014 395 2052 inter
416 2013 752 2063 importunitatem
778 2021 885 2051 tuam
908 2022 1145 2063 senatusque
1168 2014 1384 2052 bonitatem
1406 2014 1502 2064 quid

219 2129 231 2148 1
259 2120 308 2149 ais
326 2130 391 2149 om.
412 2118 442 2148 O
529 2128 550 2156 9
575 2117 663 2156 Quid
685 2118 711 2148 si
735 2117 814 2148 VO:
839 2117 929 2156 Quid
947 2129 1026 2148 vero
1044 2119 1108 2158 sis>
1125 2117 1193 2149 edd.
1282 2128 1315 2147 11
1344 2122 1501 2149 tamenne

173 2162 268 2193 malit
285 2163 395 2192 Mmll.
419 2162 451 2199 t}
471 2171 511 2200 49
528 2161 630 2200 infra}
726 2171 763 2200 13
789 2162 917 2193 decum.
937 2163 1037 2192 vend.
1057 2161 1103 2191 cO
1122 2164 1129 2179 x
1143 2161 1231 2201 prob.
1254 2161 1348 2194 Zz'cffi
1369 2173 1375 2192 ε
1400 2162 1497 2191 vend.

173 2206 301 2236 decum.
327 2206 373 2245 Vp
392 2205 456 2235 rell.
606 2215 642 2243 17
669 2205 780 2235 dicere
796 2206 883 2235 aude
902 2210 934 2235 te
956 2205 987 2234 V
1131 2207 1168 2235 18
1194 2205 1398 2242 interrogare
1421 2205 1498 2236 VO:

173 2249 273 2289 -arip
291 2249 353 2279 rell.
460 2248 579 2278 tacitus
600 2247 675 2278 VcO
692 2259 698 2277 τ
724 2248 860 2278 tacitum
880 2248 945 2278 rell.
966 2248 1016 2289 (et
1034 2248 1074 2278 iis
1091 2272 1097 2279 .
1119 2272 1126 2278 .
1147 2272 1153 2278 .
1178 2273 1183 2280 .
1204 2248 1360 2278 malueris
1378 2258 1444 2277 om.
1463 2248 1499 2287 π)

174 2302 212 2322 21
240 2298 292 2322 est
314 2293 382 2322 laus
405 2292 451 2322 V:
479 2291 567 2322 enim
591 2296 643 2322 est
665 2291 774 2332 lausp
795 2302 802 2322 :
826 2292 914 2322 enim
938 2291 1009 2322 laus
1033 2296 1084 2321 est
1101 2302 1139 2331 qr
1300 2293 1342 2321 28
1366 2295 1498 2321 tuorum

173 2346 239 2366 om.
263 2336 294 2364 V
