1715 2734
94 79 147 120 70
170 83 227 117 171
534 71 590 107 M.
621 69 789 106 TVLLI
821 67 1127 108 CICERONIS

86 196 144 229 172
166 182 337 231 proferre
357 194 573 232 possemus.
632 182 780 218 Verum
804 178 948 218 accidit
967 186 1010 218 ut
1031 177 1291 229 CarpinatiuS,
1322 176 1390 228 qui
1416 176 1495 215 iam

103 1071 144 1110 71

83 1130 141 1163 ¹73

166 260 257 285 cum
296 246 372 285 isto
410 259 564 285 summa
602 243 902 291 consuetudine,
942 251 1143 294 praeterea
1180 257 1221 282 re
1258 255 1306 281 ac
1344 241 1495 281 ratione

166 311 401 350 coniunctus
427 319 540 357 esset,
563 310 717 348 crebras
747 316 886 359 postea
914 308 1060 347 litteras
1080 309 1131 347 ad
1158 307 1286 347 socios
1307 308 1358 346 de
1384 306 1495 345 istius

165 377 329 416 summis
359 376 497 415 officiis
527 375 566 413 in
597 388 678 414 rem
711 387 964 413 communem
995 373 1280 423 beneficiisque
1311 371 1491 410 mitteret.

166 441 324 480 Etenim
346 455 435 480 cum
458 441 530 479 iste
550 439 684 479 omnia
705 452 979 489 quaecumque
1000 438 1248 488 Carpinatius
1269 436 1494 487 postulabat
1513 450 1531 482 5

164 508 290 546 facere
318 521 364 545 ac
394 507 605 545 decernere
632 505 798 551 solebat,
819 511 902 542 tum
931 503 995 542 ille
1022 503 1138 541 etiam
1161 504 1272 553 plura
1298 501 1495 540 scribebat

163 573 214 611 ad
252 571 390 618 socios,
425 578 481 618 ut,
516 569 546 608 si
578 576 724 619 posset,
760 581 862 618 quae
895 576 1011 607 antea
1042 567 1257 618 scripserat,
1294 580 1340 605 ea
1379 568 1494 616 plane

163 636 436 686 exstingueret.
497 635 562 673 Ad
587 641 804 672 extremum
826 646 929 679 vero,
952 646 1043 671 cum
1067 631 1140 670 iste
1161 631 1238 669 iam
1259 632 1491 678 decedebat,

163 700 246 739 eius
276 700 384 739 modi
406 699 552 738 litteras
581 700 632 737 ad
653 711 721 737 eos
743 697 871 736 misit:
901 705 943 735 ut
965 697 1057 735 huic
1084 698 1308 746 frequentes
1332 695 1492 734 obviam

162 765 375 816 prodirent,
409 765 550 815 gratias
584 771 757 814 agerent,
791 764 962 802 facturos
996 775 1038 801 se
1068 761 1099 799 si
1134 762 1230 811 quid
1265 760 1494 811 imperasset

162 830 338 870 studiose
358 831 645 881 pollicerentur.
694 830 834 879 Itaque
855 827 951 867 socii
973 829 1149 866 fecerunt
1164 834 1294 865 vetere
1314 826 1494 865 instituto

162 895 476 946 publicanorum,
501 908 582 932 non
612 907 693 945 quo
713 893 832 932 istum
861 894 942 932 ullo
968 894 1119 931 honore
1147 891 1310 943 dignum
1337 891 1494 930 arbitra-

162 968 306 1007 rentur,
348 961 418 999 sed
466 960 576 1010 quod
623 972 695 998 sua
741 958 929 997 interesse
976 958 1168 1008 putabant
1215 970 1257 995 se
1300 969 1494 995 memores

161 1034 372 1077 gratosque
418 1023 653 1065 existimari:
701 1023 841 1075 gratias
889 1023 951 1062 isti
998 1030 1171 1073 egerunt,
1221 1021 1494 1073 Carpinatium

163 1105 279 1141 saepe
308 1093 359 1130 ad
390 1104 431 1130 se
455 1092 506 1130 de
536 1090 619 1129 eius
641 1089 779 1129 officiis
803 1089 949 1128 litteras
978 1087 1130 1127 misisse
1160 1087 1351 1127 dixerunt.
1413 1089 1494 1126 Iste

163 1171 253 1196 cum
279 1155 546 1207 respondisset
567 1168 613 1193 ea
640 1168 681 1193 se
701 1153 869 1193 libenter
889 1152 1027 1193 fecisse
1051 1166 1271 1203 operasque
1292 1151 1495 1202 Carpinati

163 1235 308 1272 magno
323 1235 440 1272 opere
460 1222 670 1267 laudasset,
688 1220 756 1259 dat
775 1218 905 1258 amico
925 1231 997 1257 suo
1017 1219 1174 1257 cuidam
1191 1217 1404 1268 negotium,
1428 1217 1495 1268 qui

164 1295 247 1325 tum
269 1286 450 1337 magister
470 1293 550 1324 erat
571 1285 654 1324 eius
679 1283 888 1331 societatis,
907 1291 949 1322 ut
970 1283 1176 1333 diligenter
1195 1290 1349 1322 caveret
1376 1290 1495 1333 atque

163 1351 403 1402 prospiceret
433 1364 482 1389 ne
512 1349 608 1400 quid
639 1357 741 1388 esset
768 1349 807 1387 in
837 1348 973 1387 litteris
998 1347 1195 1387 sociorum
1222 1349 1331 1398 quod
1358 1356 1495 1387 contra

164 1424 281 1466 caput
306 1430 421 1454 suum
449 1423 516 1453 aut
543 1413 873 1453 existimationem
898 1415 1025 1452 valere
1055 1420 1198 1463 posset.
1259 1414 1399 1463 Itaque
1430 1413 1493 1453 ille

164 1481 417 1520 multitudine
455 1480 652 1519 sociorum
698 1487 848 1518 remota
886 1480 1129 1517 decumanos
1167 1486 1373 1526 convocat,
1412 1492 1494 1517 rem

164 1547 299 1585 defert.
360 1548 544 1585 Statuunt
565 1544 619 1582 illi
645 1552 763 1594 atque
784 1545 1002 1582 decernunt
1023 1550 1065 1580 ut
1090 1556 1159 1581 eae
1179 1542 1329 1581 litterae
1350 1543 1495 1592 quibus

164 1610 400 1650 existimatio
440 1611 484 1650 C.
521 1609 652 1648 Verris
692 1609 912 1647 laederetur
951 1615 1257 1654 removerentur,
1296 1621 1495 1658 operaque

85 1686 143 1719 174
163 1678 320 1715 daretur
347 1690 397 1715 ne
427 1690 473 1714 ea
497 1689 556 1714 res
579 1676 623 1714 C.
647 1674 757 1713 Verri
788 1673 913 1712 fraudi
941 1687 1026 1711 esse
1054 1681 1198 1723 posset.
1258 1672 1297 1711 Si
1325 1674 1494 1711 ostendo

163 1743 241 1781 hoc
274 1740 493 1780 decrevisse
532 1741 788 1786 decumanos,
829 1739 860 1777 si
899 1740 1060 1789 planum
1093 1738 1194 1776 facio
1226 1739 1302 1776 hoc
1334 1739 1493 1776 decreto

163 1814 332 1845 remotas
362 1819 448 1844 esse
478 1805 633 1851 litteras,
665 1804 761 1855 quid
791 1803 1024 1854 exspectatis
1049 1802 1248 1853 amplius?
1279 1816 1494 1852 possumne

164 1870 286 1921 magis
313 1884 393 1909 rem
415 1870 627 1908 iudicatam
652 1870 814 1915 adferre,
838 1868 960 1919 magis
982 1882 1091 1906 reum
1122 1868 1432 1906 condemnatum
1453 1867 1493 1906 in

163 1936 352 1975 iudicium
390 1937 618 1974 adducere?
674 1937 727 1972 At
765 1947 932 1984 quorum
973 1933 1120 1972 iudicio
1159 1934 1492 1972 condemnatum!

165 2003 321 2051 Nempe
359 2014 494 2039 eorum
538 2013 638 2050 quos
677 1999 703 2037 ii
742 1998 810 2049 qui
848 1998 1040 2038 severiora
1079 1997 1224 2037 iudicia
1267 1997 1492 2037 desiderant

211 2116 223 2135 1
250 2104 378 2135 accedit
396 2103 465 2135 ίῸι
484 2103 532 2142 (ii,
553 2102 572 2143 i,
597 2106 611 2140 ξ
630 2102 665 2141 4Ἷ
884 2103 906 2132 6
930 2101 984 2132 ille
1002 2101 1103 2132 etiam
1123 2100 1214 2132 CO'b
1233 2112 1239 2131 z
1263 2101 1362 2132 ctiam
1382 2099 1438 2132 ille
1450 2106 1496 2142 pr

166 2159 182 2187 7
203 2159 243 2179 ea
261 2159 348 2188 quae
365 2171 372 2178 .
393 2171 400 2178 .
421 2171 428 2179 .
449 2158 488 2177 ea
506 2147 606 2186 plane
625 2146 684 2177 CO
749 2151 827 2176 ante
847 2145 875 2176 C
971 2155 1010 2176 10
1033 2145 1156 2184 gratias
1176 2144 1245 2175 CO¹
1265 2156 1272 2175 ε
1297 2145 1490 2184 gratiasque

159 2198 183 2232 p
201 2192 266 2222 rell.
372 2201 409 2222 se
427 2190 486 2221 CO
504 2203 510 2221 :
535 2201 612 2221 esse
626 2195 651 2230 p
669 2189 734 2220 rell.
889 2199 925 2228 17
951 2199 1073 2227 magno
1090 2198 1194 2226 opere
1213 2187 1260 2218 C:
1285 2198 1490 2227 magnopere

159 2235 202 2275 pb
219 2235 262 2265 al.
281 2234 318 2275 (i,
340 2237 356 2273 §
374 2245 414 2274 27
432 2245 439 2265 ε
463 2234 497 2273 ii,
518 2236 533 2271 ξ
553 2235 610 2273 28)
787 2243 829 2263 20
853 2237 952 2272 caput
968 2242 1063 2263 suum
1081 2237 1137 2261 aut
1155 2231 1251 2261 exist.
1274 2231 1343 2262 CO¹
1361 2243 1367 2261 :
1392 2241 1487 2261 suum

163 2283 264 2316 caput
280 2283 381 2316 atque
399 2277 495 2308 exist.
515 2276 556 2306 vrb
571 2276 636 2307 rell.
749 2286 789 2305 22
814 2287 874 2306 cae
892 2275 938 2306 C:
964 2275 1006 2306 he
1025 2274 1116 2315 0qu
1227 2284 1268 2313 25
1293 2275 1489 2304 decrevisse

165 2321 244 2353 COb
259 2332 265 2351 z
289 2322 447 2352 decresse
464 2321 506 2350 nk
638 2330 678 2359 27
704 2320 810 2359 magis
827 2329 895 2349 rem
914 2318 994 2359 COp
1011 2318 1053 2349 al.
1073 2328 1081 2348 ε
1106 2327 1175 2348 rem
1193 2317 1299 2357 magis
1316 2317 1334 2347 b
1350 2316 1419 2348 edd.

1516 761 1589 796 10'

1517 1101 1554 1133 15

1516 1427 1557 1450 20
