1715 2734
117 57 174 94 49
197 61 256 85 ιη
564 48 608 85 Μ
652 47 820 85 TVLLI
852 47 1160 86 CICERONIS

115 589 169 627 50

108 649 168 679 123

189 157 421 198 auctoritate
455 166 494 197 et
530 157 836 196 Halaesinorum
877 171 1031 196 summa
1069 159 1272 197 voluntate
1305 159 1519 199 valuerunt.

190 223 254 261 Ab
275 222 350 261 isto
371 230 409 262 et
429 236 581 273 praeco,
605 221 673 272 qui
693 221 828 268 voluit,
851 221 961 260 illurn
982 222 1162 261 ordinem
1183 222 1308 273 pretio
1329 230 1522 262 mercatus

189 296 258 335 est,
294 295 333 327 et
367 287 475 339 pueri
506 300 700 326 annorum
732 300 872 325 senum
902 294 1190 338 septenumque
1228 289 1376 327 denum
1415 301 1523 327 sena-

189 353 331 391 torium
371 367 519 392 nomen
553 352 763 391 nundinati
796 360 912 400 sunt3
950 360 988 391 et
1022 354 1132 403 quod
1173 352 1390 400 Halaesini,
1426 352 1522 391 anti-

189 418 367 468 quissimi
388 426 426 457 et
447 416 663 456 fidelissimi
680 416 775 455 socii
792 424 911 467 atque
931 416 1059 463 amici,
1086 419 1239 456 Romae
1256 416 1520 467 impetrarant,
1542 429 1560 462 5

189 492 231 521 ut
251 485 357 534 apud
378 497 419 521 se
441 497 490 521 ne
511 481 700 532 suffragiis
721 481 883 532 quidem
904 481 986 521 fieri
1007 481 1151 529 liceret,
1174 481 1215 521 id
1235 481 1362 532 pretio
1382 490 1424 521 ut
1440 482 1522 522 fieri

189 556 322 599 posset
343 547 482 587 effecit.

243 612 489 664 Agrigentini
510 614 561 652 de
582 619 720 651 senatu
745 613 974 663 cooptando
995 612 1189 663 Scipionis
1210 613 1315 662 leges
1339 612 1522 663 antiquas

188 679 350 727 habent,
371 680 410 716 in
432 678 575 728 quibus
597 685 634 716 et
656 677 721 716 illa
740 679 880 716 eadem
906 686 1042 716 sancta
1061 685 1151 716 sunt
1173 685 1211 716 et
1232 679 1308 716 hoc
1328 678 1521 728 amplius:

188 758 279 782 cum
294 743 640 795 Agrigentinorum
656 744 737 781 duo
749 756 893 793 genera
906 742 993 790 sint,
1013 756 1136 781 unum
1151 750 1339 789 veterum,
1355 744 1522 783 alterum
1545 757 1583 779 10

187 810 420 847 colonorum
447 821 547 858 quos
568 809 614 845 T.
641 807 815 846 Manlius
840 815 995 858 praetor
1014 821 1061 846 ex
1081 815 1240 846 senatus
1267 809 1450 846 consulto
1471 809 1522 846 de

187 873 345 925 oppidis
389 873 611 912 Siculorum
655 872 819 911 deduxit
862 872 1132 923 Agrigentum,
1178 880 1338 911 cautum
1380 880 1439 911 est
1482 873 1521 911 in

188 938 384 990 Scipionis
409 938 561 989 legibus
589 952 638 976 ne
665 939 795 988 plures
822 946 953 976 essent
983 938 1023 976 in
1052 945 1191 977 senatu
1218 951 1264 976 ex
1288 939 1520 976 colonorum

187 1018 353 1043 numero
383 1017 502 1055 quam
527 1017 574 1042 ex
600 1010 730 1042 vetere
760 1002 1115 1053 Agrigentinorum.
1176 1004 1267 1050 Iste,
1296 1002 1363 1053 qui
1388 1003 1523 1042 omnia

187 1070 270 1108 iura
298 1069 423 1120 pretio
452 1076 708 1119 exaequasset
737 1067 997 1118 omniumque
1026 1081 1154 1106 rerum
1184 1067 1373 1107 dilectum
1402 1075 1521 1118 atque
1543 1085 1580 1117 15

187 1135 399 1174 discrimen
431 1134 601 1185 pecunia
634 1133 865 1180 sustulisset,
903 1147 984 1172 non
1024 1135 1147 1173 modo
1180 1133 1245 1171 illa
1276 1147 1378 1183 quae
1412 1141 1521 1172 erant

187 1200 324 1239 aetatis
363 1199 511 1239 ordinis
551 1206 819 1250 quaestusque
857 1198 1095 1248 permiscuit,
1132 1199 1202 1236 sed
1237 1197 1355 1236 etiam
1390 1197 1430 1236 in
1462 1198 1522 1236 his

187 1266 344 1305 duobus
382 1263 592 1315 generibus
631 1263 776 1302 civium
816 1276 1009 1301 novorum
1041 1270 1299 1313 veterumque
1338 1262 1518 1301 turbavit.

107 1347 169 1380 124
188 1333 292 1370 Nam
331 1343 422 1369 cum
462 1337 564 1368 esset
599 1343 646 1367 ex
684 1336 814 1368 vetere
853 1342 1019 1367 numero
1057 1328 1221 1378 quidam
1260 1336 1417 1367 senator
1455 1329 1520 1367 de-

104 2063 163 2093 125

186 1404 375 1443 mortuus,
408 1403 445 1434 et
477 1408 567 1433 cum
598 1409 645 1433 ex
674 1401 840 1444 utroque
868 1408 1010 1444 genere
1035 1407 1104 1444 par
1133 1406 1318 1431 numerus
1346 1393 1518 1444 reliquus
1539 1410 1580 1432 20

185 1470 297 1509 esset,
327 1469 498 1500 veterem
524 1459 701 1510 cooptari
729 1473 890 1498 necesse
919 1466 1000 1498 erat
1025 1459 1189 1509 legibus,
1220 1466 1262 1497 ut
1292 1458 1323 1497 is
1351 1459 1519 1509 amplior

185 1541 371 1566 numerus
403 1524 516 1565 esSet.
577 1526 691 1574 Quae
723 1538 813 1563 cum
845 1524 898 1562 ita
930 1538 971 1563 se
1005 1538 1065 1563 res
1096 1525 1269 1571 haberet,
1302 1531 1434 1563 tamen
1468 1525 1519 1563 ad

185 1592 302 1631 istum
324 1599 502 1642 emptum
523 1597 715 1629 venerunt
736 1590 846 1628 illum
872 1591 1004 1628 locum
1025 1589 1267 1628 senatorium
1288 1603 1369 1628 non
1390 1591 1517 1628 solum

185 1665 345 1704 veteres,
386 1669 521 1695 verum
560 1655 678 1694 etiam
719 1654 821 1693 novi.
883 1654 943 1693 Fit
982 1662 1025 1693 ut
1059 1654 1185 1705 pretio
1223 1668 1349 1692 novus
1387 1654 1519 1694 vincat

184 1722 410 1772 litterasque
438 1736 461 1760 a
487 1729 664 1772 praetore
694 1721 843 1760 adferat
865 1720 1132 1771 Agrigentum.
1192 1719 1437 1771 Agrigentini
1466 1722 1517 1760 ad
1538 1739 1577 1771 ²5

186 1787 302 1826 istum
333 1789 481 1837 legatos
513 1786 672 1824 mittunt
705 1785 771 1836 qui
802 1798 893 1824 eum
924 1787 1028 1834 leges
1063 1786 1233 1824 doceant
1267 1786 1518 1825 consuetudi-

184 1866 356 1903 nemque
377 1851 555 1891 omnium
583 1864 778 1890 annorum
805 1852 1089 1897 demonstrent,
1113 1858 1155 1888 ut
1180 1850 1253 1889 iste
1277 1850 1517 1901 intellegeret

183 1918 218 1957 ei
248 1932 290 1957 se
319 1918 429 1956 illum
459 1919 592 1956 locum
619 1915 845 1956 vendidisse
876 1915 939 1954 cui
969 1930 1019 1954 ne
1046 1915 1329 1955 commercium
1355 1916 1517 1966 quidem

183 1997 268 2022 esse
302 1990 525 2034 oporteret,
566 1995 733 2032 quorum
773 1980 950 2020 oratione
984 1980 1066 2027 iste,
1103 1994 1193 2019 cum
1233 1979 1402 2030 pretium
1438 1980 1515 2019 iam

183 2047 410 2098 accepisset,
434 2061 483 2086 ne
504 2048 699 2085 tantulum
721 2045 883 2096 quidem
913 2052 1138 2084 commotus
1159 2052 1226 2083 est.
1290 2046 1402 2083 Idem
1426 2045 1516 2084 fecit
1537 2061 1578 2092 30

231 2162 265 2182 11
295 2151 330 2183 L.
351 2151 410 2182 [Οι
584 2160 621 2189 13
646 2150 678 2180 in
697 2155 818 2180 senatu
835 2149 903 2179 cO:
932 2160 998 2180 om.
1017 2154 1039 2189 p
1056 2149 1120 2180 rell.
1298 2159 1336 2187 14
1362 2154 1515 2180 veterum

184 2196 319 2227 Ilolom.
526 2204 561 2231 15
587 2194 744 2224 delictum
761 2199 806 2233 p:
832 2193 1000 2223 delectum
1020 2194 1036 2222 l)
1051 2192 1121 2224 edd.
1337 2203 1375 2231 19
1399 2199 1514 2224 vetere

184 2239 270 2270 codd.
292 2251 298 2270 z
323 2244 474 2269 veterum
493 2238 579 2277 vulg.
716 2247 757 2266 22
782 2237 945 2267 haberent
962 2249 983 2266 π
1108 2247 1148 2274 24
1173 2245 1288 2266 verum
1310 2236 1393 2266 lr'O:
1419 2237 1514 2277 sedp

183 2282 247 2313 rell.
385 2284 426 2313 28
451 2282 559 2313 locum
578 2281 668 2311 illum
692 2281 723 2310 V
807 2281 858 2310 cui
876 2290 985 2319 neque
1006 2279 1038 2308 V
