1715 2734
145 141 412 180 ACTIONIS
436 141 496 177 IN
519 140 563 179 C.
587 140 827 177 VERREM
849 139 1148 178 SECVNDAE
1170 139 1274 176 LIB.
1298 139 1356 175 IV
1423 138 1467 175 18

142 248 216 287 illis
230 248 368 287 diebus
383 247 533 286 misisse
550 248 793 298 Lilybaeum.
856 250 947 298 Ipse
967 248 1113 286 interea
1128 248 1274 286 recedit
1292 262 1303 295 3
1329 247 1468 286 abesse

141 328 163 352 a
184 315 305 352 domo
325 313 521 363 paulisper
541 313 677 350 maluit
698 327 815 362 quam
834 327 1017 363 praesens
1039 313 1135 351 illud
1156 312 1304 362 optime
1321 313 1466 350 factum

139 386 342 428 argentum
372 377 560 416 amittere.
621 380 741 427 Quod
771 378 838 416 ubi
866 378 938 417 iste
961 378 1121 425 audivit,
1144 391 1268 426 usque
1292 391 1340 415 eo
1364 391 1468 416 com-

141 450 270 481 motus
310 450 367 481 est
402 450 444 481 ut
478 443 562 481 sine
601 444 678 481 ulla
712 443 959 481 dubitatione
994 442 1163 481 insanire
1203 442 1387 480 omnibus
1421 456 1467 480 ac

103 524 119 555 5
140 509 263 546 furere
284 507 487 546 videretur.
548 507 653 556 Quia
680 521 759 545 non
781 515 959 557 potuerat
982 507 1129 557 eripere
1150 514 1352 556 argentum
1384 506 1467 556 ipse

142 572 330 619 Diodoro,
366 579 498 622 erepta
531 572 604 611 sibi
636 586 726 610 vasa
758 572 906 622 optime
940 574 1041 611 facta
1075 572 1230 610 dicebat
1249 586 1258 619 3
1299 571 1467 609 minitari

138 637 291 675 absenti
323 637 513 681 Diodoro,
544 636 744 675 vociferari
775 639 914 687 palam,
951 637 1129 676 lacrimas
1159 637 1355 675 interdum
1386 651 1467 675 non

139 709 281 740 tenere.
342 701 567 752 Eriphylam
597 701 821 751 accepimus
852 701 891 739 in
923 701 1063 740 fabulis
1094 716 1139 740 ea
1168 701 1382 751 cupiditate
1411 709 1464 748 ut,

140 781 229 805 cum
251 766 411 805 vidisset
440 766 597 813 monile,
620 774 662 804 ut
682 766 831 816 opinor,
856 781 902 805 ex
923 781 1018 806 auro
1042 775 1081 805 et
1102 766 1279 816 gemmis,
1303 766 1467 816 pulchri-

83 847 122 868 10
140 832 277 870 tudine
308 831 390 870 eius
426 831 585 869 incensa
618 833 782 870 salutem
814 831 883 869 viri
918 833 1109 882 proderet.
1182 831 1326 870 Similis
1357 831 1467 869 istius

140 896 345 946 cupiditas,
369 898 444 935 hoc
471 896 587 934 etiam
614 896 738 934 acrior
761 903 880 946 atque
907 896 1088 943 insanior,
1113 898 1221 946 quod
1249 896 1313 934 illa
1339 896 1467 946 cupie-

137 963 203 1001 bat
233 961 273 1000 id
304 962 412 1011 quod
433 961 591 1008 viderat,
615 961 730 999 huius
760 961 944 1001 libidines
975 975 1055 1000 non
1085 963 1212 1000 solum
1243 961 1366 1000 oculis
1396 963 1466 1000 sed

136 1026 254 1065 etiarn
274 1026 432 1065 auribus
452 1026 730 1064 excitabantur.

191 1090 381 1141 Cbnquiri
408 1090 629 1130 Diodorum
654 1098 736 1130 tota
766 1091 967 1140 provincia
996 1091 1127 1130 iubet:
1167 1091 1230 1129 ille
1261 1106 1305 1130 ex
1337 1090 1467 1129 Sicilia

80 1172 116 1202 15
136 1156 212 1201 iam
235 1164 359 1194 castra
380 1163 645 1194 commoverat
666 1164 703 1194 et
724 1170 815 1194 vasa
835 1158 1052 1206 collegerat.
1107 1159 1254 1203 Homo,
1271 1164 1312 1194 ut
1333 1157 1466 1205 aliquo

137 1222 258 1259 modo
289 1220 327 1258 in
358 1220 598 1270 provinciam
629 1221 737 1259 illum
768 1229 976 1267 revocaret,
1000 1222 1102 1259 hanc
1133 1221 1325 1271 excogitat
1355 1221 1466 1260 ratio-

135 1299 237 1331 nem,
273 1285 303 1323 si
336 1287 432 1323 haec
464 1285 561 1324 ratio
593 1285 723 1336 potius
755 1299 873 1335 quam
907 1287 1079 1323 amentia
1114 1286 1357 1324 nominanda
1395 1294 1463 1324 est.

136 1350 312 1400 Apponit
339 1351 389 1388 de
420 1350 498 1388 suis
530 1350 693 1389 canibus
724 1352 922 1400 quendam
954 1350 1021 1401 qui
1046 1351 1150 1389 dicat
1174 1365 1215 1389 se
1245 1351 1465 1390 Diodorum

137 1415 386 1453 Melitensem
412 1415 465 1453 rei
495 1415 669 1465 capitalis
695 1429 802 1454 reum
835 1417 933 1454 velle
964 1417 1100 1455 facere.
1162 1415 1293 1454 Primo
1325 1416 1465 1454 mirum

77 1496 116 1517 20
135 1479 319 1518 omnibus
342 1479 462 1518 videri
486 1480 706 1518 Diodorum
731 1494 851 1528 reum,
871 1481 1074 1520 hominem
1097 1481 1395 1531 quietissimum,
1415 1482 1466 1520 ab

135 1544 243 1582 omni
267 1558 347 1582 non
373 1546 494 1583 modo
519 1545 702 1583 facinoris
724 1559 857 1583 verum
886 1546 1002 1584 etiam
1030 1546 1181 1584 minimi
1207 1547 1318 1584 errati
1345 1547 1466 1596 suspi-

134 1610 247 1648 cione
262 1609 565 1648 remotissimum
582 1625 590 1657 ;
619 1610 764 1649 deinde
783 1624 867 1649 esse
888 1611 1138 1661 perspicuum
1155 1612 1235 1650 fieri
1254 1612 1386 1650 omnia
1404 1613 1466 1650 illa

134 1683 292 1725 propter
321 1683 534 1724 argentum.
597 1678 676 1714 Iste
707 1690 786 1714 non
813 1677 967 1714 dubitat
995 1676 1127 1715 iubere
1152 1690 1296 1715 nomen
1323 1678 1463 1725 referri,

135 1748 172 1778 et
201 1748 283 1778 tum
309 1739 477 1790 primum
504 1748 545 1778 ut
571 1741 711 1791 opinor
740 1741 856 1779 istum
882 1741 1055 1779 absentis
1084 1755 1227 1779 nomen
1259 1742 1461 1792 recepisse.

1487 153 1530 185 39

1486 1073 1532 1109 ¹9

1484 1134 1528 1164 40

76 1819 115 1850 ²5
137 1806 217 1842 Res
248 1806 351 1843 clara
382 1804 512 1843 Sicilia
541 1813 636 1853 tota,
665 1815 822 1856 propter
850 1806 987 1845 caelati
1021 1806 1169 1855 argenti
1208 1806 1463 1856 cupiditatem
1483 1823 1523 1855 41

135 1883 220 1908 reos
259 1869 340 1907 fieri
379 1883 506 1907 rerum
538 1869 773 1919 capitalium,
809 1884 937 1920 neque
976 1872 1103 1908 solum
1144 1885 1228 1910 reos
1268 1872 1360 1919 fieri,
1394 1874 1463 1911 sed

133 1934 251 1973 etiam
289 1934 473 1972 absentis.
534 1934 733 1972 Diodorus
768 1937 922 1973 Romae
961 1935 1182 1974 sordidatus
1221 1936 1367 1974 circum
1401 1951 1464 1986 pa-

134 2007 267 2038 tronos
296 2007 415 2049 atque
445 1999 618 2049 hospites
649 2007 812 2047 cursare,
837 2014 916 2038 rem
948 2001 1133 2039 omnibus
1164 2015 1329 2040 narrare.
1387 2002 1463 2040 Lit-

177 2114 197 2142 3
221 2103 388 2133 amitteret
407 2101 468 2143 Lg.
487 2113 529 2141 42
548 2103 650 2143 (prob.
669 2103 899 2143 Hz'rscltfilder)
1034 2115 1052 2143 5
1080 2105 1151 2143 ipse
1178 2105 1327 2135 Diodoro
1344 2106 1462 2138 RSH:

135 2147 207 2187 ipse
235 2158 254 2176 a
282 2147 430 2177 Diodoro
458 2147 535 2178 rell..
558 2146 641 2176 trude
667 2148 753 2177 varie
780 2147 999 2178 distinxerunt
1027 2148 1119 2179 edd.:
1155 2149 1226 2188 ipse
1255 2148 1459 2190 (Diodoro),

134 2201 153 2221 a
171 2190 322 2221 Diodoro
340 2195 456 2229 erepta
474 2190 535 2219 sibi
559 2189 686 2229 Ticdka,
705 2190 793 2220 Nohl
968 2193 989 2221 6
1014 2192 1102 2222 sacta
1120 2193 1249 2222 dicebat
1267 2193 1390 2230 optime
1403 2192 1438 2232 ῥ’
1456 2206 1461 2224 :

137 2235 222 2264 facta
249 2234 375 2272 optime
403 2234 466 2263 dic.
488 2233 569 2272 Δβῆν
763 2244 779 2273 7
807 2234 955 2265 Diodoro
982 2236 1050 2265 secl.
1081 2235 1197 2274 Kays„
1228 2234 1344 2272 Halm,
1376 2236 1466 2266 Nohl

135 2288 201 2307 non
219 2276 283 2307 SD
301 2279 345 2317 (v,
367 2280 381 2313 ξ
406 2276 479 2315 172)
497 2289 502 2306 z
527 2277 582 2306 vix
599 2275 676 2305 πΙ-[δ
693 2276 786 2307 Serv.
801 2277 848 2307 ad
860 2278 944 2308 Aen.
964 2289 994 2309 V.
1014 2288 1090 2318 173:
1116 2289 1181 2308 om.
1194 2279 1227 2308 R
1316 2280 1336 2309 8
1360 2279 1461 2309 fuisse

136 2325 171 2350 ut
188 2321 309 2359 Kays.:
335 2320 368 2350 in
387 2319 416 2350 S
431 2323 476 2349 est
492 2330 607 2349 rasura
619 2323 695 2358 post
711 2320 830 2350 fabulis
935 2331 972 2350 12
998 2321 1131 2351 videbat
1150 2321 1190 2350 H
1289 2332 1331 2352 20
1354 2322 1460 2352 videri

137 2364 209 2394 fieri
227 2364 339 2393 Eberlt.
453 2372 494 2401 23
518 2363 640 2393 deferri
654 2365 696 2402 ρδ
808 2374 848 2402 24
873 2369 909 2394 ut
923 2365 1041 2403 opinor
1059 2363 1175 2395 RSH:
1202 2365 1322 2403 opinor
1332 2367 1374 2405 pa
1391 2365 1458 2396 edd.

137 2409 178 2437 26
204 2417 279 2437 reos
297 2406 436 2446 RSHp:
462 2416 537 2437 reos
554 2411 763 2447 praesentes,
783 2407 833 2438 vel
847 2413 1045 2447 praesentes
1063 2418 1139 2438 reos
1157 2409 1172 2437 δ
