<?xml version="1.0" encoding="UTF-8"?>
<!DOCTYPE html PUBLIC "-//W3C//DTD XHTML 1.0 Transitional//EN"
    "http://www.w3.org/TR/xhtml1/DTD/xhtml1-transitional.dtd">
<html xmlns="http://www.w3.org/1999/xhtml" xml:lang="en" lang="en">
 <head>
  <title>
</title>
<meta http-equiv="Content-Type" content="text/html;charset=utf-8" />
  <meta name='ocr-system' content='tesseract 3.04.00' />
  <meta name='ocr-capabilities' content='ocr_page ocr_carea ocr_par ocr_line ocrx_word'/>
</head>
<body>
  <div class='ocr_page' id='page_1' title='image "./orationesrecogno03ciceuoft/orationesrecogno03ciceuoft_0380.png"; bbox 0 0 1715 2734; ppageno 0'>
   <div class='ocr_carea' id='block_1_1' title="bbox 167 102 247 251">
    <p class='ocr_par' dir='ltr' id='par_1_1' title="bbox 167 102 247 251">
     <span class='ocr_line' id='line_1_1' title="bbox 190 102 247 139; baseline 0 -11"><span class='ocrx_word' id='word_1_1' title='bbox 190 102 247 139; x_wconf 86' lang='lat'>40</span> 
     </span>
     <span class='ocr_line' id='line_1_2' title="bbox 167 198 244 251; baseline 0.013 -1"><span class='ocrx_word' id='word_1_2' title='bbox 167 198 244 251; x_wconf 77' lang='grc'>(86)</span> 
     </span>
    </p>
   </div>
   <div class='ocr_carea' id='block_1_2' title="bbox 193 1250 232 1289">
    <p class='ocr_par' dir='ltr' id='par_1_2' title="bbox 193 1250 232 1289">
     <span class='ocr_line' id='line_1_3' title="bbox 193 1250 232 1289; baseline 0 0"><span class='ocrx_word' id='word_1_3' title='bbox 193 1250 232 1289; x_wconf 81' lang='lat'>87</span> 
     </span>
    </p>
   </div>
   <div class='ocr_carea' id='block_1_3' title="bbox 184 2078 228 2158">
    <p class='ocr_par' dir='ltr' id='par_1_3' title="bbox 184 2078 228 2158">
     <span class='ocr_line' id='line_1_4' title="bbox 184 2078 228 2113; baseline 0 -10"><span class='ocrx_word' id='word_1_4' title='bbox 184 2078 228 2113; x_wconf 91' lang='lat'>41</span> 
     </span>
     <span class='ocr_line' id='line_1_5' title="bbox 187 2130 227 2158; baseline 0.025 -1"><span class='ocrx_word' id='word_1_5' title='bbox 187 2130 227 2158; x_wconf 80' lang='lat' dir='ltr'>ss</span> 
     </span>
    </p>
   </div>
   <div class='ocr_carea' id='block_1_4' title="bbox 267 92 1235 132">
    <p class='ocr_par' dir='ltr' id='par_1_4' title="bbox 267 92 1235 132">
     <span class='ocr_line' id='line_1_6' title="bbox 267 92 1235 132; baseline 0.001 -3"><span class='ocrx_word' id='word_1_6' title='bbox 267 98 309 129; x_wconf 90' lang='lat'>86</span> <span class='ocrx_word' id='word_1_7' title='bbox 638 94 694 131; x_wconf 92' lang='lat' dir='ltr'>M.</span> <span class='ocrx_word' id='word_1_8' title='bbox 726 93 896 131; x_wconf 92' lang='lat' dir='ltr'>TVLLI</span> <span class='ocrx_word' id='word_1_9' title='bbox 928 92 1235 132; x_wconf 87' lang='lat' dir='ltr'><strong>CICERONIS</strong></span> 
     </span>
    </p>
   </div>
   <div class='ocr_carea' id='block_1_5' title="bbox 252 201 1597 1097">
    <p class='ocr_par' dir='ltr' id='par_1_5' title="bbox 252 201 1597 1097">
     <span class='ocr_line' id='line_1_7' title="bbox 264 201 1597 253; baseline 0 -14"><span class='ocrx_word' id='word_1_10' title='bbox 264 202 314 240; x_wconf 90' lang='lat' dir='ltr'>de</span> <span class='ocrx_word' id='word_1_11' title='bbox 335 203 424 240; x_wconf 93' lang='lat' dir='ltr'>loco</span> <span class='ocrx_word' id='word_1_12' title='bbox 445 202 654 253; x_wconf 76' lang='lat' dir='ltr'><strong>superiore.</strong></span> <span class='ocrx_word' id='word_1_13' title='bbox 715 204 808 240; x_wconf 85' lang='lat' dir='ltr'>Erat</span> <span class='ocrx_word' id='word_1_14' title='bbox 829 202 955 241; x_wconf 88' lang='lat' dir='ltr'>hiems</span> <span class='ocrx_word' id='word_1_15' title='bbox 975 216 1141 250; x_wconf 87' lang='lat' dir='ltr'>summa,</span> <span class='ocrx_word' id='word_1_16' title='bbox 1160 209 1383 252; x_wconf 75' lang='lat' dir='ltr'>tempestas,</span> <span class='ocrx_word' id='word_1_17' title='bbox 1407 210 1448 240; x_wconf 91' lang='lat' dir='ltr'>ut</span> <span class='ocrx_word' id='word_1_18' title='bbox 1469 201 1597 252; x_wconf 88' lang='lat' dir='ltr'>ipsum</span> 
     </span>
     <span class='ocr_line' id='line_1_8' title="bbox 262 265 1596 317; baseline 0.001 -14"><span class='ocrx_word' id='word_1_19' title='bbox 262 265 469 315; x_wconf 79' lang='lat' dir='ltr'>Sopatrum</span> <span class='ocrx_word' id='word_1_20' title='bbox 500 267 631 306; x_wconf 78' lang='lat' dir='ltr'>dicere</span> <span class='ocrx_word' id='word_1_21' title='bbox 658 266 833 315; x_wconf 87' lang='lat' dir='ltr'>audistis,</span> <span class='ocrx_word' id='word_1_22' title='bbox 867 266 1088 317; x_wconf 80' lang='lat' dir='ltr'>perfrigida,</span> <span class='ocrx_word' id='word_1_23' title='bbox 1120 267 1245 306; x_wconf 87' lang='lat' dir='ltr'>imber</span> <span class='ocrx_word' id='word_1_24' title='bbox 1276 267 1479 313; x_wconf 84' lang='lat' dir='ltr'>maximus,</span> <span class='ocrx_word' id='word_1_25' title='bbox 1505 280 1596 305; x_wconf 88' lang='lat' dir='ltr'>cum</span> 
     </span>
     <span class='ocr_line' id='line_1_9' title="bbox 262 328 1597 382; baseline 0.001 -15"><span class='ocrx_word' id='word_1_26' title='bbox 262 328 333 368; x_wconf 88' lang='lat' dir='ltr'>iste</span> <span class='ocrx_word' id='word_1_27' title='bbox 368 330 532 380; x_wconf 91' lang='lat' dir='ltr'>imperat</span> <span class='ocrx_word' id='word_1_28' title='bbox 578 331 780 370; x_wconf 84' lang='lat' dir='ltr'>lictoribus</span> <span class='ocrx_word' id='word_1_29' title='bbox 827 339 868 370; x_wconf 90' lang='lat' dir='ltr'>ut</span> <span class='ocrx_word' id='word_1_30' title='bbox 913 332 1122 381; x_wconf 81' lang='lat' dir='ltr'>Sopatrum</span> <span class='ocrx_word' id='word_1_31' title='bbox 1152 334 1202 371; x_wconf 88' lang='lat' dir='ltr'>de</span> <span class='ocrx_word' id='word_1_32' title='bbox 1244 332 1408 382; x_wconf 89' lang='lat' dir='ltr'>porticu,</span> <span class='ocrx_word' id='word_1_33' title='bbox 1445 331 1484 369; x_wconf 88' lang='lat' dir='ltr'>in</span> <span class='ocrx_word' id='word_1_34' title='bbox 1519 345 1597 381; x_wconf 86' lang='lat' dir='ltr'>qua</span> 
     </span>
     <span class='ocr_line' id='line_1_10' title="bbox 261 394 1597 446; baseline 0.002 -15"><span class='ocrx_word' id='word_1_35' title='bbox 261 394 345 444; x_wconf 90' lang='lat' dir='ltr'>ipse</span> <span class='ocrx_word' id='word_1_36' title='bbox 385 396 560 443; x_wconf 84' lang='lat' dir='ltr'>sedebat,</span> <span class='ocrx_word' id='word_1_37' title='bbox 598 395 854 446; x_wconf 86' lang='lat' dir='ltr'>praecipitem</span> <span class='ocrx_word' id='word_1_38' title='bbox 894 396 934 434; x_wconf 93' lang='lat' dir='ltr'>in</span> <span class='ocrx_word' id='word_1_39' title='bbox 975 398 1101 434; x_wconf 91' lang='lat' dir='ltr'>forum</span> <span class='ocrx_word' id='word_1_40' title='bbox 1151 397 1323 435; x_wconf 78' lang='lat' dir='ltr'>deiciant</span> <span class='ocrx_word' id='word_1_41' title='bbox 1363 397 1597 446; x_wconf 90' lang='lat' dir='ltr'>nudumque</span> 
     </span>
     <span class='ocr_line' id='line_1_11' title="bbox 259 460 1595 512; baseline 0 -14"><span class='ocrx_word' id='word_1_42' title='bbox 259 461 510 499; x_wconf 79' lang='lat' dir='ltr'>constituant.</span> <span class='ocrx_word' id='word_1_43' title='bbox 583 462 659 499; x_wconf 87' lang='lat' dir='ltr'>Vix</span> <span class='ocrx_word' id='word_1_44' title='bbox 691 470 771 499; x_wconf 87' lang='lat' dir='ltr'>erat</span> <span class='ocrx_word' id='word_1_45' title='bbox 810 463 887 500; x_wconf 91' lang='lat' dir='ltr'>hoc</span> <span class='ocrx_word' id='word_1_46' title='bbox 928 463 1043 511; x_wconf 87' lang='lat' dir='ltr'>plane</span> <span class='ocrx_word' id='word_1_47' title='bbox 1084 462 1317 512; x_wconf 77' lang='lat' dir='ltr'>imperatum</span> <span class='ocrx_word' id='word_1_48' title='bbox 1352 475 1443 499; x_wconf 88' lang='lat' dir='ltr'>cum</span> <span class='ocrx_word' id='word_1_49' title='bbox 1486 460 1595 498; x_wconf 88' lang='lat' dir='ltr'>illum</span> 
     </span>
     <span class='ocr_line' id='line_1_12' title="bbox 257 525 1596 576; baseline 0.002 -14"><span class='ocrx_word' id='word_1_50' title='bbox 257 525 467 574; x_wconf 88' lang='lat' dir='ltr'>spoliatum</span> <span class='ocrx_word' id='word_1_51' title='bbox 501 526 769 576; x_wconf 74' lang='lat' dir='ltr'>stipatumque</span> <span class='ocrx_word' id='word_1_52' title='bbox 804 525 1007 564; x_wconf 84' lang='lat' dir='ltr'>lictoribus</span> <span class='ocrx_word' id='word_1_53' title='bbox 1039 526 1201 565; x_wconf 80' lang='lat' dir='ltr'>videres.</span> <span class='ocrx_word' id='word_1_54' title='bbox 1262 528 1414 565; x_wconf 82' lang='lat' dir='ltr'>Omnes</span> <span class='ocrx_word' id='word_1_55' title='bbox 1444 525 1483 564; x_wconf 92' lang='lat' dir='ltr'>id</span> <span class='ocrx_word' id='word_1_56' title='bbox 1516 527 1596 565; x_wconf 90' lang='lat' dir='ltr'>fore</span> 
     </span>
     <span class='ocr_line' id='line_1_13' title="bbox 257 591 1595 642; baseline 0.001 -15"><span class='ocrx_word' id='word_1_57' title='bbox 257 591 448 639; x_wconf 84' lang='lat' dir='ltr'>putabant</span> <span class='ocrx_word' id='word_1_58' title='bbox 474 599 515 628; x_wconf 92' lang='lat' dir='ltr'>ut</span> <span class='ocrx_word' id='word_1_59' title='bbox 543 591 661 630; x_wconf 87' lang='lat' dir='ltr'>miser</span> <span class='ocrx_word' id='word_1_60' title='bbox 687 600 806 641; x_wconf 89' lang='lat' dir='ltr'>atque</span> <span class='ocrx_word' id='word_1_61' title='bbox 828 591 1020 630; x_wconf 82' lang='lat' dir='ltr'>innocens</span> <span class='ocrx_word' id='word_1_62' title='bbox 1042 592 1155 642; x_wconf 82' lang='lat' dir='ltr'>virgis</span> <span class='ocrx_word' id='word_1_63' title='bbox 1177 594 1430 638; x_wconf 78' lang='lat' dir='ltr'>caederetur3</span> <span class='ocrx_word' id='word_1_64' title='bbox 1461 592 1595 630; x_wconf 85' lang='lat' dir='ltr'>fefellit</span> 
     </span>
     <span class='ocr_line' id='line_1_14' title="bbox 256 654 1592 706; baseline 0.002 -15"><span class='ocrx_word' id='word_1_65' title='bbox 256 654 319 691; x_wconf 87' lang='lat' dir='ltr'>hic</span> <span class='ocrx_word' id='word_1_66' title='bbox 340 655 521 694; x_wconf 89' lang='lat' dir='ltr'>homines</span> <span class='ocrx_word' id='word_1_67' title='bbox 542 655 689 706; x_wconf 88' lang='lat' dir='ltr'>opinio.</span> <span class='ocrx_word' id='word_1_68' title='bbox 749 656 877 706; x_wconf 84' lang='lat' dir='ltr'>Virgis</span> <span class='ocrx_word' id='word_1_69' title='bbox 898 656 970 695; x_wconf 90' lang='lat' dir='ltr'>iste</span> <span class='ocrx_word' id='word_1_70' title='bbox 991 659 1171 696; x_wconf 80' lang='lat' dir='ltr'>caederet</span> <span class='ocrx_word' id='word_1_71' title='bbox 1193 659 1276 695; x_wconf 84' lang='lat' dir='ltr'>sine</span> <span class='ocrx_word' id='word_1_72' title='bbox 1297 670 1415 695; x_wconf 88' lang='lat' dir='ltr'>causa</span> <span class='ocrx_word' id='word_1_73' title='bbox 1441 656 1592 694; x_wconf 86' lang='lat' dir='ltr'>socium</span> 
     </span>
     <span class='ocr_line' id='line_1_15' title="bbox 255 719 1593 772; baseline 0.003 -16"><span class='ocrx_word' id='word_1_74' title='bbox 255 719 391 769; x_wconf 89' lang='lat' dir='ltr'>populi</span> <span class='ocrx_word' id='word_1_75' title='bbox 420 721 593 759; x_wconf 89' lang='lat' dir='ltr'>Romani</span> <span class='ocrx_word' id='word_1_76' title='bbox 618 729 738 771; x_wconf 90' lang='lat' dir='ltr'>atque</span> <span class='ocrx_word' id='word_1_77' title='bbox 765 721 972 759; x_wconf 85' lang='lat' dir='ltr'>amicum?</span> <span class='ocrx_word' id='word_1_78' title='bbox 1032 723 1123 760; x_wconf 92' lang='lat' dir='ltr'>Non</span> <span class='ocrx_word' id='word_1_79' title='bbox 1150 736 1275 772; x_wconf 82' lang='lat' dir='ltr'>usque</span> <span class='ocrx_word' id='word_1_80' title='bbox 1305 735 1352 760; x_wconf 83' lang='lat' dir='ltr'>eo</span> <span class='ocrx_word' id='word_1_81' title='bbox 1374 729 1431 759; x_wconf 87' lang='lat' dir='ltr'>est</span> <span class='ocrx_word' id='word_1_82' title='bbox 1452 721 1593 771; x_wconf 92' lang='lat' dir='ltr'>impro-</span> 
     </span>
     <span class='ocr_line' id='line_1_16' title="bbox 256 784 1588 837; baseline 0.002 -15"><span class='ocrx_word' id='word_1_83' title='bbox 256 784 353 832; x_wconf 81' lang='lat' dir='ltr'>bus;</span> <span class='ocrx_word' id='word_1_84' title='bbox 397 799 477 823; x_wconf 92' lang='lat' dir='ltr'>non</span> <span class='ocrx_word' id='word_1_85' title='bbox 499 786 633 824; x_wconf 88' lang='lat' dir='ltr'>omnia</span> <span class='ocrx_word' id='word_1_86' title='bbox 654 794 745 824; x_wconf 90' lang='lat' dir='ltr'>sunt</span> <span class='ocrx_word' id='word_1_87' title='bbox 767 786 805 824; x_wconf 92' lang='lat' dir='ltr'>in</span> <span class='ocrx_word' id='word_1_88' title='bbox 827 800 908 825; x_wconf 92' lang='lat' dir='ltr'>uno</span> <span class='ocrx_word' id='word_1_89' title='bbox 929 787 1021 825; x_wconf 82' lang='lat' dir='ltr'>vitia</span> <span class='ocrx_word' id='word_1_90' title='bbox 1040 802 1048 834; x_wconf 78' lang='lat'><em>3</em></span> <span class='ocrx_word' id='word_1_91' title='bbox 1078 801 1294 837; x_wconf 81' lang='lat' dir='ltr'>numquam</span> <span class='ocrx_word' id='word_1_92' title='bbox 1317 787 1387 825; x_wconf 88' lang='lat' dir='ltr'>fuit</span> <span class='ocrx_word' id='word_1_93' title='bbox 1409 787 1588 825; x_wconf 88' lang='lat' dir='ltr'>crudelis.</span> 
     </span>
     <span class='ocr_line' id='line_1_17' title="bbox 256 849 1591 902; baseline 0.003 -16"><span class='ocrx_word' id='word_1_94' title='bbox 256 849 414 888; x_wconf 87' lang='lat' dir='ltr'>Leniter</span> <span class='ocrx_word' id='word_1_95' title='bbox 453 851 657 890; x_wconf 89' lang='lat' dir='ltr'>hominem</span> <span class='ocrx_word' id='word_1_96' title='bbox 692 853 986 902; x_wconf 87' lang='lat' dir='ltr'>clementerque</span> <span class='ocrx_word' id='word_1_97' title='bbox 1019 852 1182 902; x_wconf 88' lang='lat' dir='ltr'>accepit.</span> <span class='ocrx_word' id='word_1_98' title='bbox 1258 854 1470 902; x_wconf 88' lang='lat' dir='ltr'>Equestres</span> <span class='ocrx_word' id='word_1_99' title='bbox 1500 860 1591 890; x_wconf 89' lang='lat' dir='ltr'>sunt</span> 
     </span>
     <span class='ocr_line' id='line_1_18' title="bbox 253 914 1589 964; baseline 0.001 -12"><span class='ocrx_word' id='word_1_100' title='bbox 253 914 387 953; x_wconf 89' lang='lat' dir='ltr'>medio</span> <span class='ocrx_word' id='word_1_101' title='bbox 425 915 465 953; x_wconf 89' lang='lat' dir='ltr'>in</span> <span class='ocrx_word' id='word_1_102' title='bbox 500 918 585 954; x_wconf 93' lang='lat' dir='ltr'>foro</span> <span class='ocrx_word' id='word_1_103' title='bbox 618 918 898 955; x_wconf 84' lang='lat' dir='ltr'>Marcellorum</span> <span class='ocrx_word' id='word_1_104' title='bbox 934 924 1095 964; x_wconf 76' lang='lat' dir='ltr'>statuae,</span> <span class='ocrx_word' id='word_1_105' title='bbox 1133 917 1233 955; x_wconf 90' lang='lat' dir='ltr'>sicut</span> <span class='ocrx_word' id='word_1_106' title='bbox 1266 919 1344 955; x_wconf 92' lang='lat' dir='ltr'>fere</span> <span class='ocrx_word' id='word_1_107' title='bbox 1378 916 1515 955; x_wconf 88' lang='lat' dir='ltr'>ceteris</span> <span class='ocrx_word' id='word_1_108' title='bbox 1551 916 1589 954; x_wconf 93' lang='lat' dir='ltr'>in</span> 
     </span>
     <span class='ocr_line' id='line_1_19' title="bbox 252 979 1586 1031; baseline 0.001 -15"><span class='ocrx_word' id='word_1_109' title='bbox 252 979 409 1029; x_wconf 87' lang='lat' dir='ltr'>oppidis</span> <span class='ocrx_word' id='word_1_110' title='bbox 436 980 614 1029; x_wconf 73' lang='lat' dir='ltr'>Siciliae3</span> <span class='ocrx_word' id='word_1_111' title='bbox 645 996 691 1020; x_wconf 86' lang='lat' dir='ltr'>ex</span> <span class='ocrx_word' id='word_1_112' title='bbox 712 981 856 1031; x_wconf 88' lang='lat' dir='ltr'>quibus</span> <span class='ocrx_word' id='word_1_113' title='bbox 878 982 949 1020; x_wconf 93' lang='lat' dir='ltr'>iste</span> <span class='ocrx_word' id='word_1_114' title='bbox 973 983 1017 1021; x_wconf 86' lang='lat' dir='ltr'>C.</span> <span class='ocrx_word' id='word_1_115' title='bbox 1043 982 1220 1020; x_wconf 86' lang='lat' dir='ltr'>Marcelli</span> <span class='ocrx_word' id='word_1_116' title='bbox 1243 989 1410 1020; x_wconf 87' lang='lat' dir='ltr'>statuam</span> <span class='ocrx_word' id='word_1_117' title='bbox 1432 981 1586 1031; x_wconf 84' lang='lat' dir='ltr'>delegit,</span> 
     </span>
     <span class='ocr_line' id='line_1_20' title="bbox 252 1044 1588 1097; baseline 0.001 -15"><span class='ocrx_word' id='word_1_118' title='bbox 252 1044 364 1083; x_wconf 90' lang='lat' dir='ltr'>cuius</span> <span class='ocrx_word' id='word_1_119' title='bbox 385 1045 513 1084; x_wconf 85' lang='lat' dir='ltr'>officia</span> <span class='ocrx_word' id='word_1_120' title='bbox 543 1046 583 1084; x_wconf 92' lang='lat' dir='ltr'>in</span> <span class='ocrx_word' id='word_1_121' title='bbox 615 1046 721 1084; x_wconf 88' lang='lat' dir='ltr'>illam</span> <span class='ocrx_word' id='word_1_122' title='bbox 743 1046 941 1085; x_wconf 87' lang='lat' dir='ltr'>civitatem</span> <span class='ocrx_word' id='word_1_123' title='bbox 964 1055 1167 1097; x_wconf 91' lang='lat' dir='ltr'>totamque</span> <span class='ocrx_word' id='word_1_124' title='bbox 1194 1046 1436 1097; x_wconf 87' lang='lat' dir='ltr'>provinciam</span> <span class='ocrx_word' id='word_1_125' title='bbox 1459 1060 1588 1085; x_wconf 87' lang='lat' dir='ltr'>recen-</span> 
     </span>
    </p>
   </div>
   <div class='ocr_carea' id='block_1_6' title="bbox 253 1109 1646 1162">
    <p class='ocr_par' dir='ltr' id='par_1_6' title="bbox 253 1109 1646 1162">
     <span class='ocr_line' id='line_1_21' title="bbox 253 1109 1646 1162; baseline 0.001 -15"><span class='ocrx_word' id='word_1_126' title='bbox 253 1109 403 1148; x_wconf 90' lang='lat' dir='ltr'>tissima</span> <span class='ocrx_word' id='word_1_127' title='bbox 432 1119 542 1149; x_wconf 88' lang='lat' dir='ltr'>erant</span> <span class='ocrx_word' id='word_1_128' title='bbox 571 1119 609 1150; x_wconf 92' lang='lat' dir='ltr'>et</span> <span class='ocrx_word' id='word_1_129' title='bbox 640 1111 835 1159; x_wconf 78' lang='lat' dir='ltr'>maxima3</span> <span class='ocrx_word' id='word_1_130' title='bbox 870 1111 908 1149; x_wconf 89' lang='lat' dir='ltr'>in</span> <span class='ocrx_word' id='word_1_131' title='bbox 936 1125 981 1150; x_wconf 87' lang='lat' dir='ltr'>ea</span> <span class='ocrx_word' id='word_1_132' title='bbox 1009 1114 1230 1162; x_wconf 87' lang='lat' dir='ltr'>Sopatrum,</span> <span class='ocrx_word' id='word_1_133' title='bbox 1260 1110 1463 1149; x_wconf 86' lang='lat' dir='ltr'>hominem</span> <span class='ocrx_word' id='word_1_134' title='bbox 1497 1124 1586 1148; x_wconf 91' lang='lat' dir='ltr'>cum</span> <span class='ocrx_word' id='word_1_135' title='bbox 1632 1123 1646 1153; x_wconf 67' lang='grc'>,-</span> 
     </span>
    </p>
   </div>
   <div class='ocr_carea' id='block_1_7' title="bbox 252 1175 1589 1422">
    <p class='ocr_par' dir='ltr' id='par_1_7' title="bbox 252 1175 1589 1422">
     <span class='ocr_line' id='line_1_22' title="bbox 252 1175 1587 1226; baseline 0.001 -14"><span class='ocrx_word' id='word_1_136' title='bbox 252 1175 362 1212; x_wconf 92' lang='lat' dir='ltr'>domi</span> <span class='ocrx_word' id='word_1_137' title='bbox 393 1175 569 1214; x_wconf 87' lang='lat' dir='ltr'>nobilem</span> <span class='ocrx_word' id='word_1_138' title='bbox 596 1184 679 1214; x_wconf 91' lang='lat' dir='ltr'>tum</span> <span class='ocrx_word' id='word_1_139' title='bbox 702 1190 859 1215; x_wconf 92' lang='lat' dir='ltr'>summo</span> <span class='ocrx_word' id='word_1_140' title='bbox 881 1176 1107 1226; x_wconf 84' lang='lat' dir='ltr'>magistratu</span> <span class='ocrx_word' id='word_1_141' title='bbox 1129 1176 1364 1226; x_wconf 83' lang='lat' dir='ltr'>praeditum,</span> <span class='ocrx_word' id='word_1_142' title='bbox 1386 1175 1587 1214; x_wconf 88' lang='lat' dir='ltr'>divaricari</span> 
     </span>
     <span class='ocr_line' id='line_1_23' title="bbox 252 1240 1588 1290; baseline 0.001 -13"><span class='ocrx_word' id='word_1_143' title='bbox 252 1253 299 1278; x_wconf 92' lang='lat' dir='ltr'>ac</span> <span class='ocrx_word' id='word_1_144' title='bbox 318 1240 479 1290; x_wconf 80' lang='lat' dir='ltr'>deligari</span> <span class='ocrx_word' id='word_1_145' title='bbox 501 1241 620 1280; x_wconf 88' lang='lat' dir='ltr'>iubet.</span> <span class='ocrx_word' id='word_1_146' title='bbox 682 1243 776 1290; x_wconf 83' lang='lat' dir='ltr'>Quo</span> <span class='ocrx_word' id='word_1_147' title='bbox 805 1241 979 1280; x_wconf 86' lang='lat' dir='ltr'>cruciatu</span> <span class='ocrx_word' id='word_1_148' title='bbox 1001 1241 1049 1280; x_wconf 89' lang='lat' dir='ltr'>sit</span> <span class='ocrx_word' id='word_1_149' title='bbox 1070 1243 1248 1280; x_wconf 86' lang='lat' dir='ltr'>adfectus</span> <span class='ocrx_word' id='word_1_150' title='bbox 1269 1241 1401 1280; x_wconf 88' lang='lat' dir='ltr'>venire</span> <span class='ocrx_word' id='word_1_151' title='bbox 1422 1241 1461 1278; x_wconf 91' lang='lat' dir='ltr'>in</span> <span class='ocrx_word' id='word_1_152' title='bbox 1485 1255 1588 1279; x_wconf 89' lang='lat' dir='ltr'>men-</span> 
     </span>
     <span class='ocr_line' id='line_1_24' title="bbox 253 1306 1585 1353; baseline 0.002 -12"><span class='ocrx_word' id='word_1_153' title='bbox 253 1312 332 1342; x_wconf 78' lang='lat' dir='ltr'>tem</span> <span class='ocrx_word' id='word_1_154' title='bbox 364 1319 526 1344; x_wconf 89' lang='lat' dir='ltr'>necesse</span> <span class='ocrx_word' id='word_1_155' title='bbox 547 1314 605 1345; x_wconf 90' lang='lat' dir='ltr'>est</span> <span class='ocrx_word' id='word_1_156' title='bbox 625 1306 823 1353; x_wconf 88' lang='lat' dir='ltr'>omnibus,</span> <span class='ocrx_word' id='word_1_157' title='bbox 846 1320 938 1345; x_wconf 88' lang='lat' dir='ltr'>cum</span> <span class='ocrx_word' id='word_1_158' title='bbox 965 1315 1067 1345; x_wconf 86' lang='lat' dir='ltr'>esset</span> <span class='ocrx_word' id='word_1_159' title='bbox 1088 1307 1241 1345; x_wconf 84' lang='lat' dir='ltr'>vinctus</span> <span class='ocrx_word' id='word_1_160' title='bbox 1268 1308 1399 1344; x_wconf 91' lang='lat' dir='ltr'>nudus</span> <span class='ocrx_word' id='word_1_161' title='bbox 1423 1306 1462 1344; x_wconf 89' lang='lat' dir='ltr'>in</span> <span class='ocrx_word' id='word_1_162' title='bbox 1487 1320 1585 1352; x_wconf 84' lang='lat' dir='ltr'>aere,</span> 
     </span>
     <span class='ocr_line' id='line_1_25' title="bbox 253 1369 1589 1422; baseline 0.002 -16"><span class='ocrx_word' id='word_1_163' title='bbox 253 1369 291 1406; x_wconf 91' lang='lat' dir='ltr'>in</span> <span class='ocrx_word' id='word_1_164' title='bbox 326 1369 454 1417; x_wconf 88' lang='lat' dir='ltr'>imbri,</span> <span class='ocrx_word' id='word_1_165' title='bbox 476 1371 514 1409; x_wconf 87' lang='lat' dir='ltr'>in</span> <span class='ocrx_word' id='word_1_166' title='bbox 544 1371 694 1421; x_wconf 81' lang='lat' dir='ltr'>frigore.</span> <span class='ocrx_word' id='word_1_167' title='bbox 755 1373 898 1422; x_wconf 89' lang='lat' dir='ltr'>Neque</span> <span class='ocrx_word' id='word_1_168' title='bbox 927 1380 1059 1410; x_wconf 88' lang='lat' dir='ltr'>tamen</span> <span class='ocrx_word' id='word_1_169' title='bbox 1091 1372 1178 1409; x_wconf 85' lang='lat' dir='ltr'>finis</span> <span class='ocrx_word' id='word_1_170' title='bbox 1205 1371 1296 1410; x_wconf 88' lang='lat' dir='ltr'>huic</span> <span class='ocrx_word' id='word_1_171' title='bbox 1326 1371 1487 1410; x_wconf 86' lang='lat' dir='ltr'>iniuriae</span> <span class='ocrx_word' id='word_1_172' title='bbox 1508 1385 1589 1409; x_wconf 92' lang='lat' dir='ltr'>cru-</span> 
     </span>
    </p>
   </div>
   <div class='ocr_carea' id='block_1_8' title="bbox 251 1434 1622 1487">
    <p class='ocr_par' dir='ltr' id='par_1_8' title="bbox 251 1434 1622 1487">
     <span class='ocr_line' id='line_1_26' title="bbox 251 1434 1622 1487; baseline 0.001 -15"><span class='ocrx_word' id='word_1_173' title='bbox 251 1434 483 1486; x_wconf 83' lang='lat' dir='ltr'>delitatique</span> <span class='ocrx_word' id='word_1_174' title='bbox 508 1437 627 1475; x_wconf 87' lang='lat' dir='ltr'>fiebat</span> <span class='ocrx_word' id='word_1_175' title='bbox 661 1438 790 1475; x_wconf 91' lang='lat' dir='ltr'>donec</span> <span class='ocrx_word' id='word_1_176' title='bbox 816 1438 985 1487; x_wconf 86' lang='lat' dir='ltr'>populus</span> <span class='ocrx_word' id='word_1_177' title='bbox 1012 1445 1130 1487; x_wconf 82' lang='lat' dir='ltr'>atque</span> <span class='ocrx_word' id='word_1_178' title='bbox 1155 1437 1335 1475; x_wconf 81' lang='lat' dir='ltr'>universa</span> <span class='ocrx_word' id='word_1_179' title='bbox 1362 1436 1584 1482; x_wconf 89' lang='lat' dir='ltr'>multitudo,</span> <span class='ocrx_word' id='word_1_180' title='bbox 1609 1447 1622 1467; x_wconf 82' lang='lat'><em>2</em></span> 
     </span>
    </p>
   </div>
   <div class='ocr_carea' id='block_1_9' title="bbox 250 1501 1587 1747">
    <p class='ocr_par' dir='ltr' id='par_1_9' title="bbox 250 1501 1587 1747">
     <span class='ocr_line' id='line_1_27' title="bbox 251 1501 1587 1552; baseline 0.001 -14"><span class='ocrx_word' id='word_1_181' title='bbox 251 1501 455 1540; x_wconf 84' lang='lat' dir='ltr'>atrocitate</span> <span class='ocrx_word' id='word_1_182' title='bbox 485 1502 538 1541; x_wconf 86' lang='lat' dir='ltr'>rei</span> <span class='ocrx_word' id='word_1_183' title='bbox 569 1502 917 1552; x_wconf 80' lang='lat' dir='ltr'>misericordiaque</span> <span class='ocrx_word' id='word_1_184' title='bbox 949 1511 1160 1549; x_wconf 88' lang='lat' dir='ltr'>commota,</span> <span class='ocrx_word' id='word_1_185' title='bbox 1197 1510 1376 1541; x_wconf 81' lang='lat' dir='ltr'>senatum</span> <span class='ocrx_word' id='word_1_186' title='bbox 1416 1503 1587 1540; x_wconf 85' lang='lat' dir='ltr'>clamore</span> 
     </span>
     <span class='ocr_line' id='line_1_28' title="bbox 250 1566 1586 1617; baseline 0.001 -14"><span class='ocrx_word' id='word_1_187' title='bbox 250 1566 378 1615; x_wconf 72' lang='lat' dir='ltr'>coegit</span> <span class='ocrx_word' id='word_1_188' title='bbox 410 1574 452 1604; x_wconf 93' lang='lat' dir='ltr'>ut</span> <span class='ocrx_word' id='word_1_189' title='bbox 493 1567 554 1605; x_wconf 82' lang='lat' dir='ltr'>isti</span> <span class='ocrx_word' id='word_1_190' title='bbox 582 1567 835 1605; x_wconf 82' lang='lat' dir='ltr'>simulacrum</span> <span class='ocrx_word' id='word_1_191' title='bbox 862 1566 959 1605; x_wconf 94' lang='lat' dir='ltr'>illud</span> <span class='ocrx_word' id='word_1_192' title='bbox 986 1567 1157 1605; x_wconf 86' lang='lat' dir='ltr'>Mercuri</span> <span class='ocrx_word' id='word_1_193' title='bbox 1182 1567 1440 1617; x_wconf 84' lang='lat' dir='ltr'>polliceretur.</span> <span class='ocrx_word' id='word_1_194' title='bbox 1501 1567 1586 1605; x_wconf 89' lang='lat' dir='ltr'>Cla-</span> 
     </span>
     <span class='ocr_line' id='line_1_29' title="bbox 252 1630 1585 1682; baseline 0 -14"><span class='ocrx_word' id='word_1_195' title='bbox 252 1632 411 1669; x_wconf 83' lang='lat' dir='ltr'>mabant</span> <span class='ocrx_word' id='word_1_196' title='bbox 427 1634 507 1671; x_wconf 88' lang='lat' dir='ltr'>fore</span> <span class='ocrx_word' id='word_1_197' title='bbox 528 1640 569 1670; x_wconf 89' lang='lat' dir='ltr'>ut</span> <span class='ocrx_word' id='word_1_198' title='bbox 586 1632 657 1682; x_wconf 84' lang='lat' dir='ltr'>ipsi</span> <span class='ocrx_word' id='word_1_199' title='bbox 673 1646 713 1670; x_wconf 91' lang='lat' dir='ltr'>se</span> <span class='ocrx_word' id='word_1_200' title='bbox 727 1632 767 1671; x_wconf 90' lang='lat' dir='ltr'>di</span> <span class='ocrx_word' id='word_1_201' title='bbox 785 1632 1024 1670; x_wconf 85' lang='lat' dir='ltr'>immortales</span> <span class='ocrx_word' id='word_1_202' title='bbox 1046 1633 1349 1679; x_wconf 85' lang='lat' dir='ltr'>ulciscerentur3</span> <span class='ocrx_word' id='word_1_203' title='bbox 1382 1630 1585 1669; x_wconf 86' lang='lat' dir='ltr'>hominem</span> 
     </span>
     <span class='ocr_line' id='line_1_30' title="bbox 251 1696 1583 1747; baseline -0.001 -13"><span class='ocrx_word' id='word_1_204' title='bbox 251 1696 399 1734; x_wconf 77' lang='lat' dir='ltr'>interea</span> <span class='ocrx_word' id='word_1_205' title='bbox 433 1696 556 1746; x_wconf 73' lang='lat' dir='ltr'>perire</span> <span class='ocrx_word' id='word_1_206' title='bbox 589 1697 842 1735; x_wconf 85' lang='lat' dir='ltr'>innocentem</span> <span class='ocrx_word' id='word_1_207' title='bbox 878 1711 959 1735; x_wconf 91' lang='lat' dir='ltr'>non</span> <span class='ocrx_word' id='word_1_208' title='bbox 994 1706 1185 1747; x_wconf 75' lang='lat' dir='ltr'>oportere.</span> <span class='ocrx_word' id='word_1_209' title='bbox 1255 1699 1361 1735; x_wconf 93' lang='lat' dir='ltr'>Tum</span> <span class='ocrx_word' id='word_1_210' title='bbox 1401 1698 1583 1746; x_wconf 85' lang='lat' dir='ltr'>frequens</span> 
     </span>
    </p>
   </div>
   <div class='ocr_carea' id='block_1_10' title="bbox 251 1762 1640 1813">
    <p class='ocr_par' dir='ltr' id='par_1_10' title="bbox 251 1762 1640 1813">
     <span class='ocr_line' id='line_1_31' title="bbox 251 1762 1640 1813; baseline -0.001 -13"><span class='ocrx_word' id='word_1_211' title='bbox 251 1771 409 1800; x_wconf 85' lang='lat' dir='ltr'>senatus</span> <span class='ocrx_word' id='word_1_212' title='bbox 438 1764 489 1801; x_wconf 92' lang='lat' dir='ltr'>ad</span> <span class='ocrx_word' id='word_1_213' title='bbox 517 1764 633 1800; x_wconf 85' lang='lat' dir='ltr'>istum</span> <span class='ocrx_word' id='word_1_214' title='bbox 658 1762 775 1809; x_wconf 81' lang='lat' dir='ltr'>venit,</span> <span class='ocrx_word' id='word_1_215' title='bbox 799 1762 1007 1813; x_wconf 87' lang='lat' dir='ltr'>pollicetur</span> <span class='ocrx_word' id='word_1_216' title='bbox 1034 1763 1199 1813; x_wconf 83' lang='lat' dir='ltr'>signum.</span> <span class='ocrx_word' id='word_1_217' title='bbox 1262 1764 1323 1801; x_wconf 88' lang='lat' dir='ltr'>Ita</span> <span class='ocrx_word' id='word_1_218' title='bbox 1350 1764 1513 1812; x_wconf 85' lang='lat' dir='ltr'>Sopater</span> <span class='ocrx_word' id='word_1_219' title='bbox 1533 1762 1582 1800; x_wconf 84' lang='lat' dir='ltr'>de</span> <span class='ocrx_word' id='word_1_220' title='bbox 1626 1775 1640 1805; x_wconf 71' lang='lat'>‚-</span> 
     </span>
    </p>
   </div>
   <div class='ocr_carea' id='block_1_11' title="bbox 248 1826 1582 2074">
    <p class='ocr_par' dir='ltr' id='par_1_11' title="bbox 249 1826 1582 1931">
     <span class='ocr_line' id='line_1_32' title="bbox 250 1826 1582 1878; baseline -0.001 -13"><span class='ocrx_word' id='word_1_221' title='bbox 250 1835 378 1866; x_wconf 83' lang='lat' dir='ltr'>statua</span> <span class='ocrx_word' id='word_1_222' title='bbox 412 1829 456 1867; x_wconf 87' lang='lat' dir='ltr'>C.</span> <span class='ocrx_word' id='word_1_223' title='bbox 490 1827 678 1874; x_wconf 89' lang='lat' dir='ltr'>Marcelli,</span> <span class='ocrx_word' id='word_1_224' title='bbox 711 1841 802 1866; x_wconf 91' lang='lat' dir='ltr'>cum</span> <span class='ocrx_word' id='word_1_225' title='bbox 837 1827 914 1866; x_wconf 88' lang='lat' dir='ltr'>iam</span> <span class='ocrx_word' id='word_1_226' title='bbox 946 1841 1072 1878; x_wconf 85' lang='lat' dir='ltr'>paene</span> <span class='ocrx_word' id='word_1_227' title='bbox 1107 1827 1349 1878; x_wconf 79' lang='lat' dir='ltr'>obriguisset‚</span> <span class='ocrx_word' id='word_1_228' title='bbox 1381 1827 1443 1865; x_wconf 78' lang='lat' dir='ltr'>vix</span> <span class='ocrx_word' id='word_1_229' title='bbox 1474 1826 1582 1865; x_wconf 86' lang='lat' dir='ltr'>vivus</span> 
     </span>
     <span class='ocr_line' id='line_1_33' title="bbox 249 1894 429 1931; baseline 0.006 -1"><span class='ocrx_word' id='word_1_230' title='bbox 249 1894 429 1931; x_wconf 87' lang='lat' dir='ltr'>aufertur.</span> 
     </span>
    </p>

    <p class='ocr_par' dir='ltr' id='par_1_12' title="bbox 248 1958 1580 2074">
     <span class='ocr_line' id='line_1_34' title="bbox 304 1958 1580 2009; baseline 0 -13"><span class='ocrx_word' id='word_1_231' title='bbox 304 1959 397 1997; x_wconf 87' lang='lat' dir='ltr'>Non</span> <span class='ocrx_word' id='word_1_232' title='bbox 425 1972 586 2008; x_wconf 80' lang='lat' dir='ltr'>possum</span> <span class='ocrx_word' id='word_1_233' title='bbox 611 1958 801 2008; x_wconf 85' lang='lat' dir='ltr'>disposite</span> <span class='ocrx_word' id='word_1_234' title='bbox 832 1959 948 1998; x_wconf 84' lang='lat' dir='ltr'>istum</span> <span class='ocrx_word' id='word_1_235' title='bbox 980 1972 1175 2005; x_wconf 86' lang='lat' dir='ltr'>accusare,</span> <span class='ocrx_word' id='word_1_236' title='bbox 1209 1958 1239 1997; x_wconf 87' lang='lat' dir='ltr'>si</span> <span class='ocrx_word' id='word_1_237' title='bbox 1270 1958 1451 2009; x_wconf 87' lang='lat' dir='ltr'>cupiam:</span> <span class='ocrx_word' id='word_1_238' title='bbox 1481 1971 1580 2008; x_wconf 93' lang='lat' dir='ltr'>opus</span> 
     </span>
     <span class='ocr_line' id='line_1_35' title="bbox 248 2023 1580 2074; baseline -0.001 -13"><span class='ocrx_word' id='word_1_239' title='bbox 248 2031 306 2061; x_wconf 84' lang='lat' dir='ltr'>cst</span> <span class='ocrx_word' id='word_1_240' title='bbox 328 2037 407 2061; x_wconf 90' lang='lat' dir='ltr'>non</span> <span class='ocrx_word' id='word_1_241' title='bbox 429 2025 555 2061; x_wconf 86' lang='lat' dir='ltr'>solum</span> <span class='ocrx_word' id='word_1_242' title='bbox 578 2024 736 2074; x_wconf 75' lang='lat' dir='ltr'>ingenio</span> <span class='ocrx_word' id='word_1_243' title='bbox 756 2038 890 2062; x_wconf 81' lang='lat' dir='ltr'>verum</span> <span class='ocrx_word' id='word_1_244' title='bbox 913 2024 1030 2063; x_wconf 79' lang='lat' dir='ltr'>etiam</span> <span class='ocrx_word' id='word_1_245' title='bbox 1051 2024 1216 2062; x_wconf 83' lang='lat' dir='ltr'>artificio</span> <span class='ocrx_word' id='word_1_246' title='bbox 1250 2025 1423 2073; x_wconf 88' lang='lat' dir='ltr'>quodam</span> <span class='ocrx_word' id='word_1_247' title='bbox 1455 2023 1580 2073; x_wconf 85' lang='lat' dir='ltr'>singu-</span> 
     </span>
    </p>
   </div>
   <div class='ocr_carea' id='block_1_12' title="bbox 1616 799 1651 820">
    <p class='ocr_par' dir='ltr' id='par_1_13' title="bbox 1616 799 1651 820">
     <span class='ocr_line' id='line_1_36' title="bbox 1616 799 1651 820; baseline 0 0"><span class='ocrx_word' id='word_1_248' title='bbox 1616 799 1651 820; x_wconf 90' lang='lat'>10</span> 
     </span>
    </p>
   </div>
   <div class='ocr_carea' id='block_1_13' title="bbox 252 2088 1637 2138">
    <p class='ocr_par' dir='ltr' id='par_1_14' title="bbox 252 2088 1637 2138">
     <span class='ocr_line' id='line_1_37' title="bbox 252 2088 1637 2138; baseline 0.002 -13"><span class='ocrx_word' id='word_1_249' title='bbox 252 2088 327 2125; x_wconf 88' lang='lat' dir='ltr'>lari.</span> <span class='ocrx_word' id='word_1_250' title='bbox 406 2090 539 2126; x_wconf 80' lang='lat' dir='ltr'>Vnum</span> <span class='ocrx_word' id='word_1_251' title='bbox 581 2091 657 2127; x_wconf 86' lang='lat' dir='ltr'>hoc</span> <span class='ocrx_word' id='word_1_252' title='bbox 692 2091 839 2127; x_wconf 85' lang='lat' dir='ltr'>crimen</span> <span class='ocrx_word' id='word_1_253' title='bbox 874 2089 1028 2127; x_wconf 83' lang='lat' dir='ltr'>videtur</span> <span class='ocrx_word' id='word_1_254' title='bbox 1062 2103 1147 2127; x_wconf 77' lang='lat' dir='ltr'>csse</span> <span class='ocrx_word' id='word_1_255' title='bbox 1182 2097 1219 2126; x_wconf 89' lang='lat' dir='ltr'>et</span> <span class='ocrx_word' id='word_1_256' title='bbox 1252 2102 1275 2126; x_wconf 91' lang='lat' dir='ltr'>a</span> <span class='ocrx_word' id='word_1_257' title='bbox 1309 2102 1372 2126; x_wconf 86' lang='lat' dir='ltr'>me</span> <span class='ocrx_word' id='word_1_258' title='bbox 1405 2102 1474 2138; x_wconf 88' lang='lat' dir='ltr'>pro</span> <span class='ocrx_word' id='word_1_259' title='bbox 1499 2100 1578 2126; x_wconf 93' lang='lat' dir='ltr'>uno</span> <span class='ocrx_word' id='word_1_260' title='bbox 1598 2097 1637 2128; x_wconf 85' lang='lat'>30</span> 
     </span>
    </p>
   </div>
   <div class='ocr_carea' id='block_1_14' title="bbox 248 2153 1578 2204">
    <p class='ocr_par' dir='ltr' id='par_1_15' title="bbox 248 2153 1578 2204">
     <span class='ocr_line' id='line_1_38' title="bbox 248 2153 1578 2204; baseline 0.001 -14"><span class='ocrx_word' id='word_1_261' title='bbox 248 2153 414 2202; x_wconf 86' lang='lat' dir='ltr'>ponitur,</span> <span class='ocrx_word' id='word_1_262' title='bbox 438 2155 488 2191; x_wconf 85' lang='lat' dir='ltr'>de</span> <span class='ocrx_word' id='word_1_263' title='bbox 511 2153 710 2191; x_wconf 78' lang='lat' dir='ltr'>Mercurio</span> <span class='ocrx_word' id='word_1_264' title='bbox 737 2155 1034 2203; x_wconf 69' lang='lat' dir='ltr'>&#39;l‘yndaritano;</span> <span class='ocrx_word' id='word_1_265' title='bbox 1065 2156 1175 2204; x_wconf 86' lang='lat' dir='ltr'>plura</span> <span class='ocrx_word' id='word_1_266' title='bbox 1205 2161 1305 2200; x_wconf 90' lang='lat' dir='ltr'>sunt,</span> <span class='ocrx_word' id='word_1_267' title='bbox 1329 2155 1399 2192; x_wconf 90' lang='lat' dir='ltr'>sed</span> <span class='ocrx_word' id='word_1_268' title='bbox 1424 2167 1469 2191; x_wconf 86' lang='lat' dir='ltr'>ea</span> <span class='ocrx_word' id='word_1_269' title='bbox 1498 2166 1578 2204; x_wconf 91' lang='lat' dir='ltr'>quo</span> 
     </span>
    </p>
   </div>
   <div class='ocr_carea' id='block_1_15' title="bbox 246 2257 1575 2386">
    <p class='ocr_par' dir='ltr' id='par_1_16' title="bbox 246 2257 1575 2386">
     <span class='ocr_line' id='line_1_39' title="bbox 290 2257 1574 2298; baseline 0.001 -12"><span class='ocrx_word' id='word_1_270' title='bbox 290 2268 307 2295; x_wconf 80' lang='lat'><strong>5</strong></span> <span class='ocrx_word' id='word_1_271' title='bbox 335 2257 425 2286; x_wconf 66' lang='lat' dir='ltr'>Inter</span> <span class='ocrx_word' id='word_1_272' title='bbox 440 2258 532 2288; x_wconf 59' lang='grc' dir='ltr'>νιν-[ια</span> <span class='ocrx_word' id='word_1_273' title='bbox 554 2258 654 2297; x_wconf 75' lang='lat' dir='ltr'>plane</span> <span class='ocrx_word' id='word_1_274' title='bbox 670 2262 697 2288; x_wconf 77' lang='lat' dir='ltr'>e!</span> <span class='ocrx_word' id='word_1_275' title='bbox 717 2259 914 2298; x_wconf 81' lang='lat' dir='ltr'>imperatum</span> <span class='ocrx_word' id='word_1_276' title='bbox 940 2258 1059 2289; x_wconf 75' lang='lat' dir='ltr'>habent</span> <span class='ocrx_word' id='word_1_277' title='bbox 1080 2260 1122 2297; x_wconf 54' lang='lat' dir='ltr'>pf?</span> <span class='ocrx_word' id='word_1_278' title='bbox 1148 2264 1222 2298; x_wconf 65' lang='lat' dir='ltr'>fier</span> <span class='ocrx_word' id='word_1_279' title='bbox 1244 2258 1455 2298; x_wconf 48' lang='grc' dir='ltr'>ιίίΙΙοὲναχτΙι,Χ</span> <span class='ocrx_word' id='word_1_280' title='bbox 1477 2258 1574 2288; x_wconf 76' lang='lat' dir='ltr'>etiam</span> 
     </span>
     <span class='ocr_line' id='line_1_40' title="bbox 251 2300 1575 2341; baseline 0.001 -12"><span class='ocrx_word' id='word_1_281' title='bbox 251 2302 287 2329; x_wconf 85' lang='lat'>16</span> <span class='ocrx_word' id='word_1_282' title='bbox 311 2302 408 2330; x_wconf 86' lang='lat' dir='ltr'>domo</span> <span class='ocrx_word' id='word_1_283' title='bbox 421 2300 483 2331; x_wconf 76' lang='lat' dir='ltr'>RS</span> <span class='ocrx_word' id='word_1_284' title='bbox 577 2312 610 2339; x_wconf 91' lang='lat'>17</span> <span class='ocrx_word' id='word_1_285' title='bbox 636 2302 764 2339; x_wconf 79' lang='lat' dir='ltr'>diligari</span> <span class='ocrx_word' id='word_1_286' title='bbox 777 2302 842 2332; x_wconf 80' lang='lat' dir='ltr'>RS</span> <span class='ocrx_word' id='word_1_287' title='bbox 930 2313 970 2332; x_wconf 78' lang='lat'>22</span> <span class='ocrx_word' id='word_1_288' title='bbox 998 2303 1050 2332; x_wconf 82' lang='lat' dir='ltr'>isti</span> <span class='ocrx_word' id='word_1_289' title='bbox 1066 2302 1098 2332; x_wconf 67' lang='lat' dir='ltr'>A&gt;</span> <span class='ocrx_word' id='word_1_290' title='bbox 1110 2303 1192 2333; x_wconf 62' lang='lat' dir='ltr'>rem:</span> <span class='ocrx_word' id='word_1_291' title='bbox 1218 2302 1246 2331; x_wconf 89' lang='lat' dir='ltr'>ci</span> <span class='ocrx_word' id='word_1_292' title='bbox 1263 2304 1323 2341; x_wconf 77' lang='lat' dir='ltr'>p5;</span> <span class='ocrx_word' id='word_1_293' title='bbox 1348 2312 1413 2333; x_wconf 85' lang='lat' dir='ltr'>om.</span> <span class='ocrx_word' id='word_1_294' title='bbox 1427 2312 1446 2341; x_wconf 86' lang='lat' dir='ltr'>q</span> <span class='ocrx_word' id='word_1_295' title='bbox 1535 2310 1575 2339; x_wconf 84' lang='lat'>23</span> 
     </span>
     <span class='ocr_line' id='line_1_41' title="bbox 246 2344 1256 2386; baseline 0.002 -14"><span class='ocrx_word' id='word_1_296' title='bbox 246 2344 306 2382; x_wconf 80' lang='lat' dir='ltr'>ipsi</span> <span class='ocrx_word' id='word_1_297' title='bbox 327 2355 363 2373; x_wconf 77' lang='lat' dir='ltr'>se</span> <span class='ocrx_word' id='word_1_298' title='bbox 382 2345 411 2374; x_wconf 83' lang='lat' dir='ltr'>S</span> <span class='ocrx_word' id='word_1_299' title='bbox 428 2345 516 2385; x_wconf 78' lang='lat' dir='ltr'>vulg.</span> <span class='ocrx_word' id='word_1_300' title='bbox 534 2358 538 2376; x_wconf 90' lang='lat'><strong>:</strong></span> <span class='ocrx_word' id='word_1_301' title='bbox 566 2345 676 2384; x_wconf 70' lang='lat' dir='ltr'>ipsese</span> <span class='ocrx_word' id='word_1_302' title='bbox 696 2345 748 2376; x_wconf 74' lang='lat' dir='ltr'>R:</span> <span class='ocrx_word' id='word_1_303' title='bbox 775 2346 837 2385; x_wconf 89' lang='lat' dir='ltr'>ipsi</span> <span class='ocrx_word' id='word_1_304' title='bbox 857 2356 932 2376; x_wconf 82' lang='lat' dir='ltr'>sese</span> <span class='ocrx_word' id='word_1_305' title='bbox 948 2347 1011 2386; x_wconf 62' lang='grc' dir='ltr'>ῥνδ</span> <span class='ocrx_word' id='word_1_306' title='bbox 1075 2356 1113 2384; x_wconf 82' lang='lat'>24</span> <span class='ocrx_word' id='word_1_307' title='bbox 1142 2355 1215 2375; x_wconf 76' lang='lat' dir='ltr'>cuin</span> <span class='ocrx_word' id='word_1_308' title='bbox 1235 2357 1256 2374; x_wconf 92' lang='grc' dir='ltr'><em>π</em></span> 
     </span>
    </p>
   </div>
  </div>
 </body>
</html>
