1715 2734
2 2139 4 2146 ν
0 1635 7 2135 „mv—m<
1 1607 6 1627 5..
0 1070 6 1602 *amar—*mm—fflffl

89 493 106 524 5

71 814 107 835 10

70 1136 106 1167 15

69 1468 107 1489 20

381 106 442 144 IN
472 105 515 144 C.
549 104 790 141 VERREM
821 101 996 141 ACTIO
1027 101 1211 139 PRIMA
1428 100 1453 137 8

127 231 214 256 esse
233 219 375 256 factam
402 223 444 254 ut
471 215 502 254 is
523 217 687 254 domum
709 228 869 264 quoque
895 226 1037 264 pueros
1066 213 1236 251 mitteret
1257 212 1323 262 qui
1344 210 1453 250 uxori

128 298 221 322 suae
241 282 474 320 nuntiarent.
535 283 637 320 Sane
663 295 714 320 ne
741 283 838 319 haec
859 280 1019 330 quidem
1048 278 1143 316 mihi
1168 292 1228 316 res
1249 278 1429 328 placebat
1444 292 1454 324 3

127 362 256 398 neque
285 354 488 396 tantopere
516 346 611 396 quid
641 346 680 383 in
711 347 785 384 hac
812 353 915 383 sorte
944 345 1201 382 metuendum
1231 342 1326 380 mihi
1353 349 1454 381 esset

127 412 413 462 intellegebam.
472 413 607 448 Vnum
637 411 734 449 illud
762 424 808 449 ex
836 409 1064 448 hominibus
1093 408 1217 454 certis,
1245 421 1291 446 ex
1311 407 1455 457 quibus

127 476 260 516 omnia
289 475 473 526 comperi,
501 474 754 525 reperiebam,
778 476 894 513 fiscos
924 475 1138 523 compluris
1168 486 1258 510 curn
1288 473 1456 522 pecunia

127 541 318 581 Siciliensi
350 554 374 578 a
402 541 576 590 quodam
611 547 791 578 senatore
824 540 875 577 ad
907 538 1080 588 equitem
1113 539 1340 575 Romanum
1369 549 1455 574 esse

127 607 357 653 translatos3
386 619 433 644 ex
453 605 513 643 his
527 604 637 655 quasi
660 607 695 642 X
718 605 834 642 fiscos
854 605 905 642 ad
928 611 1148 641 senatorem
1169 602 1278 639 illum
1300 601 1455 639 relictos

126 685 211 710 esse
241 670 490 709 comitiorum
522 683 698 707 meorum
736 668 921 715 nomine3
962 667 1150 706 divisores
1184 666 1363 704 omniurn
1395 666 1456 704 tri-

127 737 249 774 buum
276 743 397 773 noctu
427 736 477 772 ad
506 734 623 772 istum
644 741 814 772 vocatos.
876 734 935 770 Ex
955 732 1099 782 quibus
1120 731 1294 782 quidam,
1317 730 1384 781 qui
1413 744 1455 769 se

126 801 259 839 omnia
298 814 385 838 mea
418 813 535 838 causa
574 801 699 837 facere
735 799 879 836 debere
913 792 1183 843 arbitrabatur,
1217 797 1357 835 eadem
1389 794 1455 833 illa

126 874 242 904 nocte
279 867 330 904 ad
370 879 432 903 me
466 864 597 911 venit3
643 865 885 902 demonstrat
921 876 999 913 qua
1037 863 1110 900 iste
1148 861 1325 900 oratione
1362 857 1455 898 usus

126 939 253 978 esset3
281 931 612 969 cOmmemorasse
640 929 757 967 istum
780 942 898 978 quam
927 927 1136 966 liberaliter
1159 940 1227 965 eos
1254 934 1455 964 tractasset

126 996 203 1034 iam
232 1003 358 1042 antea,
382 1009 472 1034 cum
502 995 585 1044 ipse
615 1001 836 1045 praeturam
866 993 1039 1043 petisset,
1068 1000 1106 1031 et
1135 991 1335 1043 proxumis
1364 1004 1455 1028 con-

126 1060 318 1099 sularibus
345 1059 626 1110 praetoriisque
653 1058 846 1105 comitiisg
879 1058 1025 1096 deinde
1049 1057 1239 1095 continuo
1266 1069 1351 1094 esse
1374 1056 1454 1105 pol-

126 1125 275 1163 licitum
307 1132 495 1175 quantam
527 1125 671 1162 vellent
703 1122 923 1173 pecuniam,
958 1123 989 1160 si
1024 1135 1087 1160 me
1120 1121 1319 1159 aedilitate
1353 1120 1454 1158 deie-

125 1190 279 1228 cissent.
341 1189 421 1227 Hic
451 1189 548 1227 alios
579 1202 742 1238 negasse
771 1189 928 1234 audere,
959 1187 1056 1225 alios
1090 1186 1339 1236 respondisse
1374 1198 1453 1223 non

125 1262 262 1304 putare
301 1254 342 1293 id
386 1253 520 1304 perfici
566 1266 681 1303 posse
697 1268 708 1301 3
754 1253 957 1290 inventum
1003 1260 1135 1290 tamen
1180 1264 1265 1289 esse
1313 1252 1453 1288 fortem

124 1320 296 1357 amicum
326 1333 372 1357 ex
402 1320 542 1357 eadem
572 1317 728 1364 familia,
754 1319 802 1366 Q.
826 1319 988 1355 Verrem
1020 1316 1203 1362 Romilia,
1229 1329 1275 1353 ex
1305 1315 1454 1364 optima

126 1385 339 1423 divisorum
361 1384 576 1434 disciplina,
602 1383 719 1433 patris
741 1383 850 1420 istius
871 1383 1109 1432 discipulum
1129 1390 1248 1431 atque
1268 1381 1451 1427 amicum,

127 1449 193 1499 qui
234 1451 304 1487 HS
343 1448 567 1499 quingentis
607 1448 764 1486 milibus
803 1447 993 1497 depositis
1032 1447 1072 1485 id
1111 1460 1152 1485 se
1190 1447 1453 1496 perfecturum

127 1514 384 1564 polliceretur,
407 1522 445 1552 et
470 1514 588 1552 fuisse
616 1521 748 1551 tamen
778 1526 859 1550 non
886 1514 1015 1550 nullos
1036 1511 1103 1561 qui
1125 1525 1166 1549 se
1187 1524 1265 1549 una
1284 1512 1454 1549 facturos

126 1593 210 1617 esse
238 1579 423 1618 dicerent.
484 1580 598 1628 Quae
626 1592 716 1617 cum
745 1578 798 1616 ita
825 1586 965 1623 essent,
989 1591 1082 1615 sane
1110 1576 1294 1614 benivolo
1320 1575 1457 1616 animo.

127 1658 190 1682 me
210 1653 251 1683 ut
274 1658 510 1695 magnopere
533 1658 709 1683 caverem
733 1643 1026 1693 praemonebat.

180 1710 425 1748 Sollicitabar
452 1711 566 1748 rebus
594 1709 772 1747 maximis
800 1721 880 1746 uno
905 1716 1024 1756 atque
1051 1720 1098 1745 eo
1123 1706 1333 1756 perexiguo
1360 1714 1454 1744 tem-

128 1788 231 1824 pore.
291 1776 492 1824 Vrgebant
517 1774 686 1821 comifia,
710 1782 747 1812 et
772 1773 811 1811 in
840 1773 899 1811 his
927 1773 1019 1822 ipsis
1041 1772 1298 1821 oppugnabar
1317 1771 1452 1820 grandi

127 1840 319 1889 pecunia3
357 1840 526 1877 instabat
557 1839 761 1885 iudicium,
791 1838 825 1876 ei
860 1850 1020 1887 quoque
1054 1836 1213 1885 negotio
1247 1836 1330 1873 fisci
1364 1835 1455 1873 Sici-

127 1903 267 1942 lienses
299 1904 558 1941 minabantur.
619 1906 746 1952 Agere
776 1916 876 1952 quae
905 1903 955 1940 ad
987 1901 1176 1939 iudicium
1208 1900 1454 1950 pertinebant

171 2020 189 2039 2
213 2010 346 2048 quidem
376 2009 455 2038 mihi
485 2018 539 2038 res
568 2006 713 2037 DKer:
742 2007 820 2037 mihi
853 2008 987 2046 quidem
1018 2017 1071 2037 rcs
1103 2006 1197 2045 Gffls:
1236 2005 1369 2044 quidem
1400 2015 1454 2035 res

128 2054 206 2082 mihi
224 2053 259 2082 [25
348 2063 367 2090 3
391 2062 501 2091 neque
518 2057 630 2082 tamen
648 2054 726 2080 tant.
748 2050 933 2089 Manutius,
954 2050 1023 2082 edd.
1046 2051 1094 2089 (iii
1110 2054 1124 2087 ξ
1143 2051 1216 2088 Ι34Ἲ
1280 2054 1454 2087 tantopere

128 2096 200 2136 Dp:
226 2101 319 2126 tanto
345 2106 448 2134 opere
473 2094 560 2126 codd.
584 2095 675 2134 plen,
703 2093 771 2123 edd.
800 2095 852 2133 (cf.
875 2095 907 2124 iii
935 2098 949 2131 ξ
979 2103 1064 2133 155:
1089 2102 1294 2131 magnopere
1317 2092 1337 2122 l.
1366 2102 1417 2130 23,
1445 2092 1453 2121 i

129 2142 165 2176 §§
184 2149 235 2178 27,
258 2140 327 2175 108,
347 2139 410 2175 iv§
434 2148 460 2177 1,
478 2149 498 2168 v
517 2141 532 2175 ξ
555 2138 630 2176 107)
753 2147 792 2167 10
816 2138 927 2167 facere
954 2138 1077 2167 debere
1103 2136 1191 2167 codd.
1210 2148 1216 2166 :
1253 2136 1363 2166 facere
1386 2145 1451 2165 om.

126 2182 215 2220 Asc„
232 2182 336 2213 Sclzol.
360 2181 514 2218 Gronov„
531 2181 601 2212 edd.
720 2189 758 2218 13
783 2181 846 2210 iam
864 2186 964 2211 antea
981 2181 1096 2220 scripsi
1108 2191 1183 2210 cum
1200 2179 1310 2219 Steplz.
1332 2178 1450 2208 Lamh.

129 2226 162 2263 (ξ
191 2236 233 2263 29
258 2226 386 2265 infra):
426 2226 525 2254 etiarn
554 2226 649 2263 (post
673 2225 794 2261 -asset)
814 2229 912 2254 antea
939 2224 1055 2255 codd.:
1094 2229 1126 2252 et
1158 2224 1221 2253 iam
1256 2228 1355 2252 antea
1383 2221 1453 2252 edd.

132 2278 167 2306 17
193 2274 321 2299 tantum
342 2268 381 2309 Gl
401 2280 408 2298 τ
441 2268 578 2298 tandem
596 2267 675 2297 coni,
695 2265 823 2306 Zumpt
985 2277 1022 2296 21
1051 2269 1084 2297 tsi
1103 2266 1146 2303 D,
1166 2272 1276 2296 tamen
1289 2271 1315 2305 p
1328 2265 1388 2295 rell.
1404 2268 1456 2301 (ul

128 2311 149 2340 l.
172 2312 224 2351 17)
241 2323 248 2342 :
272 2317 341 2341 tum
352 2310 422 2342 edd.
513 2320 555 2349 23
580 2319 788 2348 magnopere
804 2309 860 2350 Dp
875 2322 881 2340 e
906 2320 1027 2349 magno
1047 2319 1149 2349 opere
1166 2308 1235 2339 edd.
1253 2310 1287 2347 (I.
1303 2319 1322 2347 3
1336 2308 1452 2347 snpra)

128 2363 168 2392 25
192 2355 242 2385 eis
258 2354 366 2385 Halm
383 2354 483 2394 Kays.

169 2430 231 2450 Cle.
252 2430 331 2450 VER.
1347 2418 1365 2447 3

1474 114 1512 136 21

1475 290 1512 311 22

1475 742 1514 772 23

1474 1688 1502 1725 9

1476 1747 1514 1774 24
