1715 2734
111 58 158 86 10
179 63 220 95 24
544 50 600 87 M.
633 49 801 88 TVLLI
833 50 1140 90 CICERONIS

177 159 273 198 litati
294 159 545 199 fidelissimos
566 160 695 199 socios
715 160 970 211 optimosque
999 161 1095 200 civis
1124 162 1265 201 scitote
1294 164 1372 201 hoc
1400 177 1506 213 prae-

176 232 259 263 tore
286 226 459 274 traditos,
484 225 645 272 iudices,
667 232 786 275 atque
813 225 995 264 addictos
1025 226 1145 265 fuisse
1175 227 1287 265 novis
1318 227 1504 267 institutis

175 297 213 328 et
233 289 382 338 edictis,
409 298 491 329 tota
513 290 731 329 Hieronica
750 291 846 340 lege,
869 303 989 340 quem
1010 292 1062 329 ad
1088 293 1253 330 modum
1274 300 1391 331 antea
1411 293 1501 339 dixi,

175 355 318 395 reiecta
337 370 383 395 ac
404 356 617 406 repudiata.

115 436 154 467 25
231 421 405 460 Primum
435 422 622 469 edictum,
652 421 815 469 iudices,
839 422 975 461 audite
998 424 1267 473 praeclarum:
1298 424 1503 472 Quantum
1525 437 1541 467 5

174 487 419 525 decumanus
446 486 634 525 edidisset
659 494 853 525 aratorem
878 487 952 525 sibi
977 489 1171 527 decumae
1195 490 1289 527 dare
1309 497 1503 538 oportere,

173 560 216 591 ut
244 560 397 591 tantum
427 560 554 590 arator
580 553 805 591 decumano
833 553 926 590 dare
953 562 1166 603 cogeretur.
1229 555 1322 602 Quo
1352 555 1504 592 modo?

173 619 377 667 Quantum
400 617 624 668 poposcerit
643 617 858 667 Apronius,
874 619 978 656 dato.
1031 618 1140 667 Quid
1160 626 1219 657 est
1239 620 1346 657 hoc?
1372 627 1501 657 utrum

172 683 359 732 praetoris
394 682 616 721 institutum
650 682 691 721 in
725 683 854 722 socios
888 697 939 721 an
974 683 1013 721 in
1054 683 1178 722 hostis
1212 684 1336 722 victos
1374 684 1501 722 insani

172 747 346 786 edictum
376 756 494 798 atque
524 747 730 798 imperium
767 748 951 798 tyranni?
1009 750 1096 798 Ego
1130 750 1366 787 tantundem
1395 749 1502 787 dabo
1526 765 1564 788 10

171 821 363 863 quantum
391 813 455 851 ille
484 813 738 863 poposcerit?
762 821 901 863 poscet
926 826 1046 852 omne
1066 822 1260 864 quantum
1281 827 1499 853 exaravero.

172 878 281 927 Quid
301 881 450 917 omne?
479 880 566 928 plus
586 878 710 917 immo
730 878 860 925 etiam,
883 878 1021 928 inquit,
1041 879 1072 917 si
1092 881 1209 918 volet.
1259 879 1368 928 Quid
1389 881 1502 917 tum?

171 943 267 993 quid
288 945 455 982 censes?
506 946 588 982 Aut
608 943 721 982 dabis
741 950 808 982 aut
829 951 966 982 contra
986 943 1161 982 edictum
1182 943 1322 983 fecisse
1343 945 1502 983 damna-

172 1008 275 1047 bere.
335 1011 409 1048 Per
428 1010 525 1048 deos
550 1008 794 1057 immortalis,
814 1008 911 1058 quid
932 1016 991 1047 est
1011 1010 1118 1047 hoc?
1146 1009 1225 1048 veri
1247 1009 1353 1048 enim
1374 1009 1500 1048 simile

111 1079 151 1111 26
172 1088 253 1112 non
287 1082 355 1113 est.
415 1074 479 1112 Sic
514 1074 610 1112 mihi
644 1075 875 1124 persuadeo,
909 1073 1070 1121 iudices,
1105 1074 1261 1113 tametsi
1292 1075 1426 1113 omnia
1459 1075 1500 1113 in
1523 1093 1560 1125 15

171 1139 289 1177 istum
316 1139 519 1178 hominem
547 1139 759 1178 convenire
783 1138 940 1189 putetis,
963 1147 1096 1177 tamen
1124 1141 1201 1178 hoc
1221 1140 1333 1178 vobis
1358 1142 1499 1178 falsum

170 1204 302 1243 videri.
376 1207 462 1255 Ego
495 1205 613 1252 enim,
649 1218 740 1243 cum
776 1205 853 1243 hoc
886 1211 969 1243 tota
1007 1204 1138 1243 Sicilia
1172 1205 1331 1252 diceret,
1367 1213 1500 1243 tamen

169 1272 376 1309 adfirmare
395 1283 477 1308 non
497 1271 696 1317 auderem,
719 1269 750 1308 si
772 1270 870 1308 haec
890 1269 1020 1308 edicta
1041 1283 1122 1308 non
1142 1283 1189 1308 ex
1214 1270 1334 1320 ipsius
1356 1270 1500 1308 tabulis

169 1335 336 1374 totidem
357 1335 484 1374 verbis
509 1334 670 1373 recitare
695 1347 865 1384 possem,
889 1334 1002 1372 sicuti
1025 1334 1176 1373 faciam.
1240 1337 1312 1382 Da,
1337 1348 1497 1385 quaeso,

169 1400 330 1448 scribae,
353 1400 488 1439 recitet
509 1414 555 1438 ex
575 1400 714 1439 codice
735 1399 1031 1450 professionem.
1094 1400 1244 1438 Recita.
1302 1402 1497 1439 ED1CTVM
1520 1417 1561 1439 20

169 1477 224 1503 DE
246 1477 538 1504 PROFEssloNE.
600 1466 729 1515 Negat
754 1478 817 1502 me
842 1464 1003 1503 recitare
1028 1471 1155 1503 totum
1170 1480 1180 1513 3
1211 1478 1302 1503 nam
1324 1465 1364 1503 id
1385 1465 1498 1515 signi-

168 1532 284 1569 ficare
313 1539 412 1569 nutu
439 1531 603 1569 videtur.
663 1529 773 1579 Quid
802 1532 1034 1580 praetereo?
1067 1543 1118 1568 an
1148 1531 1256 1578 illud,
1286 1531 1354 1569 ubi
1384 1544 1498 1570 caves

167 1603 300 1634 tamen
328 1595 468 1635 Siculis
494 1603 532 1634 et
554 1595 717 1634 miseros
739 1594 899 1645 respicis
921 1597 1121 1634 aratores?
1151 1595 1250 1634 dicis
1271 1595 1376 1634 enim
1398 1604 1436 1634 te
1457 1595 1497 1634 in

167 1662 445 1708 decumanum,
472 1660 504 1699 si
534 1662 621 1711 plus
651 1659 854 1698 abstulerit
878 1673 997 1709 quam
1028 1660 1207 1699 debitum
1238 1660 1296 1708 sit,
1321 1660 1360 1698 in
1391 1669 1498 1699 octu—

167 1728 276 1777 plum
308 1726 499 1766 iudicium
531 1727 726 1765 daturum.
787 1724 896 1763 Nihil
929 1725 1024 1763 mihi
1057 1727 1186 1776 placet
1217 1726 1497 1776 praetermitti,
1518 1741 1558 1774 25

167 1792 286 1830 recita
306 1793 383 1830 hoc
398 1804 559 1842 quoque
575 1792 684 1841 quod
705 1791 877 1840 postulat
898 1797 1036 1828 totum.
1096 1790 1246 1829 Recita.
1299 1792 1495 1829 Enrcrvm

168 1869 223 1895 DE
255 1868 414 1895 1vmclo
446 1869 491 1895 IN
522 1867 754 1895 OCTVPLVM.
815 1855 972 1893 Iudicio
1001 1863 1043 1893 ut
1073 1864 1200 1894 arator
1229 1857 1495 1895 decumanum

210 1972 230 2001 3
253 1966 354 1993 antea
373 1962 468 2003 Opq:
494 1967 573 1993 ante
595 1962 687 1997 Vsii,
711 1965 725 1999 ξ
745 1962 810 2000 82;
838 1965 851 1998 ξ
875 1970 911 1990 12
924 1964 1040 2000 supra)
1165 1972 1184 1999 4
1210 1971 1248 1991 ac
1270 1960 1318 1991 V:
1345 1962 1492 2001 etprell.

167 2015 186 2044 5
210 2006 321 2037 audite
339 2006 466 2037 iudices
481 2006 512 2037 Ο
530 2008 563 2045 (ξ
582 2007 624 2036 80
641 2006 743 2045 infra)
893 2014 931 2034 10
955 2005 1151 2034 tantundem
1169 2004 1255 2034 dabo
1276 2004 1376 2045 V(cf,
1400 2008 1415 2043 ξ
1434 2015 1490 2036 201

166 2050 268 2089 infra)
286 2061 292 2079 :
319 2054 447 2081 tantum
465 2051 540 2080 dem
554 2056 578 2090 p
599 2050 714 2081 Lamb.
736 2047 806 2079 cdd.
824 2059 830 2079 :
855 2048 1053 2078 tantundem
1073 2047 1139 2078 rell.
1346 2059 1382 2086 14
1407 2050 1494 2079 enim

167 2092 276 2123 simile
297 2092 396 2123 VcO:
420 2094 530 2124 simile
549 2093 637 2124 enim
651 2098 675 2133 p
693 2093 760 2123 rell.
896 2101 939 2121 20
962 2091 1094 2121 scribae
1110 2102 1117 2121 :
1143 2091 1262 2122 recitet
1279 2091 1351 2123 edd.
1367 2096 1498 2132 praeter

167 2134 369 2168 Muellerum
474 2148 517 2167 ex
536 2137 652 2168 codice
671 2135 882 2175 professione
903 2145 938 2165 -r-
955 2135 1098 2165 edictum
1119 2135 1160 2164 de
1179 2134 1424 2174 professionem
1447 2135 1494 2166 V:

168 2180 307 2219 profess.
329 2181 431 2212 recita
448 2191 512 2212 om.
534 2180 564 2211 O
581 2193 586 2210 :
608 2178 766 2210 lacunam
781 2179 899 2208 habeut
916 2190 936 2208 π
1169 2188 1210 2217 25
1235 2178 1389 2208 daturum
1411 2179 1471 2209 VO
1487 2190 1493 2209 :

167 2223 319 2254 daturum
337 2234 412 2255 esse
431 2224 496 2255 rell.
517 2224 618 2264 (prob.
638 2222 805 2258 Zielinski,
818 2227 851 2262 p.
877 2223 953 2260 195⁸,
1057 2222 1098 2250 26
1124 2220 1175 2250 -R.
1218 2236 1243 2246 τ
1257 2221 1389 2262 Recita)
1414 2222 1491 2262 Vp²z

166 2276 231 2298 om.
255 2266 285 2296 Ο
302 2267 367 2298 rell.
391 2267 459 2307 (R.
478 2268 622 2298 edictum
647 2267 690 2297 de
717 2267 840 2296 iudicio
864 2265 898 2295 in
923 2263 1107 2304 octuplum,
1135 2268 1172 2294 ut
1199 2264 1233 2305 V,
1256 2265 1302 2295 ita
1326 2265 1432 2305 suppl.
1458 2266 1492 2296 in

167 2319 247 2341 vers.
268 2320 334 2341 vac.
349 2310 386 2351 p²
402 2309 454 2351 q2)
