1715 2734
143 61 167 99 8
188 78 224 100 22
556 64 612 102 M.
644 64 813 102 TVLLI
845 63 1152 103 CICERONIS

184 182 327 225 posset.
390 177 512 214 Hunc
538 175 740 214 hominem
772 175 917 214 Veneri
945 175 1125 223 absolvit,
1155 175 1229 214 sibi
1256 177 1509 215 condemnat.

184 240 326 278 Maluit
357 240 539 279 videlicet
574 240 754 278 homines
794 253 956 290 peccare
988 253 1106 290 quam
1142 241 1262 279 deos:
1307 254 1348 279 se
1382 240 1512 291 potius

180 318 203 343 a
226 306 356 344 Dione
381 308 489 356 quod
512 319 591 343 non
618 305 771 353 licebat,
795 318 912 355 quam
936 307 1132 344 Venerem
1160 307 1268 356 quod
1292 319 1371 344 non
1396 306 1513 345 debe-

181 370 295 408 batur
315 373 475 410 auferre.

122 449 162 480 ²3
237 435 345 484 Quid
385 449 458 485 ego
498 435 561 474 hic
595 449 701 474 nunc
736 437 821 474 Sex.
865 435 1030 486 Pompei
1065 436 1200 475 Chlori
1241 436 1549 480 testimonium5

181 500 351 547 recitem,
382 501 448 550 qui
480 514 637 539 causam
668 500 809 539 Dionis
839 500 927 550 egit,
955 501 1021 551 qui
1047 501 1231 539 omnibus
1257 501 1372 539 rebus
1400 501 1513 539 inter-

181 565 263 613 fuit,
295 566 466 603 hominis
495 565 771 612 honestissimi,
810 565 964 604 tametsi
994 566 1088 604 civis
1126 568 1332 604 Romanus
1361 565 1512 604 virtutis

180 645 297 670 causa
336 632 412 670 iam
453 632 520 671 diu
560 641 627 679 est,
666 640 798 671 tamen
839 632 1015 670 omnium
1057 632 1276 671 Siculorum
1314 632 1427 681 primi
1466 645 1512 670 ac

180 697 444 735 nobilissimi?
473 697 568 747 quid
600 698 720 748 ipsius
751 700 800 746 Q.
824 698 970 736 Caecili
1001 698 1152 744 Dionis,
1177 697 1347 735 hominis
1376 698 1511 746 proba-

180 761 317 799 tissimi
365 775 411 800 ac
453 762 758 812 pudentissimi?
808 762 905 812 quid
949 764 991 800 L.
1045 762 1203 809 Caecili,
1251 763 1293 799 L.
1346 761 1509 811 Liguris,
1534 775 1571 796 10

179 828 224 864 T.
253 827 404 873 Manili,
430 829 472 865 L.
497 828 665 866 Caleni?
696 840 863 877 quorum
894 824 1071 865 omnium
1101 827 1336 865 testimoniis
1366 828 1416 865 de
1437 828 1511 865 hac

181 891 321 930 Dionis
369 892 537 942 pecunia
582 893 856 931 confirmatum
906 901 974 930 est.
1038 892 1144 930 Dixit
1190 894 1266 930 hoc
1306 892 1411 930 idem
1452 894 1507 930 M.

182 958 380 1004 Lucullus,
410 971 452 996 se
480 959 530 996 de
560 958 620 996 his
651 957 791 996 Dionis
818 957 1081 996 incommodis
1110 971 1180 1007 pro
1205 957 1376 1007 hospitio
1401 959 1509 1007 quod

121 1035 162 1067 ²4
180 1022 253 1060 sibi
289 1036 379 1061 cum
414 1037 462 1061 eo
493 1031 595 1061 esset
634 1023 710 1060 iam
742 1031 833 1061 ante
866 1036 1068 1073 cognosse.
1129 1023 1268 1072 Quid?
1308 1024 1506 1069 Lucullus,

179 1087 245 1137 qui
281 1095 363 1126 tum
399 1088 437 1126 in
474 1088 714 1127 Macedonia
749 1088 830 1135 fuit,
864 1088 1002 1126 melius
1039 1089 1136 1126 haec
1170 1087 1354 1137 cognovit
1389 1101 1506 1137 quam
1531 1100 1566 1131 15

177 1160 229 1200 tu,
255 1153 455 1201 Hortensi,
480 1154 546 1204 qui
574 1156 726 1192 Romae
754 1153 870 1200 fuisti,
893 1155 943 1192 ad
972 1166 1091 1203 quem
1125 1153 1203 1191 Dio
1231 1153 1417 1203 confugit,
1440 1154 1506 1203 qui

176 1220 226 1256 de
248 1219 389 1257 Dionis
414 1219 561 1257 iniuriis
583 1219 808 1268 gravissime
831 1232 898 1269 per
924 1219 1069 1257 litteras
1092 1232 1180 1256 cum
1204 1220 1325 1257 Verre
1346 1227 1507 1268 questus

175 1285 246 1321 es?
303 1285 417 1322 Nova
448 1284 517 1322 tibi
547 1285 643 1322 haec
674 1286 794 1322 sunt?
830 1283 1062 1334 inopinata?
1093 1297 1198 1322 nunc
1232 1284 1401 1334 primum
1433 1285 1508 1322 hoc

173 1363 286 1388 aures
325 1358 414 1389 tuae
453 1350 600 1388 crimen
646 1350 874 1400 accipiunt?
919 1350 1015 1388 nihil
1056 1365 1102 1389 ex
1143 1350 1284 1397 Dione,
1325 1350 1422 1388 nihil
1462 1364 1507 1388 ex

174 1427 287 1453 socru
315 1423 391 1461 tua,
422 1415 567 1454 femina
590 1415 782 1465 primaria,
817 1415 985 1462 Servilia,
1015 1423 1144 1454 vetere
1172 1416 1312 1454 Dionis
1338 1415 1504 1465 hospita,
1530 1428 1567 1448 20

172 1480 346 1518 audisti?
404 1481 549 1518 Nonne
581 1482 703 1518 multa
734 1481 810 1519 mei
842 1488 959 1519 testes
992 1494 1093 1530 quae
1123 1489 1163 1519 tu
1192 1481 1267 1519 scis
1298 1480 1508 1518 nesciunt?

173 1557 306 1583 nonne
338 1553 375 1583 te
411 1545 505 1583 mihi
538 1553 677 1584 testem
717 1546 755 1583 in
789 1548 865 1584 hoc
904 1546 1066 1584 crimine
1107 1547 1247 1596 eripuit
1281 1559 1360 1584 non
1396 1545 1506 1583 istius

174 1610 410 1658 innocentia,
462 1612 531 1649 sed
580 1611 674 1661 legis
724 1612 932 1662 exceptio?
1010 1612 1158 1651 Recita.
1238 1613 1505 1649 TESTIMONIA

127 1683 155 1720 9
176 1678 370 1722 LVCVLLI,
404 1677 582 1722 CHLOR1‚
620 1678 783 1715 D10N1s.
846 1677 998 1715 Satisne
1029 1677 1141 1716 vobis
1177 1691 1357 1727 magnam
1392 1690 1505 1727 pecu-

174 1741 278 1779 niam
302 1741 494 1779 Venerius
525 1743 656 1787 homo,
681 1742 746 1791 qui
776 1756 797 1780 e
823 1742 1056 1781 Chelidonis
1087 1742 1173 1780 sinu
1203 1742 1240 1780 in
1263 1741 1503 1792 provinciam
1527 1753 1564 1783 25

173 1808 370 1857 profectus
392 1815 504 1854 esset,
529 1807 692 1845 Veneris
715 1807 875 1845 nomine
897 1807 1096 1857 quaesisse
1117 1808 1299 1846 videtur?

222 1922 232 1940 1
262 1913 350 1943 hunc
377 1912 547 1942 hominem
568 1915 661 1945 ἴσοι-ν.
683 1914 817 1944 dionem
837 1913 880 1944 Oi
907 1914 967 1943 (70
983 1913 1071 1945 codd.
1093 1925 1099 1944 ε
1131 1914 1183 1944 hic
1209 1914 1376 1944 hominem
1402 1915 1504 1945 Hoto-

175 1966 255 1986 nmn
356 1965 375 1994 5
400 1955 496 1986 Sexti
518 1957 545 1987 C
641 1959 662 1986 6
689 1958 807 1988 Dionis
824 1957 891 1996 egit
912 1957 971 1987 CO
987 1957 1029 1988 al.
1049 1969 1055 1987 ;
1081 1959 1149 1997 egit
1168 1957 1285 1988 Dionis
1303 1959 1347 1987 [ιδ
1363 1969 1443 1989 corr.
1463 1958 1503 1988 0¹

180 2009 216 2028 10
239 2009 277 2028 ac
294 2000 528 2038 pudentissimi
548 2011 613 2031 om.
633 2000 692 2031 CO
711 2001 768 2040 (iii.
791 2003 806 2037 ξ
824 2003 880 2039 52)
899 2013 903 2031 ;
930 2011 967 2030 ac
990 2002 1082 2040 prud.
1111 2001 1139 2030 V
1245 2012 1282 2031 10
1309 2002 1371 2032 luci
1391 2002 1506 2041 liguris

177 2043 222 2073 C:
250 2042 284 2074 L.
306 2043 342 2075 C.
367 2044 499 2081 Liguris
524 2043 555 2073 V
700 2054 733 2074 11
763 2044 878 2075 Manili
900 2045 946 2084 (Ts)
960 2045 1001 2075 al.
1021 2056 1026 2074 :
1059 2044 1174 2074 Manlii
1198 2044 1258 2074 VO
1404 2056 1504 2084 1244

177 2086 294 2118 Dixit.
316 2111 323 2117 .
343 2112 350 2118 .
372 2097 541 2125 cognosse
567 2098 631 2118 om.
655 2087 714 2118 CO
866 2088 903 2118 18
927 2088 1103 2128 inopinata
1125 2087 1223 2119 VCO¹
1242 2100 1248 2118 :
1274 2094 1306 2119 et
1332 2089 1505 2128 inopinata

175 2130 240 2160 rell.
267 2131 300 2170 (i.
329 2133 343 2167 ξ
372 2131 457 2161 126:
481 2131 564 2161 Am.
585 2131 622 2169 J.
651 2131 712 2162 Ph.
743 2132 833 2170 xxvi,
860 2142 890 2171 p.
916 2141 993 2170 414)
1141 2133 1204 2162 hoc
1228 2143 1328 2163 aures
1353 2139 1429 2163 tuae
1457 2132 1505 2173 Vp

176 2173 238 2203 rell.
259 2185 264 2202 z
293 2184 393 2204 aures
418 2175 480 2204 hoc
506 2179 583 2204 tuae
603 2174 673 2205 ίῸι
769 2185 805 2214 ¹9
829 2186 871 2205 ex
889 2199 896 2206 .
919 2200 925 2205 .
944 2199 951 2206 .
971 2185 1013 2205 ex
1035 2174 1124 2206 VCO
1144 2188 1150 2206 ε
1178 2176 1243 2206 de.
1265 2201 1271 2207 .
1293 2201 1299 2208 .
1322 2177 1363 2206 de
1381 2176 1439 2206 rell
1455 2176 1503 2215 (ii.

179 2221 193 2253 ξ
216 2217 295 2255 189:
322 2218 404 2248 Am.
421 2217 458 2255 J.
477 2217 540 2248 Ph.
558 2218 647 2256 xxvi,
666 2228 698 2257 p.
717 2220 795 2259 420)
969 2228 1009 2257 23
1036 2221 1129 2260 132(ἶ
1144 2219 1279 2252 Recital
1301 2219 1410 2250 VCO:
1436 2230 1501 2250 om.

177 2260 241 2290 rell.
375 2261 625 2292 Testimonium
646 2260 714 2291 ίὈι
851 2263 959 2300 24-26
985 2263 1119 2293 Satisne
1138 2288 1144 2294 .
1167 2288 1173 2294 .
1196 2287 1202 2293 .
1224 2263 1396 2302 profectus
1414 2269 1505 2294 esset

176 2313 242 2333 om.
264 2303 324 2335 CO
