1769 2739
685 108 1004 146 PRAEFATIO

180 221 298 260 bebat
319 220 353 259 S
372 219 449 258 iam
471 221 563 258 inde
589 220 640 258 ab
661 219 772 258 initio
793 219 1045 258 Verrinarum
1066 233 1190 269 usque
1211 221 1261 258 ad
1283 219 1318 257 ii.
1341 219 1353 257 i
1374 220 1391 268 ξ
1417 234 1457 257 11
1471 234 1499 266 1,

179 285 324 335 quippe
358 284 407 323 ab
443 286 585 323 eodem
615 285 723 322 fonte
757 292 912 334 sumpta
941 298 962 323 e
993 298 1072 334 quo
1103 284 1265 322 derivati
1295 292 1385 322 sunt
1416 284 1502 322 libri

180 351 278 396 iv—v,
307 350 411 387 haud
443 348 604 387 minoris
622 355 691 391 ¹est
720 348 965 387 aestimanda
994 362 1112 398 quam
1143 348 1208 385 illa
1237 361 1356 398 quam
1387 349 1502 388 tradit

178 412 219 450 in
238 412 344 450 libris
366 412 547 451 extremis
568 411 923 462 praestantissimus
945 414 1070 450 codex
1094 413 1161 450 R.¹

232 477 388 526 Quodsi
414 485 564 528 praeter
591 477 711 515 libros
741 478 831 514 iv—v
850 478 932 515 duo
961 484 1113 514 tantum
1143 478 1236 515 folia
1264 478 1304 515 in
1326 478 1359 516 S
1375 490 1503 527 super-

178 550 278 589 sunt,
311 542 407 593 quid
437 544 539 580 valet
570 542 633 580 hic
664 542 789 580 codex
817 543 869 579 ad
899 548 1048 579 textum
1078 543 1250 591 priorum
1281 544 1502 581 orationum

177 608 305 646 stabili
325 607 366 646 in
386 609 475 646 loco
495 607 850 646 constituendum?
906 608 975 644 Est
996 608 1102 645 unde
1124 608 1237 645 detur
1256 621 1500 658 responsum.

178 675 314 711 Exstat
343 672 461 711 etiam
491 673 530 710 in
561 671 803 710 bibliotheca
833 670 1043 709 Parisiensi
1072 673 1159 709 cod.
1186 674 1286 721 7823
1309 671 1399 724 (D),
1423 687 1503 711 non

176 746 291 776 antea
311 739 476 776 collatus
497 737 571 775 nisi
592 736 727 787 paucis
748 737 855 774 locis.
914 738 1038 774 Hunc
1058 749 1132 786 ego
1161 737 1321 776 ineunte
1346 740 1503 777 saeculo

177 802 315 852 quinto
336 801 493 840 decimo
510 815 556 839 ex
572 802 605 839 S
618 800 860 851 descriptum
881 814 967 838 esse
984 802 1233 850 pronuntiavi
1252 802 1313 852 (J.
1328 803 1404 840 Plz.
1419 818 1501 850 xxx,

176 880 239 916 pp.
267 869 338 914 167
362 867 477 918 sqq),
509 867 617 915 quod
650 867 741 903 satis
776 874 833 904 est
869 879 1009 904 causae
1040 879 1109 904 cur
1138 866 1282 916 primas
1311 866 1346 905 ei
1376 862 1504 918 partes

176 932 382 970 detulerim
412 931 452 969 in
480 939 587 969 textu
618 932 790 980 priorum
820 930 1043 969 orationum
1074 932 1313 971 definiendo.
1374 935 1503 972 Ceteri

176 997 290 1034 huius
310 996 480 1034 familiae
501 997 671 1042 codices,
694 1009 740 1034 ex
762 995 840 1032 SD
859 995 1020 1034 derivati
1042 996 1172 1046 potius
1199 1011 1317 1047 quam
1346 1012 1391 1036 ex
1419 1000 1503 1048 ipso

175 1063 215 1098 R
235 1060 274 1111 (l.
294 1074 326 1098 c.
348 1074 411 1110 pp.
440 1063 512 1109 169
533 1060 650 1110 sqq),
672 1059 870 1098 abiciendi
893 1067 983 1098 sunt
1003 1073 1166 1101 omnes:
1197 1062 1288 1100 satis
1316 1063 1435 1101 habui
1464 1062 1503 1100 in

175 1127 248 1164 hac
277 1125 451 1163 editione
480 1125 658 1162 omnium
689 1126 750 1162 vel
780 1125 1038 1174 plurimorum
1070 1139 1307 1164 consensum
1343 1127 1440 1178 siglo
1470 1133 1503 1165 Ψ

175 1189 368 1240 insignire.
431 1192 533 1228 Nam
569 1189 672 1239 prior
707 1190 778 1227 iste
810 1190 1140 1239 Guelferbytanus
1175 1190 1275 1242 (6,),
1309 1193 1360 1230 de
1393 1193 1502 1231 cuius

176 1254 321 1293 meritis
340 1256 457 1305 plane
478 1261 702 1292 erraverunt
724 1255 904 1299 editores,
932 1261 970 1291 et
1001 1254 1192 1293 recentior
1217 1263 1274 1294 est
1295 1270 1413 1306 quam
1439 1259 1500 1307 G„

174 1328 211 1358 et
233 1321 357 1357 multo
378 1320 501 1368 magis
517 1318 828 1356 correctionibus
850 1319 1085 1367 depravatus
1107 1318 1147 1370 (l.
1164 1333 1196 1357 c.
1215 1333 1278 1370 pp.
1300 1323 1370 1370 183
1387 1322 1500 1373 sqq).

175 1386 317 1434 Neque
337 1383 494 1422 maioris
511 1392 569 1422 est
583 1383 695 1433 pretii
709 1384 836 1421 codex
854 1384 1058 1422 Leidensis
1074 1383 1166 1435 (L);
1194 1386 1242 1423 cf.
1262 1387 1283 1422 1.
1298 1399 1330 1424 c.
1346 1400 1411 1436 pp.
1431 1390 1502 1435 176

174 1463 257 1500 sqq.
305 1451 409 1488 Illud
431 1463 502 1499 pro
519 1457 626 1487 certo
643 1456 701 1487 est
717 1448 959 1495 habendum,
979 1449 1221 1499 ubicumque
1242 1451 1305 1489 hic
1326 1459 1363 1489 et
1386 1452 1500 1490 ceteri

173 1514 223 1552 ab
245 1515 322 1553 SD
342 1513 542 1553 declinant
569 1526 724 1563 semper
754 1512 792 1550 in
822 1513 995 1563 peiorem
1019 1514 1099 1551 fieri
1125 1523 1284 1564 partem.
1346 1517 1501 1554 Horum

173 1580 358 1617 codicum
379 1580 569 1617 lectiones
586 1579 791 1628 neglegere
807 1586 845 1616 et
861 1586 1045 1627 poterunt
1059 1587 1095 1616 et
1114 1579 1317 1617 debebunt
1333 1580 1477 1630 posteri
1496 1596 1502 1619 :

174 1646 256 1693 ipse
277 1643 422 1682 nimius
444 1645 606 1682 fortasse
623 1644 675 1680 fui
694 1644 761 1692 qui
777 1644 878 1681 duos
899 1656 920 1681 e
938 1645 1080 1681 Museo
1099 1643 1325 1682 Britannico
1347 1659 1435 1683 cum
1458 1646 1502 1684 iis

173 1708 443 1747 coniunxerim
474 1708 604 1755 libros,
636 1709 745 1746 Harl.
770 1720 872 1757 4105
896 1716 933 1746 et
955 1711 1056 1757 4852
1080 1707 1123 1759 (l.
1141 1722 1173 1746 c.
1199 1723 1261 1758 pp.
1292 1712 1358 1747 181
1385 1712 1499 1760 sqq),

173 1787 340 1824 quorum
373 1773 437 1812 hic
458 1773 665 1824 praecipue
696 1772 886 1823 optimam
914 1774 1076 1822 praebet
1104 1774 1371 1812 recensionem
1401 1789 1502 1825 quae

173 1838 204 1876 si
248 1846 365 1876 antea
407 1837 542 1876 fuisset
583 1839 738 1888 vulgata
785 1850 1002 1887 numquam
1048 1839 1097 1887 Gl
1136 1839 1186 1887 G2
1225 1840 1257 1876 L
1298 1847 1501 1891 tantopere

173 1905 399 1942 laudassent
430 1903 611 1942 editores.

226 1967 453 2006 Proximum
492 1976 550 2005 est
582 1975 624 2005 ut
658 1967 846 2005 familiam
880 1968 917 2004 Y
942 1980 1225 2015 recenseamus,
1261 1968 1325 2007 cui
1360 1969 1501 2007 adscri-

173 2032 348 2070 bendum
377 2039 436 2070 est
463 2032 701 2070 deteriorum
730 2031 914 2070 codicum
943 2045 1085 2081 agmen
1106 2046 1206 2082 quos
1235 2033 1499 2072 adhibuerunt

172 2095 196 2133 ii
217 2095 284 2146 qui
304 2097 486 2134 Verrinas
519 2096 688 2146 primum
717 2095 816 2145 typis
843 2097 1039 2146 impressis
1065 2098 1361 2136 mandaverunt.
1419 2100 1497 2137 Sed

171 2160 270 2199 inter
300 2161 373 2198 hos
407 2168 445 2198 et
481 2162 568 2199 cod.
599 2161 817 2198 Parisinum
851 2164 951 2209 7776
984 2161 1059 2211 (p),
1093 2163 1250 2199 saeculo
1285 2162 1497 2201 undecimo

171 2233 369 2263 exaratum
399 2225 635 2275 (Chatelain,
668 2239 730 2274 op.
760 2225 849 2264 cit.:
886 2227 941 2264 Pl.
972 2227 1087 2276 xxxi),
1120 2228 1210 2264 satis
1243 2228 1403 2277 longum
1437 2235 1495 2266 est

213 2316 224 2336 ¹
252 2316 327 2347 Non
354 2316 689 2355 praetermittendum
717 2322 767 2347 est
792 2318 864 2348 cod.
882 2316 912 2347 S
929 2317 961 2346 in
988 2317 1080 2347 libris
1105 2317 1182 2347 iv-v
1207 2318 1402 2358 plerumque
1419 2328 1493 2349 cum

171 2360 274 2390 altera
291 2360 322 2390 in
342 2360 372 2389 R
390 2370 486 2389 manu
504 2370 692 2399 congruere
710 2361 762 2401 (J.
780 2361 844 2392 Plz.
863 2371 943 2399 xxx,
964 2371 996 2400 p.
1017 2362 1100 2402 198).

813 2417 848 2453 xi
