1769 2739
219 111 262 149 13
282 116 322 148 41
652 100 709 138 M.
741 100 911 137 TVLLI
943 99 1251 139 CICERONIS

284 210 412 248 solum
452 222 706 248 commoveor
743 207 889 255 animo,
930 209 1000 247 sed
1039 207 1157 247 etiam
1201 216 1286 248 toto
1327 222 1492 260 corpore
1535 222 1618 259 per-

223 288 262 318 42
285 275 479 312 horresco.
542 275 627 312 Iam
657 286 764 311 nunc
793 280 926 311 mente
956 281 994 311 et
1023 273 1261 323 cogitatione
1290 273 1488 324 prospicio
1515 286 1617 323 quae

285 347 368 377 tum
403 338 533 377 studia
561 338 780 383 hominum,
813 337 879 387 qui
912 350 1127 376 concursus
1159 338 1276 376 futuri
1307 338 1395 385 sint,
1428 345 1616 388 quantam

284 403 619 453 exspectationem
667 402 898 452 magnitudo
944 401 1064 440 iudici
1107 402 1156 440 sit
1196 404 1388 451 adlatura,
1427 410 1616 453 quantam

282 468 507 507 auditorum
553 467 847 506 multitudinem
895 466 1056 505 infamia
1095 468 1138 506 C.
1184 467 1315 506 Verris
1361 467 1654 515 concitatura,5

283 541 472 583 quantam
516 532 689 581 denique
736 531 978 569 audientiam
1024 531 1189 570 orationi
1235 546 1345 571 meae
1384 532 1615 582 improbitas

283 598 384 637 illius
433 600 581 637 factura
628 597 685 634 sit.
753 598 866 645 Quae
910 610 1001 634 cum
1045 596 1188 646 cogito,
1228 596 1305 635 iam
1349 611 1455 635 nunc
1495 597 1616 636 timeo

282 663 473 714 quidnam
503 676 574 712 pro
603 661 822 700 offensione
852 661 1071 707 hominum,
1100 661 1166 711 qui
1197 661 1250 699 illi
1280 661 1427 700 inimici
1460 662 1616 701 infensi-

282 743 359 779 que
389 736 491 775 sunt,
514 735 552 766 et
582 726 875 777 exspectatione
906 726 1085 764 omnium
1116 734 1154 765 et
1184 726 1455 777 magnitudine
1485 741 1612 766 rerum

220 807 261 838 43
283 794 445 844 dignum
486 791 617 842 eloqui
657 791 816 842 possim.
887 793 949 829 Tu
999 792 1139 829 horum
1185 791 1281 829 nihil
1321 791 1474 838 metuis,
1516 792 1613 829 nihil
1635 808 1675 830 10

282 858 440 908 cogitas,
473 858 570 895 nihil
605 857 782 895 laboras:
827 857 857 894 si
893 856 989 906 quid
1024 870 1071 895 ex
1104 864 1233 896 vetere
1262 857 1394 907 aliqua
1423 857 1611 905 oratione,

284 926 444 962 ‘Iovem
484 936 557 973 ego
597 922 805 973 Optimum
847 921 1092 968 Maximum,'
1132 930 1198 960 aut
1233 923 1419 968 ‘Vellem‚
1461 922 1492 960 si
1531 922 1613 961 fieri

281 988 482 1039 potuisset,
509 987 684 1034 iudices‚'
704 994 772 1025 aut
798 986 948 1037 aliquid
975 986 1059 1025 eius
1089 986 1197 1025 modi
1223 986 1397 1026 ediscere
1427 987 1611 1037 potueris,

280 1055 476 1104 praeclare
497 1061 535 1092 te
556 1060 734 1103 paratum
756 1052 797 1090 in
818 1051 1008 1090 iudicium
1030 1058 1238 1090 venturum
1259 1051 1464 1091 arbitraris.

219 1134 260 1164 44
335 1121 395 1158 Ac
419 1119 450 1157 si
477 1118 548 1157 tibi
576 1132 694 1156 nemo
721 1130 980 1167 responsurus
1001 1124 1113 1164 esset,
1137 1124 1268 1156 tamen
1293 1117 1417 1167 ipsam
1440 1131 1609 1165 causam,
1635 1137 1671 1169 15

280 1192 322 1222 ut
356 1197 430 1234 ego
461 1183 636 1229 arbitror,
670 1184 941 1221 demonstrare
976 1195 1055 1219 non
1091 1195 1251 1232 posses:
1291 1195 1396 1220 nunc
1431 1195 1480 1220 ne
1515 1183 1611 1221 illud

279 1249 442 1300 quidem
474 1248 633 1298 cogitas,
671 1248 741 1286 tibi
776 1261 867 1286 cum
903 1246 1065 1286 homine
1100 1246 1357 1285 disertissimo
1395 1254 1433 1285 et
1471 1249 1522 1286 ad
1557 1247 1612 1286 di-

277 1308 451 1354 cendum
479 1314 724 1365 paratissimo
752 1315 926 1351 futurum
955 1326 1040 1351 esse
1067 1320 1278 1359 certamen,
1301 1312 1461 1362 quicum
1489 1315 1611 1352 modo

277 1380 563 1426 disserendum,
584 1380 704 1417 modo
721 1378 829 1416 omni
852 1377 1002 1417 ratione
1022 1378 1280 1428 pugnandum
1298 1379 1610 1428 certandumque

277 1445 336 1483 sit.
397 1445 520 1484 Cuius
542 1459 614 1495 ego
636 1443 837 1494 ingenium
863 1443 915 1481 ita
942 1444 1062 1481 laudo
1082 1450 1125 1481 ut
1146 1456 1226 1481 non
1248 1442 1533 1492 pertimescam,
1557 1444 1609 1482 ita
1632 1462 1672 1484 20

276 1510 403 1559 probo
433 1518 473 1547 ut
505 1523 567 1548 me
596 1509 647 1547 ab
677 1523 724 1547 eo
754 1508 939 1547 delectari
976 1507 1127 1546 facilius
1157 1521 1275 1558 quarn
1308 1507 1437 1557 decipi
1472 1516 1607 1558 putem

216 1590 260 1626 14
276 1588 403 1624 posse.
473 1576 702 1624 Numquam
743 1575 805 1612 ille
847 1588 909 1612 me
945 1573 1140 1623 opprimet
1175 1572 1352 1620 consilio,
1389 1586 1607 1623 numquam

275 1641 356 1678 ullo
394 1640 559 1678 artificio
598 1648 801 1689 pervertet,
837 1653 1054 1689 numquam
1096 1639 1254 1689 ingenio
1293 1652 1356 1677 me
1395 1652 1466 1677 suo
1506 1640 1608 1677 labe-

275 1706 418 1744 factare
457 1714 575 1755 atque
619 1705 814 1743 infirmare
856 1704 1087 1752 conabitur,
1136 1704 1226 1743 novi
1266 1704 1395 1743 omnis
1435 1704 1606 1743 hominis

274 1770 484 1819 petitiones
516 1770 766 1820 rationesque
799 1769 984 1817 dicendi3
1027 1782 1143 1820 saepe
1178 1769 1217 1806 in
1250 1768 1387 1815 isdem,
1420 1781 1536 1819 saepe
1567 1769 1605 1807 in
1628 1787 1667 1817 25

274 1835 476 1873 contrariis
506 1835 634 1873 causis
664 1834 804 1873 versati
837 1848 998 1881 sumus:
1042 1834 1094 1872 ita
1128 1842 1263 1873 contra
1299 1847 1361 1872 me
1395 1833 1458 1871 ille
1488 1833 1604 1880 dicet,

273 1899 452 1948 quamvis
474 1899 521 1938 sit
543 1899 780 1950 ingeniosus,
806 1907 848 1937 ut
870 1912 949 1937 non
972 1900 1122 1936 nullum
1146 1899 1262 1937 etiam
1285 1900 1334 1936 de
1355 1911 1427 1937 suo
1448 1898 1606 1948 ingenio

213 1977 253 2009 45
274 1963 463 2002 iudicium
486 1964 567 2002 fieri
588 1964 803 2003 arbitretur.
857 1966 917 2001 Te
934 1977 1035 2010 vero,
1057 1963 1214 2010 Caecili,
1234 1977 1351 2013 quem
1373 1965 1423 2001 ad
1441 1965 1604 2002 modum

273 2028 321 2066 sit
359 2031 548 2076 elusurus,
590 2044 708 2080 quam
749 2029 856 2068 omni
897 2028 1046 2067 ratione
1093 2028 1314 2075 iactaturus,
1356 2027 1487 2066 videre
1527 2029 1602 2067 iani

272 2094 432 2141 videor3
462 2095 645 2145 quotiens
673 2095 736 2133 ille
764 2094 833 2133 tibi
861 2102 1096 2144 potestatem
1125 2093 1408 2143 optionemque
1433 2094 1604 2132 facturus
1625 2110 1664 2140 30

273 2158 320 2196 sit
342 2167 383 2197 ut
404 2159 523 2209 eligas
545 2168 674 2198 utrum
697 2159 994 2198 velis—factum
1021 2172 1104 2196 esse
1133 2171 1268 2204 necne,
1292 2171 1425 2196 verum
1447 2172 1532 2196 esse
1552 2172 1602 2196 an

319 2273 353 2292 11
383 2264 410 2294 si
426 2265 504 2303 quid
524 2264 651 2294 ΒΨπὸε
676 2269 709 2294 et
726 2264 752 2294 si
771 2264 849 2303 quid
868 2264 883 2292 δ
899 2262 968 2293 cdd.
1111 2272 1145 2300 15
1170 2260 1214 2292 At
1232 2262 1257 2292 si
1277 2259 1375 2291 LKZ
1476 2262 1514 2291 16
1539 2271 1602 2292 nec

274 2306 353 2336 illud
371 2319 391 2336 π
481 2319 518 2338 21
547 2319 599 2338 me
617 2319 681 2339 om.
703 2307 737 2337 D
752 2308 794 2338 al.
888 2316 928 2344 23
953 2316 1015 2336 suo
1041 2316 1092 2336 me
1113 2304 1218 2344 G2LZ
