1715 2734
110 57 246 107 65158
550 61 606 98 M.
639 60 807 98 TVLLI
839 59 1146 99 CICERONIS

181 170 313 210 Sicilia
339 172 520 210 fuerunt:
551 184 678 221 ecquo
698 172 749 210 de
773 170 935 210 homine
962 171 1039 209 hoc
1058 185 1248 222 umquam
1278 172 1512 211 audivistis?

182 238 342 275 Novum
381 245 451 284 est,
491 236 652 283 iudices,
694 235 734 274 in
778 235 918 274 Siculis
956 236 1118 286 quidem
1162 245 1200 275 et
1245 237 1284 275 in
1325 238 1512 277 omnibus

182 302 342 340 Graecis
381 301 546 340 monstri
585 301 722 339 simile.
795 298 889 339 Non
928 303 1128 340 crederem
1172 303 1248 341 hoc
1286 304 1337 341 de
1375 303 1512 341 statuis

181 366 255 405 nisi
294 366 456 405 iacentis
495 368 746 416 revulsasque
784 365 981 413 vidissem,
1015 375 1221 417 propterea
1258 369 1367 417 quod
1405 369 1512 418 apud

181 431 311 470 omnis
332 431 505 470 Graecos
526 431 590 470 hic
610 444 697 469 mos
717 438 785 477 est,
809 439 851 469 ut
872 432 1062 470 honorem
1084 431 1312 470 hominibus
1332 432 1512 470 habitum
1531 445 1549 478 5

182 496 222 534 in
261 495 529 535 monumentis
573 495 656 534 eius
700 495 809 534 modi
849 509 930 534 non
969 497 1077 534 nulla
1120 497 1308 547 religione
1346 499 1512 536 deorum

100 574 162 606 159
182 561 401 600 consecrari
449 559 695 599 arbitrentur.
767 562 908 610 Itaque
949 560 1112 608 Rhodii,
1160 561 1227 611 qui
1275 575 1398 612 prope
1441 562 1513 600 soli

186 629 331 666 bellum
352 627 449 665 illud
470 626 648 677 superius
672 639 764 665 cum
786 626 1018 665 Mithridate
1039 640 1127 677 rege
1147 628 1347 677 gesserint,
1370 628 1514 666 omnis-

182 706 259 742 que
281 692 363 730 eius
384 691 518 741 copias
545 691 859 741 acerrimumque
880 691 1071 741 impetum
1097 692 1307 730 moenibus
1334 692 1514 731 litoribus

181 757 453 807 classibusque
492 756 571 795 suis
606 756 842 807 exceperint,
877 764 1020 804 tamen,
1054 769 1144 794 cum
1184 757 1220 795 ei
1254 757 1332 807 regi
1366 757 1514 795 inimici
1537 769 1575 791 10

182 831 334 873 praeter
353 830 504 860 ceteros
525 829 667 869 essent,
690 829 859 860 statuam
880 821 975 868 eius,
998 835 1099 871 quae
1120 829 1201 860 erat
1220 823 1328 872 apud
1347 822 1454 872 ipsos
1474 822 1514 860 in

182 887 438 927 celeberrimo
468 886 574 925 urbis
604 888 704 933 loco,
727 900 778 925 ne
806 894 890 925 tum
921 886 1083 936 quidem
1105 886 1144 924 in
1171 886 1264 937 ipsis
1289 887 1395 926 urbis
1419 887 1516 938 peri-

181 953 279 991 culis
305 952 527 1001 attigerunt.
586 953 647 989 Ac
674 950 835 989 forsitan
854 950 917 989 vix
936 951 1147 990 convenire
1168 951 1373 999 videretur,
1396 965 1515 1002 quem

182 1017 312 1067 ipsum
344 1016 548 1055 hominem
588 1023 777 1066 cuperent
815 1023 997 1063 evertere,
1034 1015 1118 1055 eius
1156 1016 1324 1066 effigiem
1363 1017 1517 1055 simula-

182 1096 373 1132 crumque
390 1095 542 1120 servare
557 1096 567 1129 3
595 1083 665 1120 sed
687 1089 820 1120 tamen
837 1080 1032 1127 videbam,
1051 1082 1158 1131 apud
1175 1095 1242 1120 eos
1263 1095 1354 1119 cum
1375 1096 1514 1129 essem,
1539 1099 1576 1132 15

183 1155 221 1186 et
250 1147 477 1197 religionem
505 1159 590 1185 esse
620 1147 820 1196 quandam
850 1145 888 1183 in
920 1145 980 1184 his
1008 1146 1123 1184 rebus
1152 1160 1175 1185 a
1205 1146 1418 1186 maioribus
1447 1155 1518 1185 tra-

183 1214 317 1260 ditam,
367 1221 405 1252 et
453 1214 530 1251 hoc
574 1211 775 1262 disputari,
819 1225 910 1250 cum
955 1219 1082 1250 statua
1129 1225 1170 1250 se
1210 1212 1294 1250 eius
1333 1212 1518 1252 habuisse

183 1278 371 1330 temporis
412 1278 604 1316 rationem
646 1291 726 1327 quo
773 1277 902 1327 posita
940 1284 1054 1322 esset,
1093 1290 1184 1315 cum
1228 1277 1390 1316 homine
1435 1278 1517 1316 eius

100 1349 159 1387 66
184 1359 264 1395 quo
311 1352 460 1394 gereret
508 1344 656 1382 bellum
703 1350 823 1392 atque
866 1342 989 1380 hostis
1030 1350 1144 1381 esset.
1202 1342 1356 1381 Videtis
1403 1343 1519 1394 igitur

183 1409 516 1448 consuetudinem
567 1407 877 1457 religionemque
927 1410 1180 1455 Graecorum,
1231 1422 1333 1458 quae
1380 1422 1519 1447 monu-
1539 1425 1578 1446 20

185 1484 317 1515 menta
340 1475 514 1513 hostium
541 1474 581 1512 in
607 1475 713 1512 bello
741 1473 828 1523 ipso
853 1475 977 1512 soleat
1005 1475 1229 1521 defendere,
1253 1487 1340 1512 eam
1363 1487 1519 1513 summa

184 1542 223 1580 in
245 1555 341 1592 pace
362 1540 550 1591 praetoris
571 1539 707 1590 populi
726 1539 898 1577 Romani
915 1539 1051 1577 statuis
1072 1539 1269 1589 praesidio
1285 1553 1365 1578 non
1386 1540 1517 1578 fuisse.

105 1611 164 1643 160
184 1605 524 1653 Tauromenitani,
571 1618 738 1655 quorum
788 1612 846 1642 est
894 1604 1029 1642 civitas
1077 1606 1287 1652 foederata,
1337 1604 1519 1643 homines

185 1670 429 1722 quietissimi,
453 1670 520 1720 qui
542 1669 711 1708 maxime
731 1670 782 1708 ab
804 1669 953 1708 iniuriis
975 1677 1197 1708 nostrorum
1219 1669 1517 1719 magistratuum

185 1736 325 1776 remoti
354 1743 591 1775 consuerant
620 1748 705 1774 esse
730 1734 925 1784 praesidio
946 1733 1224 1781 foederisff—hi
1255 1742 1386 1773 tamen
1408 1734 1518 1772 istius
1539 1750 1577 1781 25

185 1810 357 1842 evertere
378 1809 546 1840 statuam
568 1814 649 1838 non
670 1799 923 1847 dubitarunt3
955 1813 1033 1849 qua
1052 1799 1207 1838 abiecta
1233 1799 1359 1837 basim
1385 1807 1519 1837 tamen

186 1869 225 1906 in
253 1870 336 1907 foro
365 1880 523 1905 manere
544 1867 762 1913 voluerunt,
786 1867 894 1916 quod
923 1865 1075 1915 gravius
1096 1865 1136 1903 in
1164 1865 1280 1903 istum
1302 1866 1384 1903 fore
1411 1873 1520 1915 puta-

186 1935 282 1972 bant
303 1933 332 1972 si
355 1933 499 1971 scirent
520 1931 702 1971 homines
726 1939 894 1970 statuam
917 1931 1000 1970 eius
1020 1945 1043 1969 a
1063 1930 1410 1969 Tauromenitanis
1434 1943 1520 1968 esse

186 1999 381 2038 deiectam
416 2011 535 2047 quam
575 1996 606 2035 si
647 1998 795 2035 nullam
825 2010 1014 2046 umquam
1048 1996 1218 2046 positam
1248 2009 1333 2034 esse
1361 1995 1519 2033 arbitra-

236 2114 246 2133 1
274 2102 449 2134 audivistis
467 2100 537 2133 CO¹
555 2113 561 2132 ε
585 2101 762 2139 audiimus,
783 2101 972 2130 audivimus
985 2105 1010 2140 p
1027 2100 1093 2131 rell.
1217 2109 1232 2138 7
1259 2099 1316 2138 qui
1336 2097 1416 2129 CO:
1443 2108 1517 2129 cum

182 2153 205 2187 p
223 2148 266 2178 al.
358 2148 378 2176 8
403 2146 572 2185 gesserint
591 2144 618 2175 C
633 2144 697 2175 rell.
713 2149 844 2183 practer
860 2143 890 2174 Ο
907 2144 1117 2183 {gesseruntN
1214 2153 1253 2173 10
1278 2143 1475 2181 exceperint
1494 2142 1522 2172 C

188 2191 254 2221 rell.
273 2202 279 2220 :
301 2194 512 2229 exceperunt
529 2187 664 2228 Zumpt,
685 2187 755 2219 edd.
915 2198 948 2217 11
978 2188 1060 2218 istos
1080 2186 1149 2218 CO¹
1292 2195 1329 2224 13
1354 2186 1406 2216 Ac
1425 2185 1494 2216 60¹
1512 2197 1518 2214 ε

188 2245 254 2263 om.
276 2234 340 2265 rell.
460 2243 495 2271 17
521 2231 683 2279 disputari
703 2231 773 2262 60¹
793 2243 799 2262 :
824 2237 930 2271 -arep
950 2231 1015 2263 rell.
1091 2230 1161 2260 eius
1180 2227 1258 2260 CO:
1286 2240 1353 2259 non
1367 2235 1411 2269 p:
1436 2239 1518 2259 vero

635 2284 642 2300 1

189 2312 206 2341 b
224 2311 289 2342 rell.
404 2321 444 2340 22
469 2312 586 2351 ptores
604 2319 633 2348 p.
650 2318 674 2339 r.
691 2309 733 2348 pl)
750 2309 793 2340 al.
811 2320 817 2341 ε
845 2309 880 2339 P.
898 2308 939 2339 R.
960 2308 1006 2339 C:
1033 2318 1109 2347 pop.
1125 2307 1223 2337 Rom.
1242 2306 1271 2337 O
1375 2316 1416 2345 25
1441 2316 1518 2336 con-

190 2360 327 2386 suerant
346 2354 404 2385 CO
420 2366 426 2384 :
454 2357 644 2393 -cverantp
661 2353 726 2384 rell.
862 2354 903 2382 26
927 2352 1119 2382 dubitarunt
1139 2351 1227 2391 Cpb:
1255 2356 1412 2380 -avcrunt
1431 2349 1496 2381 rell.
