1715 2734
124 457 141 488 5

102 783 142 805 10

102 1105 140 1138 Ι5

101 1434 141 1455 20

101 2083 142 2115 30

162 72 430 113 ACTIONIS
461 72 522 111 IN
552 72 597 111 C.
620 73 861 110 VERREM
891 72 1190 111 SECVNDAE
1219 73 1322 111 LIB.
1348 74 1390 110 II
1433 82 1485 119 33
1505 78 1544 109 81

162 182 326 222 consilio
356 183 400 222 C.
424 181 626 221 Sacerdoti
653 183 804 220 fuerant
831 181 981 232 tibique
1007 195 1092 220 esse
1112 182 1292 221 solebant
1312 181 1484 229 remotis,

161 249 212 287 de
241 262 281 286 re
310 247 481 286 iudicata
509 246 771 285 iudicavisse?
811 255 928 296 teque
957 260 1046 285 eum
1078 260 1196 296 quem
1222 248 1266 285 C.
1293 247 1484 285 Sacerdos

160 311 340 351 adhibito
369 310 534 350 consilio
558 324 676 349 causa
699 310 856 361 cognita
874 310 1116 357 absolvisset,
1139 311 1311 349 eundem
1333 318 1484 349 remoto

160 376 326 416 consilio
346 389 464 414 causa
483 375 682 425 incognita
698 376 1013 414 condemnasse?
1053 376 1156 414 Cum
1170 376 1267 413 haec
1281 376 1483 414 confessus

161 442 245 488 eris,
277 455 378 492 quae
408 441 448 479 in
478 442 562 480 foro
591 442 720 491 palam
750 440 948 490 Syracusis
977 440 1016 478 in
1046 454 1113 478 ore
1141 448 1260 490 atque
1289 440 1328 478 in
1358 440 1482 479 oculis

160 505 383 558 provinciae
402 513 511 556 gesta
530 512 631 552 sunt,
654 513 796 554 negato
817 513 899 543 tum
921 518 1028 552 sane,
1041 504 1072 542 si
1086 506 1203 552 voles,
1220 512 1257 543 te
1272 505 1482 555 pecuniam

159 571 381 622 accepisse:
425 570 603 621 reperies,
638 571 768 617 credo,
801 570 972 620 aliquem
1005 570 1084 620 qui,
1120 584 1211 608 cum
1245 571 1343 608 haec
1381 584 1483 620 quae

160 638 287 686 palam
312 642 421 685 gesta
447 642 538 673 sunt
558 634 699 681 videat,
723 642 884 684 quaerat
905 634 1001 684 quid
1022 642 1063 673 tu
1084 636 1239 674 occulte
1260 634 1396 685 egeris,
1414 642 1483 673 aut

159 701 227 751 qui
256 700 410 739 dubitet
439 708 568 739 utrum
600 699 708 738 malit
738 699 835 739 meis
856 699 1020 739 testibus
1040 713 1091 738 an
1112 699 1188 738 tuis
1209 699 1482 740 defensoribus

159 767 328 804 credere.

215 830 306 868 Dixi
351 829 428 868 iam
470 837 561 868 ante
607 843 670 868 me
718 843 798 868 non
843 829 978 868 onmia
1021 829 1131 868 istius
1176 843 1278 880 quae
1321 829 1362 868 in
1406 831 1483 870 hoc
1505 841 1543 871 82

158 909 300 945 genere
346 903 477 934 essent
525 902 854 943 enumeraturum,
905 896 975 934 sed
1023 896 1237 934 electurum
1286 909 1332 934 ea
1383 909 1484 946 quae

159 960 327 998 maxime
377 961 620 998 excellerent.
690 959 869 1010 Accipite
912 973 1017 998 nunc
1057 959 1164 999 aliud
1211 959 1294 998 eius
1333 959 1484 999 facinus
1503 966 1555 1004 34

160 1024 293 1064 nobile
320 1033 358 1063 et
385 1024 516 1063 multis
544 1025 639 1063 locis
664 1038 780 1074 saepe
808 1033 1176 1073 commemoratum,
1203 1033 1241 1064 et
1265 1024 1348 1064 eius
1375 1025 1485 1064 modi

160 1097 203 1128 ut
241 1090 280 1127 in
320 1103 400 1128 uno
438 1089 572 1128 omnia
610 1089 802 1128 maleficia
839 1090 967 1128 inesse
1005 1089 1220 1128 videantur.
1280 1090 1485 1129 Attendite

159 1154 388 1205 diligenter,
422 1153 628 1193 invenietis
657 1154 763 1193 enim
788 1154 828 1193 id
858 1154 1008 1192 facinus
1038 1162 1174 1192 natum
1201 1169 1224 1193 a
1257 1155 1481 1205 cupiditate,

158 1228 319 1258 auctum
350 1233 418 1269 per
449 1228 639 1269 stuprum,
674 1219 904 1258 crudelitate
931 1221 1149 1269 perfectum
1179 1227 1298 1270 atque
1329 1222 1485 1259 conclu-

159 1298 257 1322 sum.
317 1284 501 1322 Sthenius
534 1292 602 1331 est,
637 1283 701 1322 hic
739 1283 806 1333 qui
845 1283 960 1322 nobis
991 1284 1157 1332 adsidet,
1191 1285 1481 1332 Thermitanus,
1503 1292 1544 1331 83

158 1358 274 1388 antea
327 1349 458 1388 multis
511 1357 668 1399 propter
720 1363 916 1387 summam
973 1349 1156 1388 virtutem
1209 1364 1485 1402 summamque

159 1414 417 1462 nobilitatem,
449 1428 555 1453 nunc
590 1422 748 1465 propter
781 1428 891 1453 suam
925 1415 1189 1453 calamitatem
1223 1423 1341 1466 atque
1375 1416 1485 1455 istius

160 1479 351 1530 insignem
379 1479 559 1518 iniuriam
587 1479 772 1518 omnibus
800 1487 928 1518 notus.
988 1480 1121 1518 Huius
1148 1480 1319 1530 hospitio
1344 1483 1485 1521 Verres

159 1558 251 1583 cum
284 1552 386 1583 esset
424 1558 527 1591 usus,
568 1552 607 1583 et
640 1558 731 1583 cum
765 1546 871 1595 apud
906 1558 996 1583 eum
1030 1558 1111 1583 non
1143 1547 1270 1584 solum
1302 1547 1484 1586 Thermis

160 1623 443 1660 saepenumero
484 1609 630 1657 fuisset,
668 1611 737 1649 sed
777 1610 895 1649 etiam
932 1609 1157 1657 habitasset,
1194 1611 1328 1650 omnia
1362 1613 1484 1651 domo

160 1674 244 1713 eius
281 1674 441 1713 abstulit
483 1688 585 1724 quae
623 1677 742 1725 paulo
781 1675 903 1725 magis
941 1675 1118 1713 animum
1156 1675 1373 1726 cuiuspiam
1417 1685 1484 1715 aut

161 1741 298 1778 oculos
336 1747 497 1790 possent
535 1753 796 1779 commovere.
858 1740 1016 1779 Etenim
1051 1740 1237 1779 Sthenius
1270 1742 1321 1780 ab
1353 1743 1485 1781 adule-

160 1804 310 1844 scentia
347 1806 465 1855 paulo
503 1804 716 1843 studiosius
755 1806 853 1844 haec
892 1813 1158 1856 compararat:
1202 1806 1484 1857 supellectilem

160 1884 207 1909 ex
237 1884 325 1909 aere
357 1869 635 1920 elegantiorem
667 1878 705 1909 et
732 1870 935 1909 Deliacam
969 1878 1008 1909 et
1041 1870 1297 1917 Corinthiam,
1331 1871 1484 1910 tabulas

160 1935 294 1985 pictas,
321 1934 437 1973 etiam
467 1935 616 1984 argenti
646 1935 748 1974 bene
772 1935 872 1983 facti,
896 1943 1011 1986 prout
1040 1935 1285 1974 Thermitani
1312 1935 1484 1974 hominis

160 2001 364 2039 facultates
421 2000 606 2047 ferebant,
654 2000 756 2038 satis.
831 2002 944 2050 Quae
998 2014 1089 2039 cum
1141 2009 1242 2040 esset
1299 2001 1337 2039 in
1389 2000 1484 2040 Asia

160 2066 394 2103 adulescens
432 2064 617 2111 studiose,
658 2073 700 2103 ut
739 2064 829 2112 dixi,
870 2074 1123 2115 compararat,
1165 2080 1245 2104 non
1277 2073 1356 2104 tam
1391 2079 1484 2104 suae

207 2178 241 2198 11
268 2172 346 2198 ante
366 2166 419 2197 O:
444 2171 543 2197 antea
561 2167 625 2198 rell.
646 2168 706 2203 (iii,
730 2170 766 2205 βξ
785 2177 838 2207 24,
857 2170 909 2207 63,
933 2178 1015 2208 130:
1040 2169 1081 2202 iv,
1105 2173 1118 2206 ξ
1139 2170 1195 2209 73)
1300 2179 1337 2208 15
1362 2168 1484 2200 Atten-

161 2213 228 2243 dite
245 2213 299 2244 dil.
321 2214 384 2243 inV.
403 2214 492 2243 enirn
510 2213 578 2244 cO:
605 2213 782 2244 Attendite
801 2213 891 2244 enim
907 2213 962 2243 dil.
977 2213 1043 2244 inv.
1058 2219 1083 2253 p
1097 2212 1160 2244 rell.
1282 2214 1321 2243 18
1347 2213 1486 2244 Stenius

160 2255 290 2297 Stangl,
311 2256 629 2295 Pseudoasconiana,
642 2262 674 2296 p.
694 2258 737 2295 69
828 2256 882 2286 hic
904 2256 943 2294 O,
964 2257 1071 2286 Arus.
1090 2257 1185 2286 Mess.
1202 2267 1208 2286 :
1233 2256 1260 2286 is
1277 2257 1339 2287 rell.
1444 2268 1486 2288 20

160 2310 320 2330 summam
341 2300 452 2331 calam.
470 2300 503 2338 J.
520 2300 556 2338 J.
576 2300 751 2330 Hartman
863 2310 904 2329 22
930 2310 996 2330 non
1016 2300 1124 2329 solum
1142 2299 1211 2330 edd.
1232 2311 1237 2329 ι
1262 2299 1370 2330 solum
1390 2300 1420 2330 O
1437 2301 1485 2339 <in

160 2353 225 2383 quo
237 2345 442 2383 omittuntur,
458 2347 495 2373 ut
508 2348 607 2383 saepe,
619 2349 678 2384 per
692 2343 856 2373 incuriam
874 2343 969 2374 verba
984 2343 1043 2373 sed
1058 2343 1157 2373 etiam
1171 2342 1371 2384 habitasset)
1386 2356 1392 2374 z
1419 2354 1484 2374 non

163 2387 259 2416 modo
285 2387 390 2417 solum
418 2387 500 2417 nkb:
536 2397 603 2417 non
628 2387 728 2417 modo
754 2387 857 2427 vulg,
885 2386 977 2427 prob.
1008 2385 1138 2426 Stangl.
1200 2385 1248 2425 Cf.
1279 2390 1294 2423 ξ
1318 2387 1356 2417 18
1384 2392 1485 2429 supra

163 2430 205 2461 26
229 2430 313 2460 hanc
332 2429 362 2460 Ο
491 2441 530 2470 27
556 2436 588 2461 et
605 2430 733 2461 tabulas
753 2430 784 2460 O
