1715 2734
171 59 440 98 ACTIONIS
470 59 531 96 IN
561 58 606 97 C.
628 58 870 95 VERREM
901 57 1200 95 SECVNDAE
1231 57 1333 94 LIB.
1359 56 1401 93 II
1436 65 1493 102 49
1516 71 1577 94 120

169 169 369 209 neminem
402 170 481 208 ulla
511 168 552 207 in
590 168 745 207 civitate
784 175 1005 206 senatorem
1044 168 1191 205 factum
1226 180 1312 205 esse
1349 165 1491 216 gratiis,

168 236 378 282 neminem,
415 242 457 273 ut
496 235 600 284 leges
634 247 768 272 eorum
809 241 910 280 sunt,
944 231 1147 282 suffragiis,
1181 231 1381 270 neminem
1419 231 1493 270 nisi

170 301 277 338 istius
296 298 460 349 imperio
479 306 546 337 aut
567 297 727 345 litteris;
756 306 874 348 atque
895 297 935 335 in
959 297 1019 335 his
1040 296 1226 335 omnibus
1247 296 1493 335 senatoribus

166 363 400 414 cooptandis
427 377 507 401 non
534 364 656 401 modo
686 363 866 412 suffragia
892 364 998 400 nulla
1025 361 1154 408 fuisse,
1178 363 1248 400 sed
1280 375 1328 400 ne
1352 374 1495 411 genera

126 443 144 475 5
166 428 326 478 quidem
354 435 528 478 spectata
556 440 641 466 esse
670 441 716 465 ex
746 427 889 477 quibus
918 427 958 464 in
988 440 1078 465 euni
1108 426 1287 464 ordinem
1319 425 1494 476 cooptari

165 493 310 540 liceret,
331 506 460 542 neque
479 506 620 531 census
642 506 772 542 neque
799 500 946 530 aetates
968 505 1096 542 neque
1118 498 1246 530 cetera
1272 490 1492 529 Siculorum

165 557 246 596 iura
283 557 474 605 valuisse3
513 557 754 608 quicumque
792 565 948 596 senator
981 556 1146 595 voluerit
1185 556 1278 602 fieri,
1314 555 1493 606 quamvis
1516 569 1575 593 121

163 636 269 672 puer,
304 622 482 672 quamvis
515 622 708 672 indignus,
742 622 920 672 quamvis
952 636 998 660 ex
1033 635 1080 660 eo
1108 623 1196 660 loco
1227 635 1273 659 ex
1303 634 1382 670 quo
1412 634 1492 659 non

164 686 307 733 liceret,
338 686 370 724 si
399 687 431 725 is
460 687 585 737 pretio
614 688 720 736 apud
750 687 867 725 istum
897 684 1098 739 [idoneus]
1130 685 1312 732 vinceret,
1344 687 1491 724 facturn

105 765 144 787 10
162 765 247 789 esse
271 765 450 801 semper3
478 765 558 790 non
589 752 710 790 modo
738 751 957 790 Siculorum
986 751 1082 789 nihil
1103 750 1142 788 in
1170 752 1243 788 hac
1264 764 1305 788 re
1324 749 1492 788 valuisse

161 818 275 866 leges,
299 818 369 855 sed
399 831 449 855 ne
477 817 527 855 ab
548 824 685 855 senatu
710 816 871 866 quidem
897 818 1123 866 populoque
1155 817 1340 854 Romano
1367 815 1489 859 datas.

162 883 271 930 Quas
292 882 398 920 enim
418 883 522 932 leges
542 881 658 920 sociis
678 881 894 931 amicisque
915 882 982 920 dat
1003 881 1033 919 is
1055 880 1121 930 qui
1143 880 1262 919 habet
1283 879 1489 930 imperium

160 960 183 984 a
202 948 352 996 populo
373 948 568 993 Romano,
586 946 859 984 auctoritatem
880 947 1009 996 legum
1030 947 1250 984 dandarum
1271 945 1322 983 ab
1338 952 1486 991 senatu,

161 1023 231 1048 eae
251 1010 399 1049 debent
420 1018 458 1049 et
478 1010 613 1060 populi
636 1010 808 1048 Romani
829 1018 867 1049 et
888 1018 1045 1049 senatus
1066 1009 1286 1048 existimari.

105 1092 141 1124 15
217 1075 422 1114 Halaesini
444 1089 514 1125 pro
535 1074 666 1113 multis
687 1088 732 1113 ac
754 1075 905 1125 magnis
927 1075 1004 1113 suis
1027 1074 1300 1124 maiorumque
1327 1087 1487 1113 suorum
1511 1089 1568 1111 122

160 1139 199 1177 in
227 1154 308 1178 rem
332 1139 531 1190 publicam
559 1147 733 1178 nostram
763 1139 908 1178 meritis
937 1147 1056 1189 atque
1081 1138 1282 1177 beneficiis
1309 1152 1381 1177 suo
1405 1139 1487 1178 iure

159 1218 292 1254 nuper,
318 1206 360 1242 L.
385 1204 539 1243 Licinio
560 1205 609 1252 Q.
634 1204 772 1242 Mucio
797 1204 1037 1251 consulibus,
1060 1217 1151 1242 curn
1176 1204 1366 1242 haberent
1387 1204 1487 1243 inter

157 1282 199 1307 se
237 1268 520 1307 controversias
560 1270 611 1307 de
649 1276 787 1306 senatu
831 1270 1069 1318 cooptando,
1110 1270 1214 1318 leges
1253 1269 1303 1307 ab
1347 1277 1484 1307 senatu

156 1342 291 1372 nostro
333 1333 563 1383 petiverunt.
639 1333 822 1371 Decrevit
861 1342 1020 1371 senatus
1064 1333 1283 1372 honorifico
1326 1341 1484 1372 senatus

95 1415 135 1436 20
154 1400 337 1437 consulto
366 1407 407 1437 ut
432 1398 478 1436 iis
507 1400 551 1438 C.
586 1398 776 1438 Claudius
799 1398 903 1448 Appi
932 1398 1033 1436 filius
1058 1399 1226 1436 Pulcher
1252 1406 1407 1449 praetor
1433 1400 1484 1438 de

155 1472 293 1502 senatu
312 1465 539 1514 cooptando
560 1465 663 1514 leges
683 1463 957 1502 conscriberet.
1003 1465 1048 1503 C.
1072 1464 1273 1510 Claudius,
1295 1464 1483 1503 adhibitis

155 1528 340 1567 omnibus
365 1528 563 1567 Marcellis
584 1529 651 1579 qui
676 1536 759 1566 turn
781 1536 900 1575 erant,
924 1530 975 1567 de
999 1543 1135 1567 eorum
1163 1529 1358 1568 sententia
1378 1531 1482 1580 leges

156 1593 381 1633 Halaesinis
411 1593 530 1640 dedit,
568 1593 607 1631 in
637 1593 781 1643 quibus
811 1595 934 1631 multa
963 1593 1088 1632 sanxit
1117 1595 1168 1632 de
1197 1602 1324 1632 aetate
1358 1595 1482 1633 homi-

154 1672 260 1705 num,
297 1673 347 1697 ne
378 1658 445 1709 qui
480 1658 607 1696 minor
638 1671 727 1696 xxx
761 1658 873 1696 annis
908 1666 1035 1706 natus,
1066 1660 1116 1697 de
1148 1667 1325 1709 quaestu,
1361 1673 1480 1709 quem

96 1736 133 1768 25
153 1722 221 1772 qui
242 1722 396 1761 fecisset
424 1737 475 1761 ne
502 1725 702 1773 legeretur,
735 1725 786 1762 de
811 1737 942 1771 censu,
966 1725 1017 1762 de
1045 1724 1182 1762 ceteris
1208 1725 1347 1762 rebus:
1378 1738 1480 1774 quae

153 1787 287 1826 omnia
319 1796 410 1826 ante
449 1787 566 1826 istum
601 1796 820 1838 praetorem
852 1796 890 1827 et
924 1796 1146 1827 nostrorum
1183 1788 1478 1839 magistratuum

200 1902 213 1922 1
240 1891 344 1931 gratis
359 1891 446 1923 codd.
464 1891 643 1929 (Zielinski,
658 1897 689 1932 p.
711 1892 786 1932 186)
886 1902 902 1930 7
927 1891 1069 1923 voluerit
1086 1892 1276 1932 Naugerius
1293 1904 1300 1923 z
1323 1893 1479 1924 voluerat

152 1935 240 1966 codd.
427 1946 448 1974 9
471 1935 614 1965 idoneus
631 1936 781 1966 vinceret
798 1946 821 1973 c,
837 1935 922 1965 unde
940 1936 1053 1966 Garat.
1075 1934 1188 1966 Madv.
1210 1936 1348 1966 idoneos
1366 1936 1452 1968 vinc.
1472 1949 1478 1967 :

152 1979 241 2010 idon.
257 1979 523 2018 inveniretfalsa
535 1980 715 2019 transcripl.
735 1979 765 2009 O
810 1978 877 2009 Sed
888 1980 981 2009 lmbet
996 1980 1146 2010 Vidone.
1161 1984 1262 2016 esset,
1281 1979 1367 2009 unde
1378 1979 1479 2010 Klotz

153 2022 239 2053 idon.
264 2027 355 2052 esset
372 2028 408 2052 ut
426 2023 526 2059 vinc.,
548 2022 678 2061 Kayser
692 2022 782 2053 idon.
802 2028 892 2052 esset
912 2022 1108 2064 [vinceret]
1161 2022 1262 2054 Codd.
1281 2023 1342 2052 nbk
1360 2023 1480 2054 habent

152 2065 215 2096 lect.
230 2066 341 2105 interp.
357 2066 453 2096 fieret
466 2065 610 2096 idoneus
622 2066 785 2103 vinceret,
804 2066 852 2095 vel
866 2070 901 2095 ut
918 2066 1081 2103 vinceret,
1097 2065 1153 2095 ubi
1161 2066 1298 2106 repetitio
1311 2067 1408 2097 fieret
1419 2091 1426 2098 .
1442 2091 1449 2098 .
1464 2092 1472 2099 .

151 2108 272 2139 factum
287 2119 361 2139 esse
375 2114 513 2148 prorsus
521 2109 608 2147 ferri
622 2120 689 2139 non
703 2113 813 2149 polest.
864 2109 935 2149 Ego
951 2109 1016 2140 cod.
1035 2109 1065 2138 V
1073 2114 1199 2139 secutus
1215 2109 1301 2139 duas
1312 2109 1478 2141 clausulas

152 2152 185 2181 in
199 2163 305 2182 unam
323 2153 432 2182 coiisse
446 2157 537 2192 puto,
553 2157 583 2182 et
599 2153 642 2182 ita
658 2152 832 2192 legendnm
850 2163 914 2183 esse
928 2164 935 2182 :
959 2153 1110 2191 quamvis
1129 2163 1196 2183 non
1216 2153 1358 2183 idoneus
1374 2159 1473 2186 esset.

151 2195 179 2224 si
196 2195 222 2225 is
239 2196 348 2234 pretio
365 2197 453 2235 apud
472 2197 571 2225 istum
590 2196 740 2225 vinceret
761 2198 791 2232 (ξ
808 2206 867 2233 124
885 2195 987 2235 infra)
1038 2196 1085 2235 Cf.
1109 2195 1155 2227 Cl.
1176 2196 1253 2227 Rev.
1273 2196 1364 2235 xviii,
1381 2202 1414 2236 p.
1434 2207 1475 2236 25

155 2248 192 2275 14
217 2248 277 2268 eae
295 2239 418 2269 debent
430 2244 454 2278 p
470 2239 512 2269 al.
531 2239 684 2269 Habeto
703 2244 774 2278 (pro
793 2239 833 2268 ab
850 2249 921 2270 sen.
943 2250 1003 2269 eae
1021 2240 1157 2269 debenti
1177 2240 1299 2270 miram
1313 2240 1475 2271 lectionem

151 2280 311 2312 abferiam
327 2291 386 2312 ace
403 2293 410 2312 ι
433 2292 477 2311 an
495 2282 536 2311 ab
554 2287 685 2320 senatu,
706 2292 764 2312 eas
781 2292 922 2313 necesse
941 2288 992 2313 est
1009 2307 1017 2314 .
1037 2306 1045 2313 .
1066 2307 1073 2313 .
1089 2285 1099 2313 ἓ
1216 2293 1257 2313 20
1280 2283 1307 2314 is
1326 2283 1394 2313 Ob:
1421 2285 1474 2314 his

146 2328 172 2365 p
188 2324 273 2363 vulg.
409 2334 450 2363 24
476 2335 517 2355 ne
534 2326 627 2366 quip
645 2328 695 2363 gul
711 2336 725 2354 c
738 2336 745 2355 z
759 2325 851 2364 salso
868 2326 1008 2367 Zumpt)
1026 2337 1032 2356 z
1057 2326 1161 2365 iniqui
1181 2326 1222 2356 0¹
