1769 2739
685 99 1005 137 PRAEFATIO

179 212 375 261 praecipui
397 212 480 250 eius
500 213 652 261 generis
673 212 758 249 libri
781 211 821 249 in
842 212 970 250 Gallia
995 211 1133 262 reperti
1159 219 1261 258 sunt,
1282 212 1401 249 altera
1423 208 1510 260 (Y)

180 275 317 314 Italica
336 275 416 314 sive
439 275 613 325 vulgaris.
675 277 782 314 Inter
801 278 846 314 X
860 283 898 314 et
931 277 967 314 Y
979 277 1200 326 disceptant
1226 275 1360 324 aliquo
1388 275 1510 312 modo

177 341 393 391 fragmenta
410 341 656 391 Palimpsesti
670 340 851 379 Vaticani
865 340 959 393 (V),
976 354 1066 379 cum
1082 340 1363 379 recentioribus
1380 347 1510 378 sectae

180 407 347 456 vulgaris
386 408 586 456 exemplis,
617 419 860 456 quamquam
890 406 983 445 satis
1017 408 1135 456 longo
1174 405 1388 451 intervallo,
1420 416 1510 442 con-

177 472 365 522 gruentia.

233 537 420 575 Familiae
446 539 490 575 X
510 538 638 575 nullus
670 538 747 574 iam
776 536 873 574 liber
904 549 985 574 non
1016 544 1073 574 est
1102 535 1274 574 mutilus.
1335 534 1510 572 Primum

178 603 309 641 locum
348 602 502 642 obtinet
540 604 666 641 codex
710 601 1066 651 praestantissimus
1115 602 1264 650 Regius
1312 597 1511 637 Parisinus

180 679 283 716 7774
321 670 358 706 A
395 667 482 719 (R),
511 681 631 718 quem
667 675 793 704 totum
824 666 938 704 initio
976 666 1230 704 Verrinarum
1269 678 1412 714 corpus
1447 665 1512 702 ha-

177 733 309 772 buisse
330 733 513 783 perfacile
528 740 608 771 crat
629 733 898 770 demonstrare
921 731 982 781 (J.
1006 732 1080 769 Plz.
1103 745 1186 778 xxx,
1205 744 1267 780 pp.
1288 733 1358 768 162
1381 730 1484 781 sqq.)
1503 745 1510 767 :

179 806 361 848 quartum
390 806 543 837 tantum
576 804 614 835 et
642 796 824 847 quintum
864 797 983 835 libros
1022 795 1142 834 hodie
1172 795 1273 834 inter
1298 796 1373 834 alia
1404 807 1511 833 com-

177 863 367 912 plectitur.
446 863 495 900 In
534 860 681 899 familia
722 861 760 898 Y
792 873 934 910 agmen
983 859 1091 898 ducit
1140 860 1266 897 codex
1314 858 1511 897 Parisinus

179 929 279 975 7776
301 925 382 978 (p),
404 939 541 964 omnes
562 926 760 963 orationes
789 924 1008 963 continens.
1070 926 1193 962 Hune
1214 924 1356 962 librum
1377 924 1512 963 denuo

176 991 340 1039 excussi,
370 999 410 1030 et
446 990 589 1041 dignus
628 997 709 1028 erat
748 1002 868 1039 quern
908 989 1056 1028 maiore
1089 988 1129 1026 in
1158 989 1284 1039 pretio
1322 987 1512 1027 haberent

176 1057 371 1104 editores3
410 1069 503 1094 nam
541 1056 699 1093 saeculo
734 1055 949 1092 undecimo
988 1062 1166 1092 exaratus
1199 1061 1269 1101 est,
1306 1061 1343 1092 et
1378 1066 1512 1103 quam-

176 1134 295 1171 quam
336 1123 477 1159 multas
517 1120 782 1159 correctiones
818 1120 1141 1169 pertulit—quod
1182 1120 1287 1158 idem
1320 1120 1423 1157 valet
1461 1119 1512 1157 de

177 1187 509 1224 Vaticano—non
530 1193 589 1224 est
608 1192 742 1223 tamen
763 1184 863 1222 inter
884 1185 1096 1223 deteriores
1123 1184 1454 1222 adnumerandus.

232 1252 340 1289 Inter
359 1253 431 1289 hos
456 1258 688 1300 ceterosque
715 1251 931 1288 earundem
960 1256 1154 1287 sectarum
1183 1249 1301 1287 libros
1323 1247 1512 1298 processit

175 1317 253 1354 iam
293 1318 418 1355 codex
458 1316 626 1354 maxime
665 1315 828 1365 insignis
871 1315 1132 1353 Clum'acensis
1160 1328 1187 1353 s.
1220 1315 1509 1361 Holklzamicus,

176 1395 294 1431 quem
317 1390 358 1419 ut
378 1389 494 1420 antea
514 1381 593 1420 dixi
614 1382 801 1419 latentem
824 1394 897 1430 ego
918 1382 957 1418 in
979 1380 1221 1419 bibliotheca
1244 1378 1512 1418 Holkhamica

177 1446 290 1496 (387)
311 1446 440 1484 detexi
464 1454 502 1484 et
527 1447 633 1484 velut
664 1447 885 1495 recognovi.
946 1447 1024 1484 Sed
1055 1459 1105 1483 ne
1135 1445 1299 1483 nimium
1332 1445 1511 1483 mihimet

176 1510 260 1561 ipse
290 1513 421 1550 videar
451 1511 631 1558 tribuere,
656 1511 760 1548 iuvat
793 1512 868 1548 hoc
898 1511 988 1548 loco
1018 1510 1199 1560 profiteri,
1224 1511 1263 1549 id
1293 1512 1402 1560 quod
1434 1510 1510 1548 iarn

176 1576 215 1612 in
237 1577 426 1614 Anecdoto
446 1589 535 1614 meo
556 1575 640 1621 feci,
664 1577 725 1613 vel
746 1582 838 1613 ante
859 1576 1089 1625 me—quod
1117 1583 1199 1614 tum
1228 1575 1511 1626 ignorabam——

175 1642 348 1680 eundem
378 1643 484 1679 hunc
522 1640 702 1679 codicem
742 1639 957 1689 inspexisse
997 1639 1121 1678 virum
1161 1640 1201 1678 in
1240 1649 1320 1678 arte
1359 1642 1511 1690 palaeo-

175 1706 359 1756 graphica
406 1706 719 1745 sollertissimum
774 1707 950 1744 Leonem
1002 1707 1140 1753 Dorez,
1192 1719 1213 1744 e
1262 1705 1511 1744 Bibliotheca

178 1773 341 1810 Publica
363 1771 581 1820 Parisiensi,
605 1780 643 1810 et
665 1784 773 1809 nono
798 1772 956 1810 saeculo
982 1770 1064 1810 iure
1087 1771 1347 1810 ascribentem
1374 1771 1509 1810 folium

176 1844 257 1875 arte
278 1837 588 1887 photographica
608 1837 812 1886 depictum
827 1836 868 1874 in
885 1849 933 1875 eo
951 1836 1154 1875 volumine
1171 1850 1326 1875 curasse
1343 1838 1510 1875 inseren-

176 1903 272 1940 dum
303 1903 412 1952 quod
441 1901 565 1940 edidit
597 1903 642 1940 E.
674 1901 882 1941 Chatelain
914 1901 1207 1953 (Pale'ograplzz‘e
1233 1904 1295 1940 des
1314 1903 1512 1950 classiques

177 1967 318 2004 latins:
352 1968 407 2005 Pl.
438 1966 538 2004 xxvii
565 1966 614 2017 a).
676 1968 930 2016 Quamquam
963 1979 1042 2005 non
1072 1966 1225 2005 videtur
1255 1966 1318 2004 ille
1348 1966 1510 2016 quidem

175 2031 499 2070 animadvertisse
529 2033 676 2070 nedum
708 2033 980 2081 interpretatus
1012 2039 1070 2069 est
1104 2031 1310 2069 verborum
1351 2030 1511 2079 vestigia

177 2097 216 2135 in
248 2097 373 2146 primo
397 2097 490 2135 folio
515 2096 772 2147 ascriptorum
796 2097 834 2133 d’
851 2099 976 2133 canem
1003 2096 1101 2132 clmz’
1124 2095 1211 2145 (i.c.
1237 2096 1288 2133 de
1313 2102 1510 2133 conventu

177 2161 459 2213 Cluniaccnsi),
483 2175 584 2212 quae
605 2175 678 2211 ego
699 2169 856 2200 secutus
884 2169 921 2199 et
950 2161 1064 2198 simul
1087 2168 1255 2198 veterem
1278 2159 1387 2197 illurn
1408 2167 1510 2198 cata-

177 2227 311 2276 logum
341 2227 554 2276 respiciens
587 2239 706 2276 quem
734 2233 887 2264 constat
918 2224 957 2262 in
989 2224 1226 2263 monasterio
1257 2222 1510 2263 Cluniacensi

178 2290 278 2330 inter
315 2305 440 2330 annos
480 2304 517 2329 A.
534 2304 572 2330 ι).
618 2293 717 2340 1158
757 2298 795 2329 et
839 2292 935 2328 1161
979 2303 1065 2328 esse
1103 2288 1357 2336 confectum‚¹
1393 2287 1509 2327 statui

404 2367 415 2387 ¹
442 2366 582 2399 Delisle.
605 2365 738 2397 Cabinel
753 2365 808 2396 des
825 2364 1039 2404 Manuscm'ts,
1057 2365 1088 2405 ii,
1108 2375 1138 2405 p.
1159 2366 1222 2404 458
1234 2376 1281 2404 sq.

830 2436 865 2459 ιν
