1715 2734
131 79 398 117 ACTIONIS
429 80 491 117 IN
520 80 564 117 C.
590 80 828 117 VERREM
860 80 1158 118 SECVNDAE
1190 81 1292 117 LIB.
1317 81 1335 117 I
1379 90 1426 126 19
1448 95 1484 127 5¹

103 187 313 225 liarissimis
343 187 383 224 in
404 189 506 225 hanc
533 201 613 225 rem
636 188 860 226 testimonia
884 188 1217 234 denuntiaturum‚
1242 188 1308 237 qui
1337 196 1426 227 tuae

102 252 210 290 domi
231 265 384 301 semper
404 252 576 297 fuissent,
602 267 647 290 ex
668 253 811 302 quibus
839 267 1076 303 quaererem,
1101 253 1209 303 signa
1230 254 1426 293 scirentne

101 316 219 354 fuisse
239 330 339 365 quae
365 330 444 354 non
471 320 629 355 essent?
677 318 785 366 Quid
817 326 899 356 tum
930 320 1002 356 hos
1034 319 1084 356 de
1117 326 1154 356 te
1186 318 1424 357 iudicaturos
1444 304 1497 332 ²⁰

99 381 304 419 arbitratus
332 395 386 425 es,
407 395 497 419 cum
519 381 695 420 viderent
723 390 760 420 te
787 382 864 420 iam
886 396 966 420 non
994 390 1130 420 contra
1156 390 1422 421 accusatorem
1445 365 1483 394 ⁵²

64 462 81 493 5
100 454 220 492 tuum,
245 447 313 484 sed
343 454 479 484 contra
505 455 753 496 quaestorem
784 456 1056 497 sectoremque
1086 449 1286 497 pugnare?
1334 449 1425 496 Qua

99 511 149 548 de
191 523 230 547 re
270 510 551 549 Charidemum
592 512 736 550 Chium
786 512 1053 550 testimonium
1100 512 1225 561 priore
1268 512 1424 550 actione

99 576 229 614 dicere
249 577 422 623 audistis,
443 591 537 623 sese,
555 591 645 615 cum
660 586 761 616 esset
783 578 1013 616 trierarchus
1035 586 1072 616 et
1086 581 1246 616 Verrem
1269 592 1313 616 ex
1332 579 1425 617 Asia

99 643 358 680 decedentem
380 651 680 692 prosequeretur
706 643 812 680 iussu
837 644 1078 695 Dolabellae,
1101 643 1218 681 fuisse
1236 657 1313 681 una
1333 657 1422 681 cum

99 706 173 745 isto
193 707 312 753 Sami,
333 720 497 756 seseque
518 716 601 745 tum
629 708 726 746 scire
753 708 962 758 spoliatum
990 722 1074 746 esse
1102 710 1235 746 fanum
1260 709 1424 746 Iunonis

44 789 80 810 10
98 779 136 810 et
174 771 366 821 oppidum
406 774 591 817 Samum;
632 781 848 823 posteaque
887 787 927 812 se
959 787 1116 812 causam
1155 775 1261 824 apud
1301 775 1423 813 Chios

98 837 191 876 civis
231 851 322 875 suos
353 837 492 875 Samiis
531 839 807 877 accusantibus
843 839 999 889 publice
1030 839 1184 885 dixisse,
1221 852 1349 888 eoque
1383 853 1423 878 se

98 917 181 941 esse
194 903 419 941 absolutum
434 904 542 953 quod
557 905 717 953 planum
732 904 886 942 fecisset
900 918 945 942 ea
959 918 1059 954 quae
1073 905 1186 954 legati
1202 905 1421 943 Samiorum

97 971 273 1010 dicerent
292 972 344 1009 ad
365 973 541 1015 Verrem,
563 986 643 1010 non
663 973 713 1010 ad
735 986 775 1010 se
797 972 999 1021 pertinere.

151 1037 384 1086 Aspendum
406 1043 516 1073 vetus
546 1036 738 1086 oppidum
768 1044 805 1074 et
835 1036 965 1074 nobile
995 1036 1034 1074 in
1058 1036 1288 1086 Pamphylia
1317 1037 1421 1075 scitis
1443 1050 1484 1081 53

42 1113 77 1145 15
97 1115 191 1147 esse,
215 1100 484 1150 plenissimum
507 1101 706 1151 signorum
734 1101 983 1151 optimorum.
1013 1102 1018 1109 ’
1044 1103 1136 1139 Non
1167 1102 1295 1140 dicam
1317 1102 1422 1139 illinc

97 1168 172 1205 hoc
203 1166 357 1216 signum
391 1167 567 1204 ablatum
599 1181 683 1205 esse
718 1174 755 1205 et
790 1167 910 1204 illud:
955 1168 1031 1204 hoc
1063 1167 1164 1213 dico,
1201 1169 1352 1205 nullum
1386 1175 1423 1204 te

98 1231 274 1281 Aspendi
296 1231 463 1281 signum,
484 1233 636 1279 Verres,
660 1231 872 1281 reliquisse,
896 1232 1030 1269 omnia
1056 1246 1101 1270 ex
1127 1231 1236 1278 fanis,
1260 1246 1306 1270 ex
1327 1232 1423 1270 locis

96 1297 275 1347 publicis,
298 1299 439 1347 palam,
472 1297 740 1347 spectantibus
771 1296 967 1343 omnibuS,
990 1297 1169 1347 plaustris
1200 1305 1334 1335 evecta
1364 1311 1424 1335 ex-

97 1370 327 1412 portataque
348 1376 442 1400 esse.
503 1365 633 1412 Atque
650 1362 767 1401 etiam
784 1362 893 1400 illum
909 1362 1154 1412 Aspendium
1170 1362 1421 1408 citharistam,

39 1445 78 1467 20
97 1430 146 1466 de
176 1442 256 1478 quo
286 1441 402 1478 saepe
432 1427 594 1466 audistis
626 1428 667 1466 id
701 1429 808 1478 quod
841 1436 898 1466 est
931 1428 1090 1466 Graecis
1123 1428 1349 1466 hominibus
1384 1428 1423 1465 in

97 1493 314 1543 proverbio,
338 1507 455 1543 quem
484 1493 617 1531 omnia
640 1493 765 1531 ‘intus
794 1494 954 1531 canere'
976 1493 1171 1539 dicebant,
1204 1494 1358 1531 sustulit
1386 1501 1422 1531 et

97 1558 135 1595 in
167 1558 312 1596 intimis
347 1558 426 1596 suis
456 1558 621 1596 aedibus
652 1558 792 1607 posuit,
823 1565 864 1595 ut
894 1558 1011 1596 etiam
1042 1558 1150 1595 illum
1187 1558 1315 1607 ipsum
1351 1572 1422 1597 suo

96 1623 260 1662 artificio
291 1637 493 1673 superasse
515 1624 701 1662 videatur.
763 1626 908 1673 Pergae
938 1626 1072 1661 fanum
1103 1623 1420 1673 antiquissimum
1444 1641 1484 1672 54

98 1696 135 1726 et
156 1688 445 1726 sanctissimum
469 1688 620 1726 Dianae
641 1688 785 1726 scimus
807 1702 891 1726 esse
909 1704 914 1725 :
946 1688 985 1726 id
1016 1702 1174 1737 quoque
1201 1702 1223 1726 a
1244 1696 1281 1726 te
1302 1690 1423 1727 nuda-

41 1769 77 1801 ²5
99 1760 181 1790 tum
211 1767 256 1791 ac
287 1753 496 1803 spoliatum
519 1767 614 1798 esse,
652 1767 697 1791 ex
727 1753 811 1802 ipsa
841 1753 968 1791 Diana
995 1755 1103 1803 quod
1136 1754 1307 1791 habebat
1339 1754 1420 1791 auri

98 1819 314 1856 detractum
337 1826 455 1868 atque
476 1819 651 1856 ablatum
673 1832 757 1856 esse
779 1818 879 1856 dico.

151 1884 273 1931 Quae,
294 1885 451 1929 malum,
475 1891 533 1920 est
554 1883 625 1920 ista
646 1891 753 1920 tanta
769 1883 934 1921 audacia
953 1891 1070 1933 atque
1087 1884 1257 1922 amentia
1275 1887 1281 1921 ἶ
1313 1886 1422 1933 Quas

97 1948 200 1985 enim
231 1948 426 1986 sociorum
447 1957 565 1997 atque
595 1948 810 1986 amicorum
834 1949 939 1986 urbis
963 1949 1077 1987 adisti
1110 1949 1312 1998 legationis
1341 1949 1421 1988 iure

97 2019 133 2050 et
154 2013 324 2059 nomine,
349 2012 379 2051 si
400 2013 438 2050 in
464 2027 528 2051 eas
550 2013 586 2050 vi
611 2027 701 2051 cum
729 2013 898 2051 exercitu
927 2014 1170 2064 imperioque
1201 2014 1418 2062 invasisses‚

140 2128 158 2146 2
184 2127 318 2155 semper
342 2116 429 2146 Dw:
453 2126 557 2156 saepe
576 2116 638 2156 prb
741 2126 760 2154 3
787 2117 829 2146 ibi
854 2117 957 2147 fuisse
985 2127 1071 2155 quae
1099 2127 1185 2146 nunc
1212 2128 1276 2147 non
1307 2122 1421 2147 essent

96 2160 196 2197 Bake,
217 2160 318 2198 KavS.
342 2159 554 2200 (Zielinskip.
577 2162 652 2199 1595
761 2163 781 2190 6
806 2160 916 2190 chium
934 2160 1040 2190 D'Q'b:
1065 2161 1220 2199 cophium
1234 2160 1292 2200 pq¹
1384 2162 1421 2190 18

97 2203 234 2241 plostris
250 2203 307 2243 Dp
323 2203 365 2233 al.
438 2214 480 2234 20
504 2205 617 2243 gregis
629 2209 654 2243 p
737 2214 774 2233 21
803 2204 891 2234 intus
908 2215 972 2234 om.
992 2204 1045 2243 ρῳ
1114 2215 1155 2233 22
1179 2215 1239 2234 suo
1255 2208 1319 2233 art.
1335 2203 1398 2233 ΒΨ
1414 2216 1420 2233 τ

98 2251 161 2277 art.
177 2257 237 2277 suo
250 2247 329 2286 pbr&
345 2258 351 2276 :
375 2257 435 2276 suo
450 2257 518 2277 om.
532 2247 620 2281 Asc„
639 2245 743 2278 Sclzol.
766 2247 910 2277 Gronov.
970 2258 1012 2285 29
1036 2248 1063 2276 si
1082 2247 1111 2276 in
1132 2258 1189 2277 eas
1206 2260 1227 2276 π
1244 2246 1290 2276 D2
1308 2246 1393 2287 vulg.
1413 2259 1419 2277 :

98 2290 175 2328 quin
195 2301 234 2320 ea
245 2290 302 2329 D1,
317 2291 397 2329 quin
415 2301 472 2321 eas
489 2294 516 2320 ψ
536 2292 648 2330 (quam
668 2300 725 2320 eas
742 2289 785 2330 L)
804 2302 809 2320 :
835 2301 909 2321 cum
928 2290 960 2320 in
978 2301 1035 2320 eas
1050 2291 1156 2329 Klotz,
1172 2289 1415 2365 Kays'’5{<[loell'
