1715 2734
0 105 3 160 ῑ

0 166 5 246 l

0 249 5 300 i

0 359 6 411 ε

0 415 6 470 1

0 472 6 544 Ξ

0 560 7 630 ἰ

153 129 419 168 ACTIONIS
441 131 502 168 IN
523 131 566 169 C.
591 131 831 167 VERREM
853 127 1150 169 SECVNDAE
1172 130 1275 167 LIB.
1300 130 1359 166 IV
1415 129 1474 166 66
1497 135 1558 174 148

151 240 348 278 desertum
381 240 548 290 putetis!
607 240 793 279 Retinere
827 240 962 291 incipit
997 241 1149 279 tabulas
1180 241 1474 278 Theomnastus

149 305 322 354 quidam,
360 307 481 344 homo
515 306 677 345 ridicule
709 306 879 352 insanus,
921 319 1039 355 quem
1078 305 1307 355 Syracusani
1347 306 1475 344 Theo-

149 378 298 408 ractum
337 379 506 419 vocant,
554 371 620 421 qui
659 371 736 409 illic
778 371 860 409 eius
904 372 1012 409 modi
1052 378 1110 409 est
1156 378 1197 408 ut
1236 384 1325 408 eum
1365 369 1473 419 pueri

149 443 355 482 sectentur,
391 443 432 473 ut
466 449 603 474 omnes
635 450 725 474 cum
765 435 871 486 loqui
910 437 1039 486 coepit
1078 435 1282 473 inrideant.
1343 434 1474 472 Huius

112 515 128 545 5
149 507 280 538 tamen
312 500 473 547 insania,
505 513 606 550 quae
640 500 803 539 ridicula
836 509 893 539 est
923 500 1018 547 aliis,
1053 500 1148 538 mihi
1188 508 1270 538 tum
1311 500 1476 537 molesta

149 579 242 603 sane
271 565 365 612 fuit;
396 579 486 603 nam
516 579 606 604 cum
637 579 795 615 spumas
823 574 953 615 ageret
982 565 1021 603 in
1052 579 1129 612 ore,
1157 564 1280 603 oculis
1309 566 1472 610 arderet,

149 644 245 668 voce
273 631 441 668 maxima
461 632 539 668 vim
568 644 629 668 me
657 630 730 668 sibi
760 632 910 670 adferre
938 632 1133 677 clamaret,
1156 628 1327 679 copulati
1355 628 1394 666 in
1416 630 1474 667 ius

148 696 406 746 pervenimus.
478 695 557 733 Hic
597 709 668 745 ego
706 697 902 745 postulare
940 695 1051 745 coepi
1098 704 1140 733 ut
1182 694 1277 732 mihi
1323 694 1474 731 tabulas

149 761 354 810 obsignare
389 774 433 799 ac
466 762 671 810 deportare
703 760 861 807 liceret,
895 760 959 798 ille
989 768 1126 799 contra
1160 761 1301 806 dicere,
1333 772 1475 808 negare

94 841 130 861 10
149 839 233 864 esse
250 826 345 864 illud
367 833 523 863 senatus
545 827 767 863 consultum
790 825 828 863 in
850 838 929 874 quo
950 833 1103 875 praetor
1123 825 1340 874 appellatus
1361 830 1473 870 esset,

148 904 288 940 negare
309 890 349 928 id
372 890 465 927 mihi
488 890 586 928 tradi
607 897 796 939 oportere.
858 892 942 940 Ego
963 892 1088 940 legem
1110 891 1280 935 recitare,
1296 888 1473 927 omnium

148 954 243 992 mihi
265 955 482 993 tabularum
507 962 543 992 et
569 954 781 992 litterarum
813 955 894 992 fieri
925 963 1184 1005 potestatem,
1214 954 1277 992 ille
1307 953 1473 992 furiosus

147 1033 281 1069 urgere
302 1019 398 1057 nihil
425 1021 476 1058 ad
503 1033 544 1058 se
575 1027 725 1057 nostras
753 1021 857 1069 leges
882 1020 1084 1069 pertinere.
1146 1021 1304 1057 Praetor
1328 1019 1475 1057 intelle-

147 1098 241 1134 gens
276 1098 417 1134 negare
448 1084 522 1122 sibi
553 1086 717 1134 placere,
753 1086 861 1133 quod
896 1093 1053 1123 senatus
1088 1087 1311 1123 consultum
1347 1093 1473 1123 ratum

93 1166 128 1197 15
149 1164 232 1188 esse
253 1163 332 1187 non
365 1150 536 1196 deberet,
559 1149 599 1187 id
629 1163 692 1187 me
721 1151 892 1187 Romam
915 1152 1131 1200 deportare.
1193 1150 1302 1199 Quid
1323 1152 1475 1189 multa?

147 1215 220 1252 nisi
237 1215 507 1253 vehementius
522 1214 673 1253 homini
688 1216 857 1253 minatus
872 1229 1009 1262 essem,
1028 1215 1100 1254 nisi
1115 1216 1208 1266 legis
1230 1216 1474 1255 sanctionem

147 1293 396 1329 poenamque
427 1279 661 1327 recitassem,
684 1280 902 1318 tabularum
936 1280 1030 1318 mihi
1061 1288 1233 1330 potestas
1263 1282 1364 1319 facta
1394 1294 1474 1319 non

147 1352 258 1382 esset.
320 1346 392 1382 Ille
429 1352 561 1383 autem
601 1343 772 1391 insanus,
812 1344 879 1394 qui
918 1358 988 1395 pro
1023 1344 1097 1383 isto
1131 1345 1475 1384 vehementissime

147 1418 282 1448 contra
311 1424 372 1448 me
393 1411 662 1456 declamasset,
685 1417 894 1460 postquam
923 1423 1003 1448 non
1030 1410 1259 1460 impetravit,
1282 1412 1411 1457 credo,
1433 1418 1475 1449 ut

90 1489 128 1509 20
148 1474 186 1512 in
216 1474 377 1524 gratiam
409 1488 563 1513 mecum
595 1474 748 1521 rediret,
771 1474 947 1513 libellum
979 1474 1075 1512 mihi
1105 1476 1171 1513 dat
1197 1476 1235 1512 in
1257 1489 1336 1525 quo
1364 1475 1474 1514 istius

147 1541 247 1577 furta
277 1541 515 1588 Syracusana
545 1539 757 1589 perscripta
787 1544 906 1586 erant,
940 1554 1040 1590 quae
1070 1553 1143 1590 ego
1172 1548 1287 1579 antea
1316 1540 1392 1579 iam
1422 1541 1472 1579 ab

145 1605 229 1643 aliis
251 1619 461 1655 cognoram
483 1613 521 1643 et
541 1619 779 1655 acceperam.

202 1672 383 1709 Laudent
412 1678 449 1709 te
479 1671 555 1709 iam
585 1684 679 1709 sane
710 1670 946 1717 Mamertini,
980 1671 1167 1721 quoniam
1197 1685 1243 1709 ex
1272 1678 1353 1709 tota
1388 1685 1472 1721 pro-

147 1735 274 1774 vincia
304 1735 374 1773 soli
405 1744 494 1774 sunt
524 1736 588 1786 qui
620 1744 658 1774 te
686 1737 835 1774 salvum
857 1735 987 1783 velint,
1011 1736 1063 1774 ita
1091 1744 1222 1775 tamen
1250 1738 1408 1775 laudent
1431 1744 1472 1774 ut

91 1815 128 1846 25
150 1801 286 1846 Heius,
311 1801 377 1850 qui
409 1801 588 1851 princeps
619 1801 823 1850 legationis
854 1808 922 1849 est,
945 1801 1057 1848 adsit,
1081 1800 1133 1838 ita
1162 1802 1322 1840 laudent
1351 1810 1392 1839 ut
1422 1804 1471 1840 ad

148 1878 193 1903 ea
223 1879 322 1915 quae
352 1865 473 1915 rogati
504 1874 616 1904 erunt
646 1866 742 1904 mihi
772 1866 894 1916 parati
924 1865 1001 1904 sint
1030 1867 1276 1916 respondere.
1335 1868 1395 1905 Ac
1423 1881 1472 1906 ne

147 1930 278 1969 subito
315 1944 336 1968 a
377 1944 439 1969 me
479 1930 757 1980 opprimantur,
799 1932 895 1970 haec
935 1945 1021 1969 sum
1062 1939 1287 1981 rogaturus:
1332 1945 1471 1970 navem

147 1996 294 2044 populo
334 1997 518 2033 Romano
557 1996 810 2034 debeantne?
852 1997 1086 2035 fatebuntur.
1166 1996 1470 2036 Praebuerintne

147 2068 322 2110 praetore
353 2062 395 2100 C.
420 2062 570 2099 Verre?
612 2062 822 2110 negabunt.
882 2061 1188 2100 Aedificarintne
1215 2075 1352 2099 navem
1381 2075 1471 2100 one-

88 2142 127 2171 30
146 2125 282 2164 rariam
322 2126 530 2164 maximam
570 2126 736 2176 publice,
774 2140 890 2175 quam
924 2126 1033 2165 Verri
1066 2127 1287 2164 dederunt?
1331 2139 1470 2176 negare

147 2205 226 2229 non
262 2199 455 2240 poterunt.
517 2193 770 2229 Frumentum
807 2191 856 2228 ab
890 2191 934 2229 iis
962 2191 1220 2241 sumpseritne
1249 2192 1291 2229 C.
1316 2192 1466 2237 Verres,

191 2307 208 2332 4
234 2295 385 2334 coeperit
398 2296 439 2334 p5
554 2305 591 2325 12
617 2299 819 2333 potestatem
839 2300 998 2334 oportere
1017 2307 1037 2324 π
1161 2305 1196 2332 19
1221 2294 1468 2333 impetravisset

149 2338 241 2368 st
373 2349 408 2369 21
438 2338 478 2368 ab
497 2338 560 2368 illis
573 2340 615 2377 p&
747 2348 787 2376 23
814 2348 856 2368 ex
874 2343 964 2368 tanta
983 2340 998 2367 δ
1109 2338 1149 2367 28
1175 2338 1208 2366 P.
1231 2338 1269 2367 R.
1292 2337 1348 2367 R:
1372 2348 1466 2377 prae-

147 2382 210 2412 tori
229 2380 290 2411 ΒΨ
309 2393 315 2412 z
339 2393 403 2412 om.
418 2383 460 2421 p&
592 2392 634 2420 30
659 2391 784 2420 negare
802 2405 808 2412 .
831 2406 837 2412 .
860 2406 866 2412 .
886 2382 1085 2411 frumentum
1103 2382 1205 2420 suppl.
1227 2382 1259 2410 in
1276 2391 1340 2420 mg.
1354 2381 1393 2420 p²

1498 707 1558 740 149

1494 1712 1506 1734 1

1491 1646 1545 1690 67

1516 1713 1556 1743 50
