1715 2734
155 78 205 127 87

145 469 202 490 202

143 1180 205 1211 203

157 1789 207 1826 88

146 1859 207 1890 204

228 94 285 116 201
590 81 647 117 M.
679 80 848 117 TVLLI
880 80 1189 119 CICERONIS

226 189 425 240 percipere
457 203 678 240 possumus.
758 190 867 228 Nihil
906 191 1072 229 detraho
1111 189 1426 240 magistratibus;
1474 198 1558 230 tan-

225 257 390 295 tundem
420 257 534 295 detur
558 256 597 294 in
628 257 766 295 cellam
792 263 983 306 quantum
1005 270 1160 307 semper
1179 257 1315 295 datum
1338 264 1395 295 est
1412 271 1422 304 3
1451 258 1560 306 quod

224 329 424 371 praeterea
444 324 585 360 Verres
602 321 777 371 imperat,
800 321 851 368 id,
870 321 900 360 si
918 323 1044 360 facere
1065 335 1144 359 non
1162 329 1337 371 possunt,
1356 329 1537 360 recusent
1551 337 1560 370 ;

225 385 255 424 si
295 394 470 436 possunt,
508 386 644 436 populi
686 386 857 424 Romani
891 386 1021 436 potius
1053 388 1129 425 hoc
1164 386 1212 424 sit
1246 386 1410 436 vectigal
1441 400 1560 437 quam

224 452 369 501 praeda
397 451 594 501 praetoris.
658 450 815 489 Deinde
842 465 911 489 cur
938 451 976 489 in
1002 465 1083 489 uno
1107 465 1248 501 genere
1270 452 1355 489 solo
1376 451 1561 490 frumenti
1581 463 1598 495 5

225 515 297 554 ista
317 515 539 554 aestimatio
560 515 831 563 constituatur,
852 515 881 553 si
904 523 962 554 est
982 529 1109 565 aequa
1129 523 1167 554 et
1188 517 1372 554 serenda?
1431 516 1562 554 Debet

225 583 374 631 populo
404 583 590 619 Romano
619 581 750 620 Sicilia
780 582 994 629 decumas3
1028 582 1095 620 det
1124 595 1195 632 pro
1225 581 1386 632 singulis
1417 581 1561 620 modiis

224 645 339 684 tritici
371 654 502 684 ternos
533 645 726 694 denarios
760 646 834 685 sibi
866 647 1009 685 habeat
1040 648 1292 685 frumentum.
1354 648 1458 684 Data
1488 646 1560 685 tibi

225 718 283 749 est
321 710 501 761 pecunia,
539 713 691 758 Verres,
734 725 813 749 una
851 724 928 761 qua
960 712 1199 749 frumentum
1236 710 1307 749 tibi
1338 724 1488 749 emeres
1522 711 1562 749 in

224 776 376 822 cellam,
413 777 534 814 altera
567 789 646 825 qua
675 777 915 814 frumentum
952 789 1102 814 emeres
1136 789 1159 814 a
1194 775 1418 814 civitatibus
1453 777 1562 825 quod

226 843 397 878 Romam
424 839 609 879 mitteres.
668 839 760 879 Tibi
788 841 921 879 datam
950 840 1158 890 pecuniam
1192 840 1301 879 dorni
1335 840 1489 888 retines,
1524 848 1562 879 et

225 912 423 955 praeterea
457 904 667 955 pecuniam
706 919 961 956 permagnam
1001 913 1070 943 tuo
1108 905 1270 944 nomine
1299 906 1427 944 aufers
1445 920 1455 953 ;
1502 907 1563 944 fac

225 969 329 1008 idem
352 969 391 1007 in
413 983 461 1008 eo
483 971 680 1008 frumento
701 971 809 1020 quod
830 971 881 1009 ad
903 971 1095 1020 populum
1120 972 1346 1008 Romanurn
1369 970 1561 1021 pertinet3

224 1034 334 1085 exige
363 1036 503 1074 eadem
533 1034 808 1074 aestimatione
838 1035 1047 1085 pecuniam
1078 1049 1101 1073 a
1129 1035 1363 1083 civitatibus,
1397 1043 1435 1074 et
1464 1037 1562 1074 refer

225 1114 344 1150 quam
371 1100 584 1151 accepisti:
615 1100 693 1139 iam
724 1100 900 1139 refertius
925 1099 995 1139 erit
1015 1100 1206 1138 aerarium
1228 1100 1364 1150 populi
1388 1101 1560 1139 Romani

225 1179 345 1215 quam
375 1166 565 1215 uinquam
596 1165 676 1203 fuit.
743 1167 810 1203 ‘At
839 1165 944 1203 enim
976 1164 1090 1203 istam
1118 1179 1200 1204 rem
1230 1165 1270 1203 in
1298 1165 1459 1215 publico
1488 1167 1562 1204 fru-

225 1237 361 1268 mento
391 1230 522 1269 Sicilia
546 1244 627 1268 non
656 1232 780 1277 ferret,
804 1232 907 1269 hanc
931 1243 1012 1268 rem
1042 1230 1080 1267 in
1112 1243 1202 1268 meo
1227 1230 1424 1269 frumento
1452 1230 1563 1269 tulit!

227 1295 398 1334 Proinde
419 1295 531 1345 quasi
551 1304 619 1334 aut
640 1296 801 1345 aequior
826 1295 874 1334 sit
896 1295 968 1334 ista
988 1295 1210 1334 aestimatio
1231 1295 1269 1334 in
1293 1303 1361 1334 tuo
1382 1309 1501 1346 quarn
1522 1295 1562 1334 in

225 1360 361 1411 populi
392 1361 563 1399 Romani
593 1362 820 1407 commodo,
844 1368 910 1399 aut
932 1374 977 1399 ea
998 1374 1056 1398 res
1085 1374 1204 1410 quam
1232 1374 1305 1410 ego
1331 1360 1422 1399 dico
1452 1368 1490 1399 et
1517 1374 1563 1399 ea

225 1440 344 1475 quam
370 1433 411 1464 tu
443 1425 566 1464 fecisti
598 1425 698 1464 inter
728 1440 768 1464 se
797 1439 939 1476 genere
971 1424 1144 1473 iniuriae,
1180 1439 1261 1464 non
1290 1425 1562 1476 magnitudine

226 1491 417 1542 pecuniae
447 1491 609 1530 differat.

280 1558 428 1595 Verum
468 1556 581 1594 istam
621 1556 747 1606 ipsam
777 1557 917 1596 cellam
950 1557 1046 1594 ferre
1076 1557 1185 1594 nullo
1216 1556 1338 1594 modo
1372 1563 1562 1606 possunt:

226 1629 268 1660 ut
295 1621 429 1661 omnia
456 1622 712 1669 remittantur,
745 1629 787 1660 ut
817 1621 1003 1660 omnibus
1028 1620 1176 1659 iniuriis
1197 1629 1236 1660 et
1274 1621 1564 1660 calamitatibus

226 1700 323 1737 quas
354 1694 391 1725 te
421 1695 600 1737 praetore
630 1689 801 1725 tulerunt
831 1686 870 1724 in
901 1694 1101 1737 posterum
1132 1686 1355 1734 liberentur,
1379 1686 1493 1725 istam
1522 1700 1563 1725 se

227 1753 366 1791 cellam
392 1759 510 1802 atque
540 1752 654 1790 istam
683 1751 998 1790 aestimationem
1027 1759 1171 1802 negant
1201 1753 1282 1790 ullo
1312 1752 1434 1790 modo
1464 1753 1562 1790 ferre

228 1830 353 1867 posse.
416 1818 545 1854 Multa
573 1816 763 1866 Sosippus
786 1816 1064 1867 Agrigentinus
1093 1816 1199 1866 apud
1230 1816 1302 1855 Cn.
1328 1816 1562 1866 Pompeium

227 1883 432 1921 consulem
464 1895 598 1932 nuper,
632 1883 755 1919 homo
787 1881 1066 1920 disertissimus
1105 1889 1143 1919 et
1175 1881 1284 1919 omni
1316 1881 1496 1919 doctrina
1526 1889 1565 1920 et

228 1948 369 1986 virtute
400 1947 682 1995 ornatissimus,
716 1961 786 1998 pro
817 1955 899 1986 tota
929 1947 1061 1986 Sicilia
1090 1948 1140 1986 de
1169 1954 1365 1985 aratorum
1399 1946 1564 1986 miseriis

278 2063 289 2082 1
317 2062 497 2092 possumus
520 2052 602 2083 VO:
637 2053 810 2092 possitisp
828 2051 891 2083 rell.
1049 2061 1068 2090 5
1094 2051 1125 2081 in
1144 2061 1212 2081 uno
1237 2056 1261 2091 p
1287 2051 1353 2081 rell.
1381 2052 1465 2087 (uno
1493 2050 1563 2091 O):

231 2097 262 2125 in
282 2097 346 2126 isto
368 2096 399 2125 V
548 2098 568 2126 6
592 2097 819 2127 constituatur
839 2096 922 2126 VO:
948 2095 1196 2134 constituitur-p
1214 2094 1276 2125 rell.
1300 2094 1564 2126 (constituatur-2

233 2140 268 2170 Si
287 2145 337 2170 est
355 2163 362 2170 .
385 2164 391 2171 .
413 2164 420 2170 .
443 2140 592 2178 serenda,
613 2140 714 2170 (lebet
729 2139 799 2170 edd.
814 2144 944 2179 practer
958 2138 1085 2169 Muellst
1190 2149 1206 2177 7
1234 2138 1354 2169 modiis
1373 2138 1473 2168 tritici
1491 2138 1538 2168 cO
1558 2149 1565 2168 :

232 2193 266 2213 M.
286 2193 376 2214 TRlT.
401 2183 447 2212 V:
473 2185 529 2214 trit
557 2184 644 2213 mod.
663 2189 684 2222 s>
702 2183 764 2213 rell.
865 2193 886 2221 9
907 2188 957 2213 est
977 2181 1115 2222 pecunia
1134 2182 1181 2211 V:
1207 2192 1279 2222 pcc.
1297 2186 1385 2221 ests>
1399 2181 1461 2212 rcll.
1483 2185 1564 2220 (om.

235 2228 264 2255 ()
281 2238 320 2256 rx
335 2227 584 2257 lmmoeotelmto
600 2226 695 2256 verba
713 2231 765 2256 est
782 2227 924 2265 pecunia
942 2251 948 2257 .
971 2251 977 2257 .
996 2250 1003 2256 .
1025 2226 1228 2256 frumentum
1248 2225 1319 2254 tibi‘»
1436 2234 1473 2263 15
1498 2225 1562 2255 iarn

228 2275 252 2309 p
269 2274 305 2299 11!
317 2271 365 2301 cO
384 2282 389 2300 ς
419 2276 487 2300 tum
502 2271 580 2309 plcr.
715 2272 752 2300 16
777 2280 847 2300 rem
865 2280 964 2308 quam
983 2269 1030 2299 cO
1160 2279 1195 2307 17
1223 2270 1306 2298 feret
1330 2280 1351 2297 π
1473 2269 1510 2298 18
1531 2268 1563 2298 in

235 2313 368 2351 publico
396 2314 574 2344 commodo
601 2313 630 2343 O
808 2324 848 2352 24
874 2324 910 2343 se
940 2324 1007 2344 om.
1041 2312 1072 2341 V
1251 2313 1292 2342 26
1318 2311 1484 2350 Sosippus
1515 2311 1564 2341 V:

236 2356 338 2387 Sotiis
358 2357 388 2387 O
407 2369 413 2387 :
439 2357 664 2396 Sophoclesp
681 2356 743 2387 rell.
880 2367 918 2395 27
943 2362 1044 2396 atque
1064 2355 1187 2386 virtute
1207 2355 1237 2386 O

1587 791 1621 812 [Ο

1584 1114 1620 1147 ¹5

1585 1443 1622 1464 20

1584 1767 1621 1799 ²5
