1715 2734
240 65 271 103 9
293 64 332 96 26
653 59 710 96 M.
742 59 912 96 TVLLI
944 58 1252 97 CICERONIS

289 179 394 210 certe
425 171 628 222 utriusque
662 185 876 211 commune
913 178 999 218 est;
1028 170 1059 209 si
1090 184 1181 210 eum
1205 170 1273 221 qui
1299 170 1492 221 posterius
1524 170 1622 210 dixit

291 249 390 286 opus
411 244 468 274 est
490 236 678 285 redargui,
707 235 943 274 accusatoris
964 248 1092 282 causa,
1125 243 1166 273 ut
1187 235 1247 274 bis
1266 243 1454 285 ageretur,
1480 234 1621 274 consti-

291 309 417 338 tutum
440 309 510 340 est.
568 303 728 347 Verum,
747 308 790 338 ut
810 300 961 350 opinor,
995 300 1158 339 Glaucia
1178 300 1326 350 primus
1347 300 1434 338 tulit
1455 307 1497 338 ut
1517 313 1622 338 com-

291 365 612 414 perendinaretur
641 377 728 402 reus
743 378 754 412 5
795 371 912 402 antea
937 365 998 402 vel
1030 363 1191 402 iudicari
1224 363 1351 414 primo
1379 372 1532 414 poterat
1560 364 1621 401 vel

290 428 458 478 amplius
479 428 733 479 pronuntiari.
793 430 929 466 Vtram
951 427 1065 478 igitur
1085 436 1198 478 putas
1223 429 1349 478 legem
1372 427 1621 466 molliorem?
1642 439 1660 471 5

292 493 454 543 Opinor,
474 493 578 530 illam
601 500 784 539 veterem,
814 506 891 542 qua
922 494 983 531 vel
1014 492 1093 531 cito
1123 492 1273 531 absolvi
1304 494 1363 531 vel
1395 493 1503 530 tarde
1533 505 1622 530 con-

291 558 468 597 demnari
501 557 655 596 licebat.
734 559 820 608 Ego
853 557 923 596 tibi
955 557 1061 596 illam
1094 557 1259 596 Aciliam
1292 559 1417 607 legem
1448 557 1620 603 restituo,

292 637 369 672 qua
391 625 475 672 lege
509 623 621 661 multi
656 624 778 661 semel
818 622 1001 669 accusati,
1037 624 1158 661 semel
1196 622 1302 661 dicta
1340 635 1471 669 causa,
1502 622 1624 660 semel

290 688 434 726 auditis
455 687 620 727 testibus
641 687 895 727 condemnati
917 694 1018 735 sunt,
1035 700 1285 738 nequaquam
1305 694 1385 725 tam
1410 686 1624 725 manifestis

293 767 422 803 neque
456 753 573 791 tantis
614 753 843 792 criminibus
871 752 1028 803 quantis
1059 760 1100 791 tu
1130 752 1385 791 convinceris.
1459 754 1559 790 Puta
1587 759 1625 790 te
1648 767 1685 788 10

293 831 371 856 non
396 819 468 856 hae
489 827 568 856 tam
590 818 725 865 atroci,
753 819 822 857 sed
844 818 909 856 illa
945 819 1030 868 lege
1058 818 1263 856 mitissima
1292 830 1450 856 causam
1481 817 1623 856 dicere.

293 883 530 930 Accusab03
559 883 843 934 respondebis,
873 882 1038 921 testibus
1062 882 1177 921 editis
1204 882 1257 920 ita
1287 882 1438 920 mittam
1469 881 1508 920 in
1535 895 1626 920 con-

293 947 422 986 silium
454 955 506 994 ut,
539 947 691 986 etiamsi
727 950 787 986 lex
818 947 1034 998 ampliandi
1068 947 1182 985 faciat
1216 954 1461 997 potestatem,
1492 954 1625 986 tamen

294 1012 354 1051 isti
377 1020 489 1063 turpe
510 1013 584 1051 sibi
606 1013 828 1052 existiment
850 1026 930 1051 non
951 1012 1078 1063 primo
1099 1011 1282 1051 iudicare.

349 1080 496 1116 Verum
518 1078 549 1116 si
570 1092 729 1117 causam
750 1077 936 1129 cognosci
952 1091 1052 1128 opus
1065 1086 1134 1124 est,
1150 1091 1340 1128 parumne
1360 1077 1517 1129 cognita
1537 1079 1628 1116 est?
1650 1090 1687 1122 15

297 1143 613 1191 Dissimulamus,
662 1144 864 1190 Hortensi,
902 1144 1011 1194 quod
1041 1157 1158 1194 saepe
1192 1143 1339 1194 experti
1377 1143 1416 1181 in
1454 1143 1628 1183 dicendo

295 1222 440 1248 sumus.
530 1209 630 1259 Quis
664 1223 736 1249 nos
786 1223 1022 1259 magnopere
1053 1208 1220 1247 attendit
1262 1222 1450 1259 umquam
1482 1209 1521 1247 in
1551 1210 1628 1247 hoc

294 1274 455 1324 quidem
477 1288 619 1325 genere
639 1288 855 1320 causarum,
885 1274 953 1312 ubi
973 1274 1123 1324 aliquid
1156 1282 1333 1324 ereptum
1364 1283 1432 1313 aut
1451 1274 1627 1313 ablatum

293 1353 317 1377 a
337 1339 525 1390 quopiam
557 1339 731 1379 dicitur?
789 1341 934 1378 Nonne
961 1348 1028 1378 aut
1055 1339 1095 1378 in
1130 1339 1272 1378 tabulis
1298 1348 1365 1377 aut
1394 1339 1433 1377 in
1461 1339 1627 1378 testibus

296 1404 424 1443 omnis
464 1405 706 1456 exspectatio
745 1405 920 1444 iudicum
949 1407 1038 1443 est?
1097 1404 1187 1442 Dixi
1222 1404 1346 1454 prima
1376 1404 1533 1443 actione
1564 1418 1627 1443 me
1648 1418 1690 1440 20

296 1472 457 1520 planum
485 1484 570 1509 esse
595 1471 788 1509 facturum
817 1471 860 1510 C.
886 1472 1049 1509 Verrem
1072 1472 1143 1509 HS
1165 1469 1512 1520 quadringentiens
1537 1483 1628 1507 con-

296 1542 353 1574 tra
385 1537 489 1585 leges
523 1535 742 1574 abstulisse.
815 1535 953 1584 Quid?
1009 1536 1086 1574 hoc
1116 1535 1270 1585 planius
1305 1535 1483 1585 egissem,
1515 1534 1546 1573 si
1577 1534 1630 1572 ita

296 1602 544 1639 narrassem?
581 1600 683 1639 ‘Dio
714 1600 876 1651 quidam
909 1600 979 1638 suit
1014 1599 1263 1645 Halaesinus,
1300 1599 1378 1649 qui,
1415 1613 1505 1638 curn
1545 1599 1629 1638 eius

296 1665 377 1703 filio
397 1672 574 1715 praetore
595 1666 639 1704 C.
667 1666 879 1704 Sacerdote
900 1665 1095 1703 hereditas
1125 1679 1147 1702 a
1173 1664 1396 1715 propinquo
1417 1678 1629 1715 permagna

296 1730 476 1777 venisset,
495 1730 591 1768 nihil
613 1730 750 1769 habuit
771 1738 854 1768 tum
875 1744 1005 1780 neque
1026 1730 1157 1780 negoti
1179 1744 1307 1780 neque
1328 1729 1624 1768 controversiae.
1649 1742 1687 1772 ²5

297 1797 438 1834 Verres
467 1795 582 1833 simul
616 1808 662 1833 ac
689 1794 814 1844 tetigit
844 1795 1246 1845 provinciam,statim
1278 1797 1464 1833 Messana
1484 1794 1629 1832 litteras

297 1860 418 1906 dedit,
439 1860 612 1899 Dionem
636 1860 824 1908 evocavit,
842 1860 1144 1899 calumniatores
1169 1875 1216 1899 ex
1239 1860 1326 1899 sinu
1354 1873 1426 1898 suo
1445 1859 1630 1910 adposuit

298 1925 363 1975 qui
387 1925 492 1964 illam
513 1924 772 1964 hereditatem
794 1925 938 1964 Veneri
962 1925 1153 1975 Erycinae
1173 1925 1425 1964 commissam
1446 1938 1531 1963 esse
1551 1924 1630 1962 dic-

227 1059 274 1088 10

236 1119 275 1152 27

346 2040 357 2058 1
385 2029 557 2069 utriusque
597 2039 774 2060 commune
815 2029 900 2070 pr
940 2028 1114 2067 (Zielinski
1139 2036 1169 2070 p.
1203 2030 1277 2069 193N
1296 2042 1302 2060 ε
1340 2039 1458 2061 comm.
1494 2033 1557 2059 utr.
1591 2039 1633 2068 qr

299 2074 383 2103 dixit
410 2073 498 2104 codd.
516 2077 640 2112 praeter
654 2084 674 2113 q
694 2073 845 2112 (dixerit)
969 2083 988 2111 5
1013 2074 1198 2104 molliorem
1217 2073 1321 2113 Dqu
1338 2085 1344 2103 ι
1369 2073 1542 2103 moliorem
1562 2077 1628 2112 pr:

300 2116 471 2147 meliorem
490 2116 568 2153 GK
684 2127 700 2156 7
728 2117 843 2157 Ergo?
952 2118 1053 2156 16—17
1082 2117 1245 2148 Hortensi
1265 2141 1272 2147 .
1291 2141 1298 2148 .
1320 2142 1326 2147 .
1344 2126 1457 2147 sumus
1470 2115 1576 2156 suppl.
1593 2115 1630 2155 β’

303 2169 338 2198 17
365 2170 569 2199 magnopere
589 2160 643 2200 Dp
664 2160 728 2191 rell.
753 2160 840 2197 (Act.
860 2159 917 2190 Pr.
941 2164 955 2197 ξ
975 2171 1038 2199 23;
1063 2161 1095 2195 ii,
1118 2164 1133 2198 ξ
1152 2162 1218 2197 28)
1239 2172 1244 2191 :
1280 2170 1401 2199 magno
1419 2169 1521 2198 opere
1538 2158 1626 2189 Iord.

303 2213 341 2241 19
357 2214 375 2233 a
387 2204 541 2242 quopiam
557 2204 679 2244 prr:
707 2204 851 2243 cuipiam
867 2205 883 2233 δ
951 2214 991 2233 22
1016 2203 1281 2244 legequGfflK:
1306 2203 1415 2243 legem
1431 2201 1516 2232 be:
1536 2202 1627 2241 (lege

300 2246 343 2276 D¹
361 2257 367 2275 ς
394 2247 470 2286 lege
488 2247 550 2286 ΠΖ)
643 2257 683 2286 23
707 2247 904 2278 halaesinus
918 2252 960 2287 p:
988 2248 1162 2278 halesinus
1176 2246 1210 2277 D
1222 2247 1285 2277 rell.
1379 2256 1419 2284 25
1445 2251 1514 2276 tum
1531 2255 1597 2275 om.
1613 2245 1628 2273 δ

300 2291 342 2319 26
367 2289 557 2320 Messanam
578 2290 632 2330 Dp
648 2296 677 2320 el
690 2291 767 2331 pler.
