1715 2734
146 124 412 162 ACTIONIS
434 125 495 161 IN
517 124 562 162 C.
584 124 825 160 VERREM
848 120 1146 161 SECVNDAE
1168 123 1271 158 LIB.
1297 122 1352 158 IV
1424 122 1470 157 16

144 246 270 270 necne
290 239 327 270 et
348 245 427 282 quo
448 233 568 270 modo
588 238 627 269 et
647 231 783 281 quanti
813 229 962 277 emeris,
985 230 1094 279 quod
1114 229 1234 267 verbo
1261 228 1470 279 transigere

144 311 316 347 possum.
391 298 477 335 Ede
516 296 611 334 mihi
650 295 836 346 scriptum
872 295 967 345 quid
1003 293 1154 344 argenti
1192 293 1231 331 in
1270 293 1470 342 provincia

143 361 274 399 Sicilia
294 361 448 411 pararis,
470 362 575 399 unde
596 360 771 411 quidque
794 368 861 398 aut
888 359 1023 409 quanti
1050 358 1199 397 emeris.
1260 358 1369 407 Quid
1399 360 1470 396 fit?

143 427 396 475 Quamquam
418 439 498 464 non
526 425 721 463 debebam
750 438 822 475 ego
845 425 915 462 abs
943 432 980 462 te
1009 425 1078 461 has
1108 423 1253 461 litteras
1283 436 1444 472 poscere
1460 437 1469 470 ;

106 503 122 533 5
142 503 205 528 me
226 490 331 528 enim
352 490 504 528 tabulas
525 497 610 528 tuas
631 491 775 528 habere
796 497 833 528 et
854 490 1023 539 proferre
1043 488 1260 538 oportebat.
1320 488 1467 526 Verum

141 568 259 604 negas
294 562 331 594 te
365 556 505 593 horum
542 568 736 593 annorum
774 553 923 603 aliquot
962 552 1187 591 confecisse.
1259 554 1468 601 Compone

141 621 216 658 hoc
256 621 364 670 quod
403 621 559 669 postulo
592 621 643 657 de
675 626 847 669 argento,
884 620 933 656 de
968 617 1117 667 reliquo
1152 617 1295 655 videro.
1359 619 1466 655 ‘Nec

140 684 327 734 scriptum
354 685 482 722 habeo
515 698 587 722 nec
622 697 783 734 possum
815 684 954 721 edere.’
1012 681 1119 730 Quid
1152 683 1323 719 futurum
1354 682 1467 732 igitur

140 751 230 787 est?
285 748 380 799 quid
411 748 607 787 existimas
635 750 754 788 hosce
783 747 931 786 iudices
952 748 1078 784 facere
1109 748 1254 796 posse?
1312 748 1465 784 Domus

84 827 120 848 10
139 815 255 863 plena
275 813 473 864 signorum
505 812 854 863 pulcherrimorum
877 812 953 850 iam
974 818 1065 849 ante
1089 818 1319 860 praeturam,
1345 813 1466 859 multa

138 880 187 917 ad
217 879 325 916 villas
354 886 438 916 tuas
474 880 610 929 posita,
644 879 766 916 multa
797 877 976 927 deposita
1007 877 1113 926 apud
1147 877 1307 922 amicos,
1343 878 1466 914 multa

136 943 220 981 aliis
251 945 342 982 data
368 951 485 993 atque
515 944 689 989 donata3
718 943 873 980 tabulae
895 943 1045 979 nullum
1072 941 1247 979 indicant
1274 949 1461 991 emptum.

137 1009 268 1047 Omne
291 1017 495 1059 argentum
516 1009 691 1047 ablatum
712 1022 758 1046 ex
779 1008 909 1047 Sicilia
930 1016 998 1054 est,
1025 1007 1120 1044 nihil
1146 1007 1331 1056 cuiquam
1356 1008 1464 1056 quod

136 1087 249 1112 suum
271 1074 348 1113 dici
366 1076 481 1113 vellet
502 1074 690 1112 relictum.
751 1073 926 1123 Fingitur
947 1073 1126 1122 improba
1146 1072 1336 1118 defensio,
1359 1086 1464 1121 prae-

80 1152 115 1183 15
135 1146 258 1178 torem
280 1154 398 1178 omne
427 1141 466 1178 id
486 1147 689 1190 argentum
711 1138 928 1185 coemisse3
957 1145 1087 1175 tamen
1110 1137 1149 1175 id
1172 1137 1299 1187 ipsum
1321 1137 1462 1175 tabulis

134 1204 392 1243 demonstrari
424 1218 504 1243 non
532 1211 669 1254 potest.
743 1203 794 1249 Si,
831 1216 927 1252 quas
958 1202 1109 1239 tabulas
1142 1203 1298 1251 profers,
1332 1202 1371 1239 in
1403 1202 1462 1240 his

134 1283 234 1319 quae
273 1269 394 1308 habes
429 1283 508 1319 quo
542 1270 665 1307 modo
702 1268 848 1306 habeas
883 1266 1071 1317 scriptum
1104 1279 1183 1304 non
1219 1273 1289 1313 est,
1321 1267 1461 1305 horum

132 1341 264 1373 autem
292 1342 514 1385 temporum
541 1347 631 1372 cum
660 1341 697 1371 te
721 1332 907 1383 plurimas
935 1345 994 1370 res
1022 1330 1164 1370 emisse
1185 1331 1283 1369 dicis
1308 1331 1460 1369 tabulas

133 1399 296 1437 omnino
317 1400 442 1437 nullas
463 1399 621 1449 profers,
645 1411 777 1436 nonne
802 1404 840 1435 te
871 1404 908 1435 et
938 1396 1096 1446 prolatis
1124 1403 1161 1433 et
1191 1409 1271 1434 non
1301 1396 1459 1445 prolatis

75 1475 114 1498 20
132 1464 273 1502 tabulis
294 1464 549 1503 condemnari
570 1476 730 1502 necesse
751 1464 839 1501 est?

184 1530 246 1566 Tu
275 1542 298 1566 a
328 1530 383 1567 M.
408 1528 558 1575 Coelio,
581 1527 712 1578 equite
740 1529 936 1573 Romano,
959 1526 1172 1565 lectissimo
1192 1528 1454 1574 adulescente,

130 1606 230 1642 quae
268 1593 423 1631 voluisti
464 1593 637 1643 Lilybaei
685 1591 890 1638 abstulisti,
933 1598 974 1629 tu
1015 1592 1058 1630 C.
1098 1591 1249 1638 Cacuri,
1287 1591 1458 1641 prompti

130 1657 299 1696 hominis
329 1665 367 1696 et
397 1657 629 1708 experientis
661 1665 699 1696 et
731 1656 770 1694 in
803 1655 936 1706 primis
969 1656 1136 1705 gratiosi,
1174 1655 1457 1706 supellectilem

129 1736 289 1761 omnem
309 1724 458 1761 auferre
484 1737 562 1761 non
584 1721 783 1768 dubitasti,
801 1729 842 1759 tu
864 1720 1073 1759 maximam
1095 1728 1132 1759 et
1154 1720 1456 1770 pulcherrimam

71 1804 109 1836 ²5
130 1801 305 1827 mensam
336 1788 495 1826 citream
518 1802 539 1826 a
561 1789 609 1836 Q.
635 1787 793 1825 Lutatio
816 1786 1005 1834 Diodoro,
1030 1786 1097 1835 qui
1119 1787 1171 1835 Q.
1189 1785 1319 1825 Catuli
1341 1786 1456 1824 bene-

128 1853 217 1891 ficio
237 1853 287 1891 ab
310 1854 352 1890 L.
376 1854 483 1891 Sulla
504 1852 598 1890 civis
628 1854 832 1890 Romanus
860 1853 983 1889 factus
1004 1858 1072 1897 est,
1095 1850 1281 1889 omnibus
1302 1850 1457 1889 scienti-

128 1917 200 1956 bus
236 1917 410 1967 Lilybaei
441 1917 644 1956 abstulisti.
715 1918 808 1955 Non
844 1915 913 1954 tibi
945 1915 1076 1954 obicio
1110 1917 1217 1965 quod
1253 1915 1455 1954 hominem

127 1982 399 2033 dignissimum
449 1982 523 2021 tuis
572 1981 757 2028 moribus,
799 1981 1067 2031 Apollonium,
1110 1980 1274 2019 Niconis
1318 1980 1455 2029 filium,

129 2047 452 2098 Drepanitanum,
478 2047 545 2098 qui
576 2060 681 2085 nunc
709 2049 755 2085 A.
780 2046 944 2086 Clodius
965 2054 1136 2094 vocatur,
1159 2046 1267 2084 omni
1294 2054 1455 2096 argento

14 2123 17 2128 ’
69 2127 109 2156 30
127 2112 275 2163 optime
295 2114 398 2151 facto
420 2112 593 2163 spoliasti
613 2126 658 2150 ac
679 2113 933 2162 depeculatus
955 2125 995 2150 es
1013 2126 1022 2159 3
1052 2119 1174 2150 taceo.
1235 2113 1327 2149 Non
1349 2111 1453 2150 enim

126 2185 236 2227 putat
266 2177 328 2216 ille
354 2177 426 2215 sibi
451 2177 631 2215 iniuriam
652 2178 804 2224 factam,
829 2184 1032 2226 propterea
1059 2177 1166 2226 quod
1197 2175 1347 2214 homini
1376 2176 1454 2214 iam

125 2242 279 2292 perdito
293 2250 330 2280 et
344 2244 489 2282 collum
503 2242 543 2280 in
556 2244 741 2292 laqueum
758 2241 942 2280 inserenti
957 2240 1170 2279 subvenisti
1175 2254 1282 2288 >cum
1296 2241 1453 2291 pupillis

173 2346 231 2375 1-ss
255 2336 344 2375 quod
362 2335 465 2366 verbo
483 2359 490 2366 .
511 2358 518 2366 .
537 2358 544 2366 .
566 2334 690 2366 emeris
702 2335 745 2375 p&
760 2347 765 2365 :
791 2344 854 2365 om.
874 2333 937 2364 RS
1024 2343 1043 2363 2
1067 2333 1197 2372 argenti
1210 2338 1234 2374 p
1250 2334 1317 2365 rell.
1333 2345 1340 2365 ε
1356 2345 1419 2367 om.
1434 2346 1454 2375 q

129 2390 145 2418 7
170 2380 260 2419 quod
289 2390 353 2410 om.
380 2385 422 2419 p:
456 2379 545 2417 quod
576 2378 709 2417 postulo
734 2388 797 2408 om.
826 2388 845 2416 ι]
976 2377 1017 2407 de
1046 2381 1189 2416 argento
1216 2377 1286 2409 secl.
1312 2377 1451 2418 Richter,

127 2424 251 2462 Jacoby
362 2434 383 2462 9
407 2422 580 2453 existimes
599 2422 660 2452 RS
733 2421 835 2451 hoscc¹
848 2422 888 2462 [νδ
904 2433 909 2451 z
936 2421 998 2450 hoc
1016 2420 1095 2452 RS:
1122 2421 1183 2451 hos
1200 2421 1254 2461 aL,
1274 2421 1326 2452 hic
1343 2422 1452 2454 Halm

1490 134 1530 166 35

1490 362 1530 402 36

1477 1501 1518 1540 Ι7

1479 1560 1517 1594 37
