1715 2734
110 63 166 110 46
192 77 249 108 113
542 63 597 100 M.
639 62 808 100 TVLLI
850 60 1159 101 CICERONIS

105 381 162 411 114

110 1255 161 1295 47

103 1317 161 1350 Π5

185 187 235 212 ne
269 173 400 212 Sicilia
431 173 593 224 quidem
628 179 711 212 tota
744 171 948 223 potuisset,
985 179 1028 210 ut
1065 186 1112 211 ex
1151 170 1302 222 oppido
1334 171 1519 211 Thermis

185 240 338 277 nullum
367 238 533 288 signum,
565 239 719 276 nullum
746 245 1035 283 ornamentum,
1067 236 1164 274 nihil
1192 250 1239 275 ex
1266 249 1388 283 sacro,
1420 235 1518 274 nihil

184 304 235 342 de
256 303 416 353 publico
443 302 667 352 attingeres,
687 315 779 340 cum
806 301 1033 352 praesertim
1054 308 1092 340 et
1113 308 1244 339 essent
1269 301 1393 338 multa
1413 313 1520 350 prae-

183 370 287 407 clara
316 376 353 406 et
383 375 424 406 tu
455 366 590 405 omnia
618 365 903 417 concupisses?
961 365 1144 415 Denique
1174 378 1281 404 nunc
1307 364 1397 404 vide
1421 365 1519 415 quid

183 433 284 472 inter
313 442 361 480 te,
393 432 505 471 cuius
536 431 698 470 nomine
727 433 834 481 apud
865 431 1018 470 Siculos
1047 430 1132 469 dies
1165 430 1253 469 sesti
1282 437 1451 480 aguntur
1480 438 1518 469 et
1539 445 1555 476 5

182 500 380 548 praeclara
405 497 471 536 illa
498 497 634 536 Verria
659 497 918 543 celebrantur,
950 495 1013 534 cui
1046 503 1196 535 statuae
1231 497 1385 534 Romae
1415 502 1518 534 stant

182 563 382 602 inauratae
402 576 425 601 a
445 561 649 601 communi
677 561 844 608 Siciliae,
868 574 988 611 quem
1014 562 1065 599 ad
1094 561 1259 599 modum
1284 559 1517 610 inscriptum

182 628 373 674 videmus,
423 627 697 674 datae—vide,
743 626 917 677 inquam,
966 626 1063 676 quid
1107 625 1206 664 inter
1249 633 1287 664 te
1329 633 1368 664 et
1412 626 1518 663 hunc

182 693 369 740 Siculum,
406 692 474 743 qui
512 693 583 731 abs
622 699 660 730 te
699 699 768 738 est,
805 699 973 742 patrono
1011 690 1176 737 Siciliae,
1213 692 1514 738 condemnatus,

183 758 343 797 intersit.
396 759 520 796 Hunc
541 756 717 796 civitates
738 771 785 795 ex
806 756 938 795 Sicilia
958 757 1175 807 permultae
1196 755 1424 795 testimonio
1444 769 1518 795 suo
1540 773 1578 795 10

182 822 524 874 legationibusque
563 823 615 861 ad
649 836 735 861 eam
771 835 853 860 rem
886 821 1014 860 missis
1048 820 1207 871 publice
1241 822 1427 858 laudant:
1466 828 1518 868 te,

182 887 361 926 omnium
383 887 604 926 Siculorum
631 895 852 938 patronum,
875 901 954 925 una
982 885 1221 925 Mamertina
1241 885 1387 933 civitas,
1410 885 1518 924 socia

182 954 372 991 furtorum
396 967 442 991 ac
472 952 707 1003 flagitiorum
733 960 902 999 tuorum,
924 951 1084 1002 publice
1112 950 1355 990 laudat—ita
1384 958 1517 989 tamen

182 1032 286 1057 novo
309 1031 416 1057 more
437 1025 479 1055 ut
499 1017 615 1067 legati
636 1018 806 1064 laedant,
825 1016 968 1067 legatio
989 1017 1333 1055 laudet-ceterae
1354 1014 1517 1065 quidem

181 1083 357 1122 civitates
392 1082 551 1133 publice
583 1082 720 1121 litteris
752 1081 1015 1132 legationibus
1050 1080 1286 1120 testimoniis
1314 1087 1515 1126 accusant,
1540 1097 1576 1127 15

182 1156 408 1199 queruntur,
437 1154 628 1198 arguunt:
659 1147 691 1186 si
713 1155 753 1186 tu
778 1147 983 1186 absolutus
1008 1146 1071 1194 sis,
1094 1160 1136 1185 se
1156 1145 1334 1185 funditus
1363 1158 1517 1184 eversas

182 1227 267 1252 esse
287 1213 532 1252 arbitrantur.

238 1280 331 1317 Hoc
351 1279 402 1317 de
423 1277 584 1316 homine
605 1291 650 1316 ac
672 1278 722 1316 de
750 1276 866 1316 huius
888 1276 1003 1316 bonis
1024 1276 1143 1315 etiam
1164 1276 1205 1314 in
1227 1277 1355 1325 Eryco
1380 1281 1516 1313 monte

182 1350 487 1383 monumentum
508 1350 665 1381 tuorum
683 1340 924 1395 [furtorum,]
942 1341 1177 1392 flagitiorum
1194 1339 1516 1390 crudelitatisque

182 1408 358 1459 posuisti,
385 1407 424 1446 in
455 1421 536 1457 quo
563 1407 700 1446 Stheni
725 1407 972 1446 Thermitani
997 1420 1145 1446 nomen
1172 1405 1414 1455 adscriptum
1443 1412 1512 1443 est.
1538 1423 1578 1444 20

182 1473 275 1512 Vidi
305 1480 534 1523 argenteum
566 1472 805 1523 Cupidinem
837 1486 928 1510 curn
959 1473 1152 1522 lampade.
1214 1470 1323 1520 Quid
1353 1471 1514 1509 tandem

183 1538 320 1577 habuit
339 1536 557 1588 argumenti
574 1545 640 1575 aut
661 1536 821 1575 rationis
843 1551 902 1575 res
918 1550 1037 1587 quam
1060 1537 1112 1575 ob
1133 1550 1214 1575 rem
1236 1535 1275 1573 in
1297 1549 1344 1574 eo
1365 1534 1516 1585 potissi-

183 1618 291 1642 mum
313 1603 574 1642 Sthenianum
600 1602 817 1653 praemium
840 1604 1080 1653 poneretur?
1109 1609 1239 1639 utrum
1262 1602 1337 1639 hoc
1359 1599 1514 1650 signum

181 1668 407 1720 cupiditatis
428 1676 518 1707 tuae
538 1681 589 1706 an
610 1675 814 1717 tropaeum
838 1666 1139 1706 necessitudinis
1159 1673 1277 1716 atque
1298 1664 1444 1715 hospiti
1464 1678 1515 1702 an

181 1734 325 1773 amoris
353 1733 543 1772 indicium
569 1746 654 1772 esse
674 1732 861 1771 voluisti?
920 1732 1085 1771 Faciunt
1107 1733 1183 1770 hoc
1208 1730 1389 1769 homines
1414 1743 1515 1780 quos
1537 1746 1551 1768 2
1560 1747 1576 1778 5

183 1799 221 1837 in
256 1812 412 1838 summa
443 1798 619 1848 nequitia
653 1812 734 1836 non
770 1799 898 1837 solum
929 1797 1054 1836 libido
1083 1805 1122 1835 et
1155 1797 1348 1845 voluptas,
1379 1808 1514 1833 verum

182 1864 300 1903 etiam
321 1863 442 1914 ipsius
463 1863 662 1913 nequitiae
683 1864 786 1901 fama
806 1864 986 1909 delectet,
1010 1870 1051 1900 ut
1073 1861 1204 1899 multis
1225 1860 1264 1899 in
1285 1859 1382 1899 locis
1403 1867 1516 1899 notas

228 1979 247 1998 2
272 1968 354 1999 nihil
372 1979 414 1998 ex
431 1972 562 2008 sacrop
580 1967 642 1998 rell.
663 1979 669 1997 :
698 1977 762 1998 om.
785 1966 843 1997 CO
992 1976 1011 2005 5
1036 1966 1108 1997 dies
1126 1965 1202 1995 sesti
1223 1970 1366 2004 aguntur
1387 1963 1414 1994 C
1429 1964 1515 2003 (agi-

184 2016 294 2043 tantur
316 2012 361 2052 Vp
383 2012 474 2042 rell.:
506 2015 520 2048 ξ
543 2021 602 2051 154
622 2012 724 2050 infra)
742 2022 748 2041 :
778 2010 854 2041 festi
878 2010 951 2040 dies
974 2015 1121 2047 aguntur
1144 2008 1173 2038 Ο
1188 2009 1312 2049 primo,
1331 2019 1410 2039 corr.
1432 2019 1476 2038 m.
1501 2017 1512 2037 1

183 2058 204 2086 6
228 2056 279 2086 cui
306 2055 352 2096 Cp
374 2055 439 2086 rell.
459 2066 465 2085 z
500 2055 593 2085 cuius
623 2054 654 2083 V
835 2065 852 2093 7
880 2054 1017 2085 Siciliae
1040 2052 1088 2083 V:
1125 2052 1237 2083 Sicilia
1257 2051 1380 2092 Cprell.
1398 2053 1432 2091 (§
1455 2061 1515 2090 154

183 2100 287 2139 infra)
432 2109 470 2137 14
495 2098 596 2137 legati
615 2098 750 2128 laedant
772 2097 879 2128 Vrell.
898 2109 904 2127 :
928 2108 994 2128 om.
1018 2096 1089 2127 601
1246 2097 1284 2125 16
1308 2105 1344 2125 se
1363 2095 1516 2125 funditus

185 2152 324 2173 eversas
345 2141 403 2172 CO
429 2142 539 2182 (prob.
568 2141 645 2172 Ziel.
670 2147 703 2181 p.
736 2144 833 2179 194*ss
868 2141 959 2172 fund.
988 2151 1038 2171 ev.
1069 2140 1147 2171 (om.
1176 2140 1225 2169 se‘
1244 2145 1267 2179 p
1290 2138 1353 2169 rell.
1377 2150 1382 2168 :
1407 2148 1444 2168 sc
1462 2149 1512 2169 ev.

186 2186 276 2217 fund.
301 2186 442 2224 lsi-Am.
459 2185 495 2223 J.
517 2185 578 2216 Ph.
599 2186 690 2219 xxvi.
708 2190 739 2224 p.
762 2191 839 2223 422)
1043 2184 1081 2213 18
1107 2182 1218 2221 Eryco
1239 2182 1309 2212 Vn:
1340 2181 1439 2212 Erico
1458 2180 1518 2212 CO

190 2240 229 2268 19
252 2234 327 2259 ante
344 2229 545 2268 flagitiorum
563 2228 658 2258 habel
678 2228 708 2257 V
720 2229 883 2258 furtorum
903 2227 937 2265 (ξ
961 2237 1018 2264 114
1036 2231 1138 2266 supra
1157 2238 1163 2256 ε
1193 2226 1224 2258 ii,
1248 2229 1262 2262 ξ
1282 2235 1323 2255 2:
1357 2225 1401 2257 iii.
1424 2229 1438 2262 ξ
1457 2226 1513 2263 84Ἲ

188 2283 228 2312 25
254 2274 315 2303 hoc
328 2273 483 2302 homines
496 2272 542 2302 C:
564 2273 717 2302 homines
733 2272 796 2301 hoc
809 2270 929 2310 qrsscd
939 2281 1014 2300 cum
1028 2270 1130 2309 signis
1144 2271 1284 2309 tran-<pst
1299 2280 1304 2298 :
1323 2268 1441 2298 habent
1454 2268 1516 2309 Vp²

187 2317 250 2347 hoc
270 2321 370 2357 supra
388 2316 509 2346 lineam
529 2327 535 2345 τ
560 2326 624 2346 om.
645 2315 663 2345 b
797 2325 835 2352 27
862 2315 1008 2344 delectet
1027 2313 1073 2344 C:
1097 2313 1243 2344 delectat
1265 2312 1331 2353 Vpb
