1715 2734
81 490 97 521 5

59 818 97 841 10

55 1467 94 1490 20

0 2117 91 2147 130

149 108 416 146 ACTIONIS
448 109 508 145 IN
539 108 582 146 C.
608 107 849 144 VERREM
880 107 1179 145 SECVNDAE
1211 107 1313 142 LIB.
1338 108 1357 142 Ι
1418 112 1441 150 7

121 218 160 256 in
199 219 412 257 iudicando
446 217 611 255 nimium
647 218 705 256 sui
745 217 836 255 iuris
870 216 1166 266 sententiaeque
1202 221 1409 265 cognosset
1422 215 1441 251 '.

122 285 261 332 Itaque
290 282 486 320 iudicibus
513 283 664 321 reiectis
691 283 897 332 sperabam
926 282 1004 320 iam
1031 294 1131 319 onus
1159 294 1291 318 meum
1319 279 1444 317 vobis-

120 362 209 386 cum
237 361 322 386 esse
349 361 584 395 commune,-
618 348 806 397 putabam
841 361 922 386 non
950 348 1076 385 solum
1105 345 1207 383 notis
1233 346 1301 383 sed
1326 344 1442 382 etiam

119 412 260 462 ignotis
290 413 495 462 probatam
526 425 654 449 meam
685 413 803 450 fidem
832 426 917 450 esse
944 419 981 449 et
1009 409 1262 460 diligentiam.
1323 409 1443 456 Quod

119 490 182 515 me
224 490 304 514 non
346 476 505 525 fefellit,
563 490 654 514 nam
693 476 861 514 comitiis
901 476 1008 522 meis,
1051 489 1140 512 cum
1180 474 1251 511 iste
1293 472 1443 510 infinita

117 541 320 591 largitione
349 550 485 580 contra
515 555 578 579 me
608 550 791 588 uteretur,
821 542 990 591 populus
1023 542 1227 577 Romanus
1258 537 1442 575 iudicavit

117 607 226 645 istius
256 606 476 656 pecuniam,
509 620 610 656 quae
639 608 744 656 apud
775 620 838 644 me
867 613 1003 644 contra
1033 606 1151 642 fidem
1185 616 1310 640 meam
1346 601 1442 639 nihil

117 672 317 722 potuisset,
362 673 469 722 apud
513 686 554 710 se
596 681 732 710 contra
775 673 966 709 honorem
1014 684 1145 708 meum
1188 668 1284 706 nihil
1327 680 1442 717 posse

116 737 271 775 debere.
332 738 424 786 Quo
446 737 607 786 quidem
637 737 702 775 die
732 737 913 787 primum,
940 736 1101 781 iudices,
1131 734 1236 772 citati
1267 733 1306 770 in
1336 734 1442 770 hunc

116 815 223 840 reum
256 801 499 848 consedistis,
532 802 619 851 quis
654 809 733 839 tam
769 801 926 851 iniquus
961 800 1052 838 huic
1082 799 1208 838 ordini
1242 798 1327 845 fuit,
1355 797 1441 847 quis

117 875 195 905 tarn
231 879 420 904 novarum
455 880 582 905 rerum
618 866 852 905 iudiciorum
885 866 1142 914 iudicumque
1173 863 1340 914 cupidus
1375 857 1441 912 qui

116 946 196 970 non
225 940 386 982 aspectu
416 945 684 982 consessuque
711 940 839 970 vestro
870 932 1212 970 commoveretur?
1268 930 1370 967 Cum
1401 927 1440 964 in

115 1011 163 1035 eo
183 1005 309 1035 vestra
335 997 502 1046 dignitas
530 997 625 1034 mihi
653 998 820 1034 fructum
846 996 1071 1046 diligentiae
1099 996 1264 1039 referret,
1288 994 1328 1032 id
1355 1006 1440 1030 sum

113 1063 334 1108 adsecutus,
372 1070 414 1099 ut
446 1075 524 1099 una
558 1063 653 1099 hora
683 1075 760 1111 qua
791 1061 904 1111 coepi
939 1061 1069 1099 dicere
1101 1074 1167 1098 reo
1196 1058 1348 1105 audaci,
1380 1072 1442 1108 pe-

114 1126 290 1173 cunioso,
327 1128 497 1178 profuso,
533 1126 686 1176 perdito
723 1140 832 1176 spem
868 1126 988 1164 iudici
1019 1124 1297 1174 corrumpendi
1337 1137 1440 1173 prae-

115 1192 284 1230 ciderem
302 1207 310 1238 3
342 1200 384 1229 ut
405 1191 531 1241 primo
552 1191 616 1229 die
637 1191 795 1229 testium
816 1198 926 1229 tanto
947 1203 1112 1228 numero
1133 1189 1252 1227 citato
1272 1190 1440 1238 populus

116 1259 321 1294 Romanus
351 1255 540 1294 iudicaret
571 1255 646 1294 isto
675 1255 857 1293 absoluto
887 1268 968 1292 rem
1001 1254 1200 1304 publicam
1231 1261 1331 1290 stare
1360 1266 1439 1290 non

114 1335 253 1371 posse,
283 1329 324 1358 ut
347 1322 443 1359 alter
463 1320 546 1358 dies
570 1319 706 1357 amicis
727 1319 836 1357 istius
857 1332 903 1358 ac
924 1318 1197 1358 defensoribus
1218 1331 1297 1355 non
1320 1319 1441 1355 modo

114 1400 223 1436 spem
254 1385 437 1423 victoriae
469 1386 539 1423 sed
569 1385 686 1423 etiam
717 1387 959 1423 voluntatem
991 1383 1232 1423 defensionis
1261 1384 1438 1429 auferret,

113 1459 154 1489 ut
175 1452 309 1488 tertius
329 1450 413 1488 dies
434 1449 488 1487 sic
510 1449 712 1487 hominem
738 1457 998 1499 prosterneret
1023 1457 1065 1486 ut
1089 1449 1229 1486 morbo
1258 1448 1441 1486 simulato

113 1529 193 1554 non
225 1515 320 1565 quid
350 1515 618 1564 responderet,
648 1515 718 1552 sed
748 1527 865 1564 quem
896 1515 947 1552 ad
980 1515 1143 1552 modum
1174 1526 1254 1550 non
1285 1526 1440 1562 respon-

112 1582 234 1627 deret,
256 1579 498 1618 deliberaret.
562 1579 719 1616 Deinde
749 1576 906 1628 reliquis
938 1578 1078 1616 diebus
1108 1578 1167 1615 his
1197 1577 1436 1623 criminibus,

112 1645 170 1683 his
195 1645 371 1691 testibus,
394 1654 432 1683 et
460 1645 618 1682 urbanis
646 1653 682 1682 et
712 1644 1025 1694 provincialibus,
1049 1644 1104 1682 sic
1131 1644 1294 1681 obrutus
1321 1650 1439 1692 atque

111 1724 320 1760 oppressus
342 1718 398 1748 est
419 1718 460 1747 ut
482 1710 541 1747 his
563 1711 745 1747 ludorum
763 1709 902 1747 diebus
923 1708 1161 1758 interpositis
1182 1721 1300 1746 nemo
1321 1707 1437 1745 istum

75 1792 88 1822 ;
112 1776 516 1825 comperendinatum,
542 1777 610 1813 secl
633 1776 942 1813 condemnatum
965 1773 1164 1811 iudicaret.

1465 111 1502 140 18

1466 295 1503 327 Ι9

1464 940 1503 962 20

1457 1808 1480 1844 8

166 1841 416 1891 Quapropter
442 1855 515 1891 ego
545 1843 652 1890 quod
683 1842 733 1878 ad
765 1854 827 1878 me
856 1839 1006 1884 attinet,
1036 1838 1195 1885 iudices,
1222 1837 1322 1881 vici;
1355 1851 1434 1875 non
1456 1877 1493 1898 Ἠ

111 1904 215 1942 enim
247 1906 370 1956 spolia
401 1907 445 1945 C.
469 1907 611 1951 Verris,
639 1907 708 1943 sed
739 1904 1065 1943 existimationem
1097 1902 1232 1952 populi
1264 1903 1435 1941 Romani

110 1971 329 2021 concupivi.
381 1974 518 2010 Meum
540 1971 610 2009 fuit
628 1984 715 2009 cuin
734 1984 851 2008 causa
866 1971 1054 2008 accedere
1074 1970 1124 2006 ad
1144 1969 1411 2006 accusandum
1430 1984 1436 2005 z

111 2051 211 2086 quae
245 2051 363 2076 causa
395 2037 467 2076 fuit
501 2037 713 2083 honestior,
744 2051 863 2086 quam
893 2050 915 2074 a
947 2044 1026 2074 tam
1058 2034 1207 2073 inlustri
1238 2033 1437 2083 provincia

110 2103 356 2141 defensorem
396 2102 581 2140 constitui
621 2109 658 2139 et
696 2101 846 2151 deligi?
892 2100 946 2138 rei
985 2099 1166 2150 publicae
1205 2100 1435 2136 consulere:

158 2218 170 2237 1
197 2213 376 2247 cognosset
402 2219 444 2238 rr:
469 2211 649 2246 cognoscet
676 2206 709 2235 D
733 2207 775 2237 al.
803 2206 907 2237 Schol.
937 2205 1101 2236 Gronov.:
1126 2210 1348 2244 cognosceret
1372 2203 1433 2233 rell.

114 2251 149 2289 (i,
169 2253 184 2287 ξ
203 2261 243 2289 97
261 2262 268 2290 3
293 2251 324 2290 ii,
347 2253 362 2287 ξ
381 2251 437 2290 33)
586 2262 605 2289 4
630 2260 706 2280 esse
724 2260 829 2280 meam
846 2250 946 2280 fidem
964 2248 1121 2279 Zielinski
1134 2253 1165 2288 p,
1189 2258 1248 2287 193
1396 2256 1435 2276 10

111 2294 244 2333 iniquus
260 2293 325 2324 ΒΨ
341 2306 347 2324 :
374 2295 540 2334 inicusp:
566 2294 720 2323 inimicus
737 2292 773 2322 ὸδ
790 2293 836 2332 (ii,
855 2296 870 2330 ξ
886 2293 961 2332 Ῑ67)
1035 2302 1072 2321 12
1097 2296 1281 2331 conspectu
1293 2292 1309 2320 δ
1355 2300 1433 2320 con-

111 2346 278 2376 sensuque
291 2337 373 2377 qu
396 2337 469 2378 (sed
482 2337 532 2367 hic
545 2347 626 2367 corr.
645 2337 889 2376 consessuque)
983 2346 1020 2374 13
1046 2336 1124 2365 mihi
1142 2335 1290 2374 dignitas
1307 2336 1323 2364 δ
1397 2344 1433 2372 17

111 2381 174 2410 isto
186 2381 312 2420 Zumpt
323 2381 390 2411 edd.
409 2392 415 2410 :
434 2381 505 2420 ipso
516 2379 604 2411 codd.
674 2390 715 2419 29
733 2380 908 2411 honestior
925 2379 1011 2419 pr
1026 2391 1032 2409 ε
1050 2379 1196 2409 iustior&
1210 2389 1217 2408 ε
1242 2378 1402 2409 illustrior
1416 2378 1433 2405 l)
