1715 2734
218 103 486 143 ACTIONIS
515 104 576 142 IN
607 104 651 143 C.
674 104 914 141 VERREM
945 104 1243 143 SECVNDAE
1274 105 1378 142 LIB.
1401 104 1438 141 V
1484 105 1539 152 63
1561 110 1619 151 163

219 214 380 253 haberet
405 215 595 265 deligatus
626 214 664 252 in
694 216 778 253 foro
807 214 920 264 virgis
951 216 1205 253 caederetur?
1261 215 1402 263 Quid?
1449 227 1539 252 cum

218 278 326 328 ignes
373 281 633 329 ardentesque
672 280 839 318 laminae
879 279 1076 328 ceterique
1123 279 1316 318 cruciatus
1358 281 1541 317 admove-

219 343 370 392 bantur,
392 344 423 382 si
445 352 482 382 te
502 344 602 382 illius
623 345 764 383 acerba
790 343 1012 394 imploratio
1039 351 1077 382 et
1098 357 1173 382 vox
1199 344 1429 382 miserabilis
1460 357 1539 381 non

217 406 431 456 inhibebat,
453 423 502 447 ne
523 408 665 447 civium
687 409 848 459 quidem
879 411 1151 447 Romanorum
1172 408 1240 459 qui
1266 416 1348 446 tum
1378 410 1541 446 aderant

180 473 311 519 5fletu
344 480 382 511 et
419 472 566 523 gemitu
605 473 777 511 maximo
814 474 1148 511 commovebare?
1216 475 1263 511 In
1303 486 1459 511 crucem
1498 479 1540 510 tu

216 550 328 586 agere
361 551 478 575 ausus
512 551 553 576 es
586 551 826 587 quemquam
865 537 932 587 qui
964 551 1004 575 se
1036 537 1161 576 civem
1194 539 1421 575 Romanum
1456 550 1541 574 esse

217 601 392 639 diceret?
448 602 569 640 Nolui
598 610 677 640 tam
708 604 960 641 vehementer
988 616 1101 652 agere
1122 603 1198 640 hoc
1218 602 1343 652 prima
1372 601 1539 648 actione,

217 666 376 713 iudices,
399 667 507 705 nolui
525 682 535 715 ,·
563 667 711 706 vidistis
733 667 838 705 enim
859 675 900 705 ut
920 667 1040 705 animi
1061 667 1322 705 multitudinis
1354 667 1392 704 in
1422 667 1538 704 istum

216 732 351 770 dolore
385 739 423 770 et
457 732 550 770 odio
581 740 619 771 et
650 732 871 771 communis
902 733 1062 782 periculi
1098 740 1204 770 metu
1239 732 1537 770 concitarentur.

161 808 197 830 10
216 796 340 833 Statui
379 805 533 846 egomet
581 796 676 834 mihi
725 804 808 835 turn
853 798 1017 835 modum
1063 804 1101 835 et
1144 797 1310 835 orationi
1354 810 1464 835 meae
1502 804 1541 835 et

217 861 260 899 C.
288 862 522 909 Numitorio,
555 862 676 912 equiti
712 864 908 910 Romano,
940 862 1066 912 primo
1105 862 1266 909 homini,
1305 862 1401 900 testi*
1426 876 1542 910 meo3

216 933 253 963 et
284 926 538 964 Glabrionem
569 926 608 965 id
638 928 747 976 quod
781 926 1066 976 sapientissime
1096 926 1187 965 fecit
1222 928 1347 965 facere
1376 929 1540 964 laetatus

216 1003 314 1037 sum,
336 997 377 1028 ut
404 998 564 1040 repente
590 990 798 1029 consilium
825 991 865 1028 in
895 990 1028 1028 medio
1058 990 1285 1029 testimonio
1315 991 1538 1029 dimitteret.

217 1054 374 1092 Etenim
395 1055 598 1092 verebatur
618 1069 667 1093 ne
694 1056 863 1105 populus
885 1057 1090 1093 Romanus
1119 1055 1170 1093 ab
1200 1055 1274 1093 isto
1301 1069 1365 1094 eas
1393 1069 1540 1105 poenas

158 1136 193 1166 15
214 1118 251 1156 vi
280 1119 464 1169 repetisse
484 1119 688 1166 videretur,
712 1134 809 1170 quas
833 1120 976 1158 veritus
1003 1128 1105 1158 esset
1134 1134 1184 1158 ne
1214 1120 1285 1158 iste
1315 1121 1465 1169 legibus
1495 1134 1540 1158 ac

215 1191 341 1221 vestro
362 1184 510 1222 iudicio
530 1198 610 1222 non
637 1192 738 1222 esset
767 1186 1044 1234 persoluturus.
1105 1186 1223 1223 Nunc
1245 1185 1431 1235 quoniam
1462 1185 1539 1223 iam
1564 1193 1623 1234 164

215 1250 455 1298 exploratum
478 1256 535 1287 est
555 1249 740 1287 omnibus
761 1262 841 1299 quo
870 1251 958 1287 loco
985 1263 1103 1288 causa
1129 1257 1196 1287 tua
1225 1250 1273 1288 sit
1302 1258 1339 1288 et
1367 1250 1462 1300 quid
1490 1252 1539 1288 de

215 1321 253 1351 te
284 1315 455 1351 futurum
495 1314 553 1361 sit,
589 1314 644 1352 sic
682 1322 813 1352 tecum
856 1328 980 1364 agam.
1042 1315 1210 1353 Gavium
1250 1315 1379 1361 istum,
1420 1328 1538 1364 quem

215 1377 462 1427 repentinum
495 1380 779 1428 speculatorem
813 1379 931 1417 fuisse
962 1379 1071 1426 dicis,
1102 1380 1308 1417 ostendam
1344 1379 1383 1416 in
1417 1380 1539 1417 lautu-

156 1457 196 1478 20
215 1442 312 1480 mias
347 1442 544 1491 Syracusis
581 1457 604 1480 a
642 1451 680 1481 te
710 1457 795 1481 esse
829 1444 1064 1491 coniectum,
1096 1457 1225 1493 neque
1256 1444 1296 1482 id
1330 1446 1456 1482 solum
1493 1458 1539 1482 ex

214 1507 347 1545 litteris
368 1509 573 1546 ostendam
603 1509 946 1557 Syracusanorum,
968 1523 1017 1547 ne
1044 1509 1169 1558 possis
1197 1509 1326 1547 dicere
1352 1523 1424 1555 me,
1447 1508 1538 1558 quia

213 1572 260 1610 sit
293 1572 413 1622 aliqui
444 1572 483 1610 in
514 1572 648 1611 litteris
680 1573 838 1620 Gavius,
866 1575 942 1611 hoc
969 1566 1182 1623 fingereet
1212 1573 1352 1623 eligere
1378 1587 1537 1621 nomen,

214 1643 255 1674 ut
281 1637 386 1675 hunc
416 1636 524 1674 illum
549 1651 634 1675 esse
665 1637 813 1686 possim
843 1637 984 1684 dicere,
1014 1639 1084 1676 sed
1114 1639 1163 1675 ad
1193 1638 1393 1676 arbitrium
1425 1646 1536 1676 tuum

214 1700 321 1739 testis
341 1702 446 1739 dabo
472 1701 539 1751 qui
565 1701 682 1739 istum
708 1702 835 1752 ipsum
866 1702 1064 1752 Syracusis
1090 1703 1160 1741 abs
1190 1710 1227 1740 te
1257 1703 1294 1740 in
1330 1704 1537 1741 lautumias

154 1778 194 1811 25
214 1765 437 1804 coniectum
467 1779 552 1804 esse
581 1767 724 1805 dicant.
785 1769 1007 1806 Producam
1029 1767 1145 1805 etiam
1176 1769 1386 1807 Consanos
1414 1769 1537 1806 muni-

214 1830 319 1880 cipes
341 1830 442 1869 illius
461 1844 508 1869 ac
528 1832 779 1879 necessarios,
801 1832 868 1881 qui
891 1839 927 1870 te
949 1846 1054 1870 nunc
1076 1845 1162 1870 sero
1183 1833 1362 1878 doceant,
1387 1832 1535 1870 iudices

212 1908 292 1933 non
313 1908 410 1942 sero,
432 1894 541 1933 illum
564 1897 605 1933 P.
629 1896 797 1934 Gavium
819 1910 937 1946 quem
962 1904 1004 1934 tu
1033 1896 1073 1934 in
1101 1909 1256 1934 crucem
1278 1897 1387 1945 egisti
1409 1897 1533 1935 civem

212 1962 439 1998 Romanum
482 1967 520 1999 et
568 1960 807 2011 municipem
847 1963 1088 2009 Consanum,
1129 1975 1209 2000 non
1248 1964 1533 2012 speculatorem

210 2024 459 2074 fugitivorum
489 2024 619 2063 fuisse.

255 2138 274 2158 2
297 2128 524 2167 ardentesque
551 2128 669 2160 codd.:
702 2131 952 2170 candentesque
978 2129 1082 2161 Iord..
1113 2138 1290 2169 tamquam
1316 2140 1366 2169 eq
1513 2142 1532 2169 4

211 2171 383 2202 inhibebat
401 2172 470 2202 ναί.
490 2183 496 2202 1
521 2172 646 2202 iniebat
666 2173 699 2209 »b
715 2184 742 2203 s.
756 2174 827 2213 [Ap
843 2185 849 2204 t
875 2174 1021 2204 leniebat
1036 2173 1111 2204 Gell.
1203 2184 1221 2212 5
1247 2175 1325 2203 ssetu
1338 2174 1531 2212 gemituque

213 2214 288 2245 Gell.
461 2225 500 2245 10
523 2219 558 2245 et
576 2216 719 2246 orationi
739 2227 833 2246 meae
851 2218 914 2246 vrk:
941 2222 1022 2247 orat.
1045 2227 1138 2247 meae
1159 2218 1234 2248 (om.
1256 2218 1303 2249 eti
1323 2218 1339 2245 δ
1352 2216 1422 2247 edd.
1440 2229 1446 2247 z
1471 2215 1528 2247 del.

211 2257 336 2297 Eberh.‚
356 2256 446 2287 Nohl
587 2268 625 2288 12
651 2257 708 2289 M‘.
728 2259 841 2291 Glabr.
860 2260 999 2290 Mueller
1151 2270 1187 2298 13
1213 2260 1350 2290 consilio
1367 2263 1395 2289 et
1410 2265 1529 2290 testem

211 2300 299 2331 codd.
315 2312 320 2330 z
338 2310 416 2331 corr.
437 2300 574 2332 Hotom.
721 2304 759 2332 16
783 2303 846 2332 iam
859 2308 884 2342 p
900 2314 906 2332 z
932 2313 998 2333 om.
1016 2303 1076 2341 qu
1210 2313 1250 2332 22
1275 2303 1381 2343 aliqp
1399 2314 1404 2333 :
1429 2302 1528 2342 aliqui

209 2354 269 2383 qr:
294 2344 415 2382 aliquis
431 2343 500 2375 edd.
640 2354 679 2383 27
704 2349 737 2375 tu
753 2355 818 2376 om.
835 2346 894 2385 qu
1026 2346 1067 2375 28
1092 2350 1123 2375 et
1135 2345 1200 2385 pk:
1226 2356 1291 2376 om.
1309 2357 1350 2384 qr
