1715 2734
140 95 192 134 57
217 103 275 134 132
578 89 634 125 M.
665 88 834 125 TVLLI
866 88 1176 127 CICERONIS

142 200 192 248 58
212 199 277 238 illa
297 214 346 238 ne
368 201 476 238 fieret
497 198 692 238 laborasti.
745 201 820 237 Pro
840 199 881 238 di
902 199 1152 246 immortales,
1172 201 1248 237 hoc
1268 207 1335 238 aut
1351 199 1542 238 innocens

131 409 188 440 133

131 1188 188 1220 134

130 1913 189 1944 135

212 266 334 303 homo
372 265 522 315 perpeti
561 264 764 314 potuisset,
804 272 871 302 aut
910 265 1087 314 quamvis
1127 277 1286 310 nocens,
1323 264 1390 314 qui
1420 266 1542 303 modo

210 330 355 369 iudicia
389 332 540 368 Romae
569 331 650 368 fore
679 338 843 380 putaret,
867 343 948 368 non
977 330 1108 380 aliqua
1138 329 1388 368 simulatione
1417 329 1543 368 existi-

211 395 373 433 mationi
396 410 436 434 se
457 395 664 433 hominum
686 395 960 433 venditasset?
1025 395 1134 444 Quid
1155 403 1213 433 est
1234 396 1342 433 hoc?
1380 395 1542 445 sponsio

211 461 252 498 fit
273 461 323 498 de
344 460 472 510 capite
487 473 533 498 ac
551 459 715 498 fortunis
733 460 808 498 tuis
828 475 834 498 :
857 468 897 498 tu
915 461 1028 498 sedes
1045 468 1082 498 et
1099 460 1268 509 quiescis
1285 462 1300 497 Ρ
1321 474 1400 498 non
1419 473 1543 510 perse·
1563 475 1581 506 5

211 525 369 575 queris?
399 538 478 562 non
501 527 753 574 perseveras?
783 538 863 562 non
886 524 1075 574 perquiris
1097 525 1159 563 cui
1174 524 1312 562 dixerit
1331 524 1540 573 Apronius,

210 590 297 639 quis
318 589 516 628 audierit?
547 591 654 628 unde
675 591 751 627 hoc
773 598 923 637 natum,
944 603 1062 639 quem
1083 591 1134 628 ad
1157 591 1320 628 modum
1347 591 1540 639 prolatum

210 654 290 692 sit?
338 654 375 693 Si
407 654 476 692 tibi
506 654 646 704 aliquis
675 655 727 693 ad
753 668 887 692 aurem
911 654 1138 692 accessisset
1165 662 1203 693 et
1231 654 1389 693 dixisset
1419 657 1543 704 Apro-

210 720 319 757 nium
350 719 528 758 dictitare
558 727 596 757 te
622 719 696 757 sibi
717 732 803 758 esse
831 719 997 766 socium,
1018 719 1258 758 commoveri
1287 727 1324 757 te
1354 719 1538 769 oportuit,

210 798 373 823 evocare
394 784 628 834 Apronium,
652 797 726 823 nec
747 784 856 822 illum
879 791 969 822 ante
991 784 1061 822 tibi
1083 784 1174 822 satis
1196 786 1322 823 facere
1350 798 1468 834 quam
1499 792 1540 823 tu
1565 798 1602 820 10

210 849 388 887 omnium
409 849 687 888 existimationi
708 849 799 888 satis
820 848 1001 888 fecisses:
1033 863 1121 887 cum
1144 863 1235 888 vero
1262 850 1300 887 in
1331 851 1416 888 foro
1445 851 1545 889 cele-

210 914 379 953 berrimo
401 922 508 953 tanta
529 914 748 964 frequentia
772 916 848 952 hoc
869 915 989 953 verbo
1009 928 1055 953 ac
1080 914 1329 953 simulatione
1350 915 1540 965 Apronio,

210 994 249 1018 re
288 993 378 1018 vera
417 979 486 1018 tibi
527 979 728 1018 obiectum
759 987 872 1026 esset,
909 987 951 1017 tu
981 993 1169 1029 umquam
1201 987 1349 1018 tantam
1386 981 1540 1030 plagam

210 1045 350 1083 tacitus
377 1045 556 1095 accipere
586 1044 782 1095 potuisses
804 1045 877 1082 nisi
905 1046 981 1083 hoc
1014 1045 1067 1083 ita
1094 1044 1305 1091 statuisses,
1330 1044 1369 1082 in
1394 1059 1433 1084 re
1460 1053 1539 1083 tam

210 1110 416 1148 manifesta
454 1110 645 1160 quicquid
684 1110 847 1149 dixisses
887 1117 924 1148 te
972 1110 1142 1149 deterius
1191 1123 1275 1148 esse
1318 1111 1541 1148 facturum?
1564 1124 1599 1156 ¹5

211 1177 464 1225 Quaestores,
485 1177 643 1225 legatos,
672 1177 903 1225 praefectos,
927 1172 1106 1213 tribunos
1136 1189 1227 1213 suos
1258 1175 1369 1213 multi
1401 1175 1539 1214 missos

209 1242 385 1279 fecerunt
417 1248 455 1279 et
486 1242 536 1279 de
566 1240 767 1291 provincia
797 1241 990 1279 decedere
1020 1240 1225 1287 iusserunt,
1253 1242 1360 1290 quod
1386 1240 1540 1279 illorum

209 1308 324 1356 culpa
356 1320 396 1345 se
429 1305 558 1344 minus
603 1307 815 1344 commode
845 1305 981 1344 audire
1019 1305 1296 1344 arbitrarentur
1326 1314 1392 1344 aut
1432 1307 1540 1355 quod

209 1386 371 1422 peccare
398 1371 503 1421 ipsos
534 1371 666 1421 aliqua
692 1371 730 1409 in
756 1386 795 1409 re
820 1371 1060 1409 iudicarent:
1092 1379 1133 1409 tu
1158 1370 1391 1421 Apronium,
1418 1371 1540 1409 homi-

209 1451 298 1476 nem
324 1437 386 1474 vix
413 1436 591 1483 liberum,
617 1436 941 1483 contaminatum,
966 1436 1175 1486 perditum,
1198 1436 1446 1486 flagitiosum,
1472 1437 1538 1487 qui
1561 1451 1602 1473 20

209 1515 289 1539 non
330 1502 451 1539 modo
490 1501 667 1539 animum
716 1501 909 1551 integrum
949 1502 1018 1540 sed
1058 1515 1107 1539 ne
1153 1501 1325 1539 animam
1376 1502 1538 1551 quidem

207 1580 345 1617 puram
384 1580 614 1605 conservare
654 1566 855 1616 potuisset,
888 1580 977 1604 eum
1019 1566 1056 1603 in
1096 1575 1206 1604 tanto
1238 1575 1306 1604 tuo
1344 1568 1540 1605 dedecore

212 1633 386 1682 profecto
407 1632 527 1670 verbo
557 1631 717 1681 quidem
743 1630 917 1680 graviore
941 1632 1188 1681 appellasses,
1213 1644 1343 1680 neque
1372 1632 1478 1680 apud
1506 1639 1544 1669 te

214 1707 292 1736 tam
314 1706 448 1736 sancta
470 1698 604 1747 religio
626 1695 824 1734 societatis
848 1696 981 1734 suisset
1008 1703 1051 1734 ut
1077 1696 1131 1734 tui
1159 1696 1298 1745 capitis
1325 1697 1541 1746 periculum

211 1765 445 1813 neglegeres,
468 1761 541 1799 nisi
563 1775 643 1800 rem
671 1769 750 1798 tam
778 1768 912 1798 notam
940 1774 1026 1798 esse
1053 1760 1237 1798 omnibus
1265 1769 1302 1799 et
1323 1769 1401 1799 tam
1425 1761 1545 1799 mani-
1566 1775 1602 1806 25

211 1830 348 1867 festam
371 1828 533 1866 videres.

260 1895 364 1934 Cum
378 1894 519 1932 eodem
534 1891 712 1942 Apronio
726 1898 863 1941 postea
878 1893 918 1929 P.
936 1890 1168 1938 Scandilius,
1185 1904 1305 1941 eques
1325 1893 1541 1938 Romanus,

209 1973 327 2010 quem
355 1972 424 1997 vos
459 1971 597 1996 omnes
628 1957 761 2003 nostis,
795 1958 963 1995 eandem
991 1956 1245 2006 sponsionem
1272 1958 1322 1996 de
1357 1957 1544 1995 societate

210 2024 300 2063 fecit
322 2037 439 2074 quam
464 2022 637 2060 Rubrius
660 2023 785 2060 facere
807 2023 991 2060 voluerat.
1054 2021 1210 2068 Institit,
1234 2022 1437 2072 oppressit,
1462 2035 1541 2060 non

211 2089 381 2135 remisit3
411 2090 512 2126 facta
529 2095 586 2126 est
601 2087 762 2137 sponsio
786 2088 856 2125 Hs
878 2089 928 2133 V}
957 2086 1086 2136 coepit
1102 2086 1322 2125 Scandilius
1343 2100 1543 2136 recupera·
1564 2099 1604 2128 30

139 2161 192 2200 59
213 2163 314 2193 tores
335 2162 401 2191 aut
423 2153 594 2191 iudicem
615 2153 825 2202 postulare.
875 2151 1028 2189 Satisne
1041 2151 1152 2189 vobis
1174 2151 1338 2201 praetori
1361 2151 1543 2201 improbo

213 2219 442 2258 circumdati
469 2217 631 2256 cancelli
655 2216 835 2255 videntur
862 2215 899 2253 in
923 2229 991 2253 sua
1013 2215 1223 2266 provincia,
1248 2216 1370 2253 immo
1392 2230 1482 2254 vero
1505 2216 1541 2253 in

257 2332 276 2362 5
301 2327 333 2353 ct
351 2333 414 2354 ου).
438 2322 468 2352 Ο
593 2331 631 2351 10
655 2330 799 2350 evocare
817 2318 864 2349 cO
881 2331 886 2349 :
912 2329 1035 2350 vocare
1048 2324 1072 2359 p
1089 2319 1154 2348 rsll⁴
1283 2330 1317 2357 14
1343 2325 1408 2349 tarn
1427 2330 1491 2349 om.
1514 2319 1544 2350 O

216 2379 256 2407 23
282 2369 432 2408 profecto
463 2367 686 2399 [Aulo-bacher.
712 2368 824 2405 John:
862 2367 1014 2407 profecto
1044 2377 1084 2396 ne
1113 2365 1200 2396 codd.
1233 2366 1321 2403 (Act.
1347 2364 1403 2394 Pr.
1432 2364 1542 2403 §32‘13

218 2423 282 2443 uon
303 2413 378 2450 prof
402 2412 471 2442 cdd.
494 2417 560 2442 vell.
578 2426 581 2442 ;
610 2412 697 2450 prof.
719 2423 785 2441 non
806 2423 847 2440 nc
865 2411 1003 2440 Mueller
