<?xml version="1.0" encoding="UTF-8"?>
<!DOCTYPE html PUBLIC "-//W3C//DTD XHTML 1.0 Transitional//EN"
    "http://www.w3.org/TR/xhtml1/DTD/xhtml1-transitional.dtd">
<html xmlns="http://www.w3.org/1999/xhtml" xml:lang="en" lang="en">
 <head>
  <title>
</title>
<meta http-equiv="Content-Type" content="text/html;charset=utf-8" />
  <meta name='ocr-system' content='tesseract 3.04.00' />
  <meta name='ocr-capabilities' content='ocr_page ocr_carea ocr_par ocr_line ocrx_word'/>
</head>
<body>
  <div class='ocr_page' id='page_1' title='image "./orationesrecogno03ciceuoft/orationesrecogno03ciceuoft_0186.png"; bbox 0 0 1715 2734; ppageno 0'>
   <div class='ocr_carea' id='block_1_1' title="bbox 105 46 1135 98">
    <p class='ocr_par' dir='ltr' id='par_1_1' title="bbox 105 46 1135 98">
     <span class='ocr_line' id='line_1_1' title="bbox 105 46 1135 98; baseline -0.003 -11"><span class='ocrx_word' id='word_1_1' title='bbox 105 60 157 98; x_wconf 85' lang='lat'>42</span> <span class='ocrx_word' id='word_1_2' title='bbox 177 65 239 96; x_wconf 82' lang='lat'>103</span> <span class='ocrx_word' id='word_1_3' title='bbox 538 49 593 86; x_wconf 88' lang='lat' dir='ltr'>M.</span> <span class='ocrx_word' id='word_1_4' title='bbox 626 48 795 85; x_wconf 91' lang='lat' dir='ltr'>TVLLI</span> <span class='ocrx_word' id='word_1_5' title='bbox 827 46 1135 86; x_wconf 85' lang='lat' dir='ltr'>CICERONIS</span> 
     </span>
    </p>
   </div>
   <div class='ocr_carea' id='block_1_2' title="bbox 91 241 150 272">
    <p class='ocr_par' dir='ltr' id='par_1_2' title="bbox 91 241 150 272">
     <span class='ocr_line' id='line_1_2' title="bbox 91 241 150 272; baseline 0 -10"><span class='ocrx_word' id='word_1_6' title='bbox 91 241 150 272; x_wconf 84' lang='lat'>104</span> 
     </span>
    </p>
   </div>
   <div class='ocr_carea' id='block_1_3' title="bbox 88 958 149 990">
    <p class='ocr_par' dir='ltr' id='par_1_3' title="bbox 88 958 149 990">
     <span class='ocr_line' id='line_1_3' title="bbox 88 958 149 990; baseline 0 -10"><span class='ocrx_word' id='word_1_7' title='bbox 88 958 149 990; x_wconf 86' lang='lat'>¹05</span> 
     </span>
    </p>
   </div>
   <div class='ocr_carea' id='block_1_4' title="bbox 98 1322 151 1360">
    <p class='ocr_par' dir='ltr' id='par_1_4' title="bbox 98 1322 151 1360">
     <span class='ocr_line' id='line_1_4' title="bbox 98 1322 151 1360; baseline -0.019 0"><span class='ocrx_word' id='word_1_8' title='bbox 98 1322 151 1360; x_wconf 88' lang='lat'>43</span> 
     </span>
    </p>
   </div>
   <div class='ocr_carea' id='block_1_5' title="bbox 88 1372 150 1405">
    <p class='ocr_par' dir='ltr' id='par_1_5' title="bbox 88 1372 150 1405">
     <span class='ocr_line' id='line_1_5' title="bbox 88 1372 150 1405; baseline -0.032 0"><span class='ocrx_word' id='word_1_9' title='bbox 88 1372 150 1405; x_wconf 92' lang='lat'>106</span> 
     </span>
    </p>
   </div>
   <div class='ocr_carea' id='block_1_6' title="bbox 168 156 1504 2037">
    <p class='ocr_par' dir='ltr' id='par_1_6' title="bbox 168 156 1504 1320">
     <span class='ocr_line' id='line_1_6' title="bbox 171 156 1502 210; baseline -0.002 -12"><span class='ocrx_word' id='word_1_10' title='bbox 171 173 273 210; x_wconf 90' lang='lat' dir='ltr'>quae</span> <span class='ocrx_word' id='word_1_11' title='bbox 302 159 467 198; x_wconf 83' lang='lat' dir='ltr'>Sthenio</span> <span class='ocrx_word' id='word_1_12' title='bbox 501 160 603 197; x_wconf 88' lang='lat' dir='ltr'>facta</span> <span class='ocrx_word' id='word_1_13' title='bbox 636 165 739 197; x_wconf 88' lang='lat' dir='ltr'>esset</span> <span class='ocrx_word' id='word_1_14' title='bbox 771 172 839 196; x_wconf 91' lang='lat' dir='ltr'>eos</span> <span class='ocrx_word' id='word_1_15' title='bbox 869 157 1050 196; x_wconf 77' lang='lat' dir='ltr'>statuisse</span> <span class='ocrx_word' id='word_1_16' title='bbox 1085 165 1127 195; x_wconf 90' lang='lat' dir='ltr'>ut</span> <span class='ocrx_word' id='word_1_17' title='bbox 1159 159 1237 196; x_wconf 90' lang='lat' dir='ltr'>hoc</span> <span class='ocrx_word' id='word_1_18' title='bbox 1269 157 1379 207; x_wconf 89' lang='lat' dir='ltr'>quod</span> <span class='ocrx_word' id='word_1_19' title='bbox 1410 156 1502 196; x_wconf 91' lang='lat' dir='ltr'>dico</span> 
     </span>
     <span class='ocr_line' id='line_1_7' title="bbox 169 221 1503 275; baseline -0.003 -12"><span class='ocrx_word' id='word_1_20' title='bbox 169 226 440 275; x_wconf 81' lang='lat' dir='ltr'>postularetur.</span> <span class='ocrx_word' id='word_1_21' title='bbox 501 226 615 273; x_wconf 89' lang='lat' dir='ltr'>Quae</span> <span class='ocrx_word' id='word_1_22' title='bbox 642 237 733 262; x_wconf 89' lang='lat' dir='ltr'>cum</span> <span class='ocrx_word' id='word_1_23' title='bbox 762 223 815 261; x_wconf 88' lang='lat' dir='ltr'>ita</span> <span class='ocrx_word' id='word_1_24' title='bbox 845 231 985 270; x_wconf 80' lang='lat' dir='ltr'>essent,</span> <span class='ocrx_word' id='word_1_25' title='bbox 1009 230 1170 261; x_wconf 89' lang='lat' dir='ltr'>tantane</span> <span class='ocrx_word' id='word_1_26' title='bbox 1195 221 1370 261; x_wconf 85' lang='lat' dir='ltr'>amentia</span> <span class='ocrx_word' id='word_1_27' title='bbox 1396 235 1503 271; x_wconf 90' lang='lat' dir='ltr'>prae-</span> 
     </span>
     <span class='ocr_line' id='line_1_8' title="bbox 169 288 1500 340; baseline -0.003 -11"><span class='ocrx_word' id='word_1_28' title='bbox 169 290 274 328; x_wconf 87' lang='lat' dir='ltr'>ditus</span> <span class='ocrx_word' id='word_1_29' title='bbox 303 298 423 340; x_wconf 90' lang='lat' dir='ltr'>atque</span> <span class='ocrx_word' id='word_1_30' title='bbox 451 290 618 328; x_wconf 90' lang='lat' dir='ltr'>audacia</span> <span class='ocrx_word' id='word_1_31' title='bbox 645 288 751 327; x_wconf 87' lang='lat' dir='ltr'>fuisti</span> <span class='ocrx_word' id='word_1_32' title='bbox 781 297 823 327; x_wconf 92' lang='lat' dir='ltr'>ut</span> <span class='ocrx_word' id='word_1_33' title='bbox 853 289 893 326; x_wconf 92' lang='lat' dir='ltr'>in</span> <span class='ocrx_word' id='word_1_34' title='bbox 923 303 962 327; x_wconf 91' lang='lat' dir='ltr'>re</span> <span class='ocrx_word' id='word_1_35' title='bbox 983 296 1063 326; x_wconf 88' lang='lat' dir='ltr'>tam</span> <span class='ocrx_word' id='word_1_36' title='bbox 1091 290 1204 334; x_wconf 87' lang='lat' dir='ltr'>clara,</span> <span class='ocrx_word' id='word_1_37' title='bbox 1237 296 1317 326; x_wconf 91' lang='lat' dir='ltr'>tam</span> <span class='ocrx_word' id='word_1_38' title='bbox 1348 295 1500 334; x_wconf 85' lang='lat' dir='ltr'>testata,</span> 
     </span>
     <span class='ocr_line' id='line_1_9' title="bbox 169 353 1502 404; baseline -0.003 -10"><span class='ocrx_word' id='word_1_39' title='bbox 169 363 250 393; x_wconf 84' lang='lat' dir='ltr'>tam</span> <span class='ocrx_word' id='word_1_40' title='bbox 281 356 351 394; x_wconf 88' lang='lat' dir='ltr'>abs</span> <span class='ocrx_word' id='word_1_41' title='bbox 385 363 422 394; x_wconf 93' lang='lat' dir='ltr'>te</span> <span class='ocrx_word' id='word_1_42' title='bbox 461 355 548 404; x_wconf 89' lang='lat' dir='ltr'>ipso</span> <span class='ocrx_word' id='word_1_43' title='bbox 587 355 813 404; x_wconf 76' lang='lat' dir='ltr'>pervulgata</span> <span class='ocrx_word' id='word_1_44' title='bbox 847 355 1000 392; x_wconf 84' lang='lat' dir='ltr'>tabulas</span> <span class='ocrx_word' id='word_1_45' title='bbox 1032 353 1210 404; x_wconf 90' lang='lat' dir='ltr'>publicas</span> <span class='ocrx_word' id='word_1_46' title='bbox 1249 365 1502 402; x_wconf 90' lang='lat' dir='ltr'>corrumpere</span> 
     </span>
     <span class='ocr_line' id='line_1_10' title="bbox 169 417 1502 470; baseline -0.003 -11"><span class='ocrx_word' id='word_1_47' title='bbox 169 422 363 459; x_wconf 78' lang='lat' dir='ltr'><strong>auderes?</strong></span> <span class='ocrx_word' id='word_1_48' title='bbox 419 422 472 458; x_wconf 83' lang='lat' dir='ltr'>At</span> <span class='ocrx_word' id='word_1_49' title='bbox 507 433 626 470; x_wconf 90' lang='lat' dir='ltr'>quem</span> <span class='ocrx_word' id='word_1_50' title='bbox 656 421 707 458; x_wconf 89' lang='lat' dir='ltr'>ad</span> <span class='ocrx_word' id='word_1_51' title='bbox 743 420 907 457; x_wconf 87' lang='lat' dir='ltr'>modurn</span> <span class='ocrx_word' id='word_1_52' title='bbox 943 418 1178 469; x_wconf 85' lang='lat' dir='ltr'>corrupisti?</span> <span class='ocrx_word' id='word_1_53' title='bbox 1213 430 1347 456; x_wconf 88' lang='lat' dir='ltr'>nonne</span> <span class='ocrx_word' id='word_1_54' title='bbox 1377 417 1430 455; x_wconf 87' lang='lat' dir='ltr'>ita</span> <span class='ocrx_word' id='word_1_55' title='bbox 1460 425 1502 455; x_wconf 89' lang='lat' dir='ltr'>ut</span> 
     </span>
     <span class='ocr_line' id='line_1_11' title="bbox 170 483 1503 533; baseline -0.004 -9"><span class='ocrx_word' id='word_1_56' title='bbox 170 486 355 524; x_wconf 90' lang='lat' dir='ltr'>omnibus</span> <span class='ocrx_word' id='word_1_57' title='bbox 376 485 491 523; x_wconf 89' lang='lat' dir='ltr'>nobis</span> <span class='ocrx_word' id='word_1_58' title='bbox 516 484 738 523; x_wconf 84' lang='lat' dir='ltr'>tacentibus</span> <span class='ocrx_word' id='word_1_59' title='bbox 759 483 867 533; x_wconf 87' lang='lat' dir='ltr'>ipsae</span> <span class='ocrx_word' id='word_1_60' title='bbox 887 491 977 522; x_wconf 90' lang='lat' dir='ltr'>tuae</span> <span class='ocrx_word' id='word_1_61' title='bbox 999 492 1036 522; x_wconf 90' lang='lat' dir='ltr'>te</span> <span class='ocrx_word' id='word_1_62' title='bbox 1057 484 1214 521; x_wconf 91' lang='lat' dir='ltr'>tabulae</span> <span class='ocrx_word' id='word_1_63' title='bbox 1235 483 1503 521; x_wconf 87' lang='lat' dir='ltr'>condemnare</span> 
     </span>
     <span class='ocr_line' id='line_1_12' title="bbox 170 548 1501 602; baseline -0.004 -13"><span class='ocrx_word' id='word_1_64' title='bbox 170 553 359 602; x_wconf 80' lang='lat' dir='ltr'>possent?</span> <span class='ocrx_word' id='word_1_65' title='bbox 427 551 551 597; x_wconf 85' lang='lat' dir='ltr'>Cedo,</span> <span class='ocrx_word' id='word_1_66' title='bbox 602 563 761 600; x_wconf 81' lang='lat' dir='ltr'>quaeso,</span> <span class='ocrx_word' id='word_1_67' title='bbox 812 548 1004 595; x_wconf 85' lang='lat' dir='ltr'>codicem,</span> <span class='ocrx_word' id='word_1_68' title='bbox 1056 548 1272 594; x_wconf 87' lang='lat' dir='ltr'>circumfer,</span> <span class='ocrx_word' id='word_1_69' title='bbox 1321 548 1501 585; x_wconf 88' lang='lat' dir='ltr'>ostende.</span> 
     </span>
     <span class='ocr_line' id='line_1_13' title="bbox 169 613 1503 661; baseline -0.004 -6"><span class='ocrx_word' id='word_1_70' title='bbox 169 617 377 655; x_wconf 81' lang='lat' dir='ltr'>Videtisne</span> <span class='ocrx_word' id='word_1_71' title='bbox 402 623 529 654; x_wconf 90' lang='lat' dir='ltr'>totum</span> <span class='ocrx_word' id='word_1_72' title='bbox 551 617 627 654; x_wconf 92' lang='lat' dir='ltr'>hoc</span> <span class='ocrx_word' id='word_1_73' title='bbox 657 629 816 661; x_wconf 89' lang='lat' dir='ltr'>nomen,</span> <span class='ocrx_word' id='word_1_74' title='bbox 843 628 974 653; x_wconf 88' lang='lat' dir='ltr'>coram</span> <span class='ocrx_word' id='word_1_75' title='bbox 995 614 1062 652; x_wconf 90' lang='lat' dir='ltr'>ubi</span> <span class='ocrx_word' id='word_1_76' title='bbox 1093 613 1185 652; x_wconf 85' lang='lat' dir='ltr'>facit</span> <span class='ocrx_word' id='word_1_77' title='bbox 1206 615 1393 658; x_wconf 85' lang='lat' dir='ltr'>delatum,</span> <span class='ocrx_word' id='word_1_78' title='bbox 1417 626 1503 651; x_wconf 88' lang='lat' dir='ltr'>esse</span> 
     </span>
     <span class='ocr_line' id='line_1_14' title="bbox 169 679 1502 730; baseline -0.004 -10"><span class='ocrx_word' id='word_1_79' title='bbox 169 682 209 720; x_wconf 90' lang='lat' dir='ltr'>in</span> <span class='ocrx_word' id='word_1_80' title='bbox 243 681 385 720; x_wconf 87' lang='lat' dir='ltr'>litura?</span> <span class='ocrx_word' id='word_1_81' title='bbox 442 681 553 730; x_wconf 85' lang='lat' dir='ltr'>Quid</span> <span class='ocrx_word' id='word_1_82' title='bbox 572 681 644 719; x_wconf 90' lang='lat' dir='ltr'>fuit</span> <span class='ocrx_word' id='word_1_83' title='bbox 668 680 755 718; x_wconf 86' lang='lat' dir='ltr'>istic</span> <span class='ocrx_word' id='word_1_84' title='bbox 781 687 898 719; x_wconf 87' lang='lat' dir='ltr'>antea</span> <span class='ocrx_word' id='word_1_85' title='bbox 923 679 1144 730; x_wconf 87' lang='lat' dir='ltr'>scriptum?</span> <span class='ocrx_word' id='word_1_86' title='bbox 1175 679 1284 729; x_wconf 89' lang='lat' dir='ltr'>quod</span> <span class='ocrx_word' id='word_1_87' title='bbox 1311 679 1502 716; x_wconf 84' lang='lat' dir='ltr'>mendum</span> 
     </span>
     <span class='ocr_line' id='line_1_15' title="bbox 169 742 1503 796; baseline -0.004 -11"><span class='ocrx_word' id='word_1_88' title='bbox 169 747 243 785; x_wconf 89' lang='lat' dir='ltr'>ista</span> <span class='ocrx_word' id='word_1_89' title='bbox 280 747 394 785; x_wconf 90' lang='lat' dir='ltr'>litura</span> <span class='ocrx_word' id='word_1_90' title='bbox 437 746 634 785; x_wconf 85' lang='lat' dir='ltr'>correxit?</span> <span class='ocrx_word' id='word_1_91' title='bbox 692 745 801 796; x_wconf 86' lang='lat' dir='ltr'>Quid</span> <span class='ocrx_word' id='word_1_92' title='bbox 839 759 862 784; x_wconf 87' lang='lat' dir='ltr'>a</span> <span class='ocrx_word' id='word_1_93' title='bbox 901 745 1027 791; x_wconf 90' lang='lat' dir='ltr'>nobis,</span> <span class='ocrx_word' id='word_1_94' title='bbox 1070 744 1233 791; x_wconf 77' lang='lat' dir='ltr'>iudices,</span> <span class='ocrx_word' id='word_1_95' title='bbox 1270 742 1503 793; x_wconf 83' lang='lat' dir='ltr'>exspectatis</span> 
     </span>
     <span class='ocr_line' id='line_1_16' title="bbox 168 809 1503 863; baseline -0.004 -12"><span class='ocrx_word' id='word_1_96' title='bbox 168 819 398 863; x_wconf 85' lang='lat' dir='ltr'>argumenta</span> <span class='ocrx_word' id='word_1_97' title='bbox 432 811 550 849; x_wconf 91' lang='lat' dir='ltr'>huius</span> <span class='ocrx_word' id='word_1_98' title='bbox 584 811 789 849; x_wconf 89' lang='lat' dir='ltr'>criminis?</span> <span class='ocrx_word' id='word_1_99' title='bbox 847 810 957 848; x_wconf 87' lang='lat' dir='ltr'>Nihil</span> <span class='ocrx_word' id='word_1_100' title='bbox 991 810 1185 856; x_wconf 85' lang='lat' dir='ltr'>dicimus;</span> <span class='ocrx_word' id='word_1_101' title='bbox 1223 809 1381 847; x_wconf 85' lang='lat' dir='ltr'>tabulae</span> <span class='ocrx_word' id='word_1_102' title='bbox 1412 816 1503 846; x_wconf 90' lang='lat' dir='ltr'>sunt</span> 
     </span>
     <span class='ocr_line' id='line_1_17' title="bbox 169 874 1500 927; baseline -0.005 -11"><span class='ocrx_word' id='word_1_103' title='bbox 169 878 209 916; x_wconf 92' lang='lat' dir='ltr'>in</span> <span class='ocrx_word' id='word_1_104' title='bbox 239 877 383 923; x_wconf 87' lang='lat' dir='ltr'>medio,</span> <span class='ocrx_word' id='word_1_105' title='bbox 416 890 519 927; x_wconf 89' lang='lat' dir='ltr'>quae</span> <span class='ocrx_word' id='word_1_106' title='bbox 546 890 587 914; x_wconf 86' lang='lat' dir='ltr'>se</span> <span class='ocrx_word' id='word_1_107' title='bbox 616 884 818 926; x_wconf 87' lang='lat' dir='ltr'>corruptas</span> <span class='ocrx_word' id='word_1_108' title='bbox 842 884 961 925; x_wconf 88' lang='lat' dir='ltr'>atque</span> <span class='ocrx_word' id='word_1_109' title='bbox 988 874 1176 913; x_wconf 88' lang='lat' dir='ltr'>interlitas</span> <span class='ocrx_word' id='word_1_110' title='bbox 1203 887 1289 912; x_wconf 86' lang='lat' dir='ltr'>esse</span> <span class='ocrx_word' id='word_1_111' title='bbox 1318 875 1500 911; x_wconf 89' lang='lat' dir='ltr'>clamant.</span> 
     </span>
     <span class='ocr_line' id='line_1_18' title="bbox 170 938 1502 991; baseline -0.005 -10"><span class='ocrx_word' id='word_1_112' title='bbox 170 945 230 981; x_wconf 87' lang='lat' dir='ltr'>Ex</span> <span class='ocrx_word' id='word_1_113' title='bbox 268 942 350 981; x_wconf 88' lang='lat' dir='ltr'>istis</span> <span class='ocrx_word' id='word_1_114' title='bbox 389 942 507 980; x_wconf 90' lang='lat' dir='ltr'>etiam</span> <span class='ocrx_word' id='word_1_115' title='bbox 540 950 581 980; x_wconf 89' lang='lat' dir='ltr'>tu</span> <span class='ocrx_word' id='word_1_116' title='bbox 613 942 730 980; x_wconf 87' lang='lat' dir='ltr'>rebus</span> <span class='ocrx_word' id='word_1_117' title='bbox 765 942 936 991; x_wconf 79' lang='lat' dir='ltr'>effugere</span> <span class='ocrx_word' id='word_1_118' title='bbox 969 949 1008 978; x_wconf 90' lang='lat' dir='ltr'>te</span> <span class='ocrx_word' id='word_1_119' title='bbox 1046 953 1162 989; x_wconf 89' lang='lat' dir='ltr'>posse</span> <span class='ocrx_word' id='word_1_120' title='bbox 1197 938 1376 985; x_wconf 88' lang='lat' dir='ltr'>confidis,</span> <span class='ocrx_word' id='word_1_121' title='bbox 1410 951 1502 976; x_wconf 91' lang='lat' dir='ltr'>cum</span> 
     </span>
     <span class='ocr_line' id='line_1_19' title="bbox 169 1004 1500 1056; baseline -0.005 -9"><span class='ocrx_word' id='word_1_122' title='bbox 169 1016 207 1047; x_wconf 91' lang='lat' dir='ltr'>te</span> <span class='ocrx_word' id='word_1_123' title='bbox 231 1021 304 1046; x_wconf 89' lang='lat' dir='ltr'>nos</span> <span class='ocrx_word' id='word_1_124' title='bbox 332 1021 412 1046; x_wconf 87' lang='lat' dir='ltr'>non</span> <span class='ocrx_word' id='word_1_125' title='bbox 439 1006 629 1056; x_wconf 87' lang='lat' dir='ltr'>opinione</span> <span class='ocrx_word' id='word_1_126' title='bbox 654 1005 786 1052; x_wconf 86' lang='lat' dir='ltr'>dubia,</span> <span class='ocrx_word' id='word_1_127' title='bbox 809 1007 879 1044; x_wconf 86' lang='lat' dir='ltr'>sed</span> <span class='ocrx_word' id='word_1_128' title='bbox 908 1004 984 1043; x_wconf 88' lang='lat' dir='ltr'>tuis</span> <span class='ocrx_word' id='word_1_129' title='bbox 1011 1004 1182 1054; x_wconf 84' lang='lat' dir='ltr'>vestigiis</span> <span class='ocrx_word' id='word_1_130' title='bbox 1208 1016 1500 1054; x_wconf 81' lang='lat' dir='ltr'>persequamur,</span> 
     </span>
     <span class='ocr_line' id='line_1_20' title="bbox 169 1067 1504 1124; baseline -0.005 -12"><span class='ocrx_word' id='word_1_131' title='bbox 169 1087 271 1124; x_wconf 87' lang='lat' dir='ltr'>quae</span> <span class='ocrx_word' id='word_1_132' title='bbox 298 1081 340 1111; x_wconf 92' lang='lat' dir='ltr'>tu</span> <span class='ocrx_word' id='word_1_133' title='bbox 367 1072 408 1110; x_wconf 91' lang='lat' dir='ltr'>in</span> <span class='ocrx_word' id='word_1_134' title='bbox 433 1071 576 1110; x_wconf 88' lang='lat' dir='ltr'>tabulis</span> <span class='ocrx_word' id='word_1_135' title='bbox 602 1071 770 1121; x_wconf 87' lang='lat' dir='ltr'>publicis</span> <span class='ocrx_word' id='word_1_136' title='bbox 802 1084 984 1120; x_wconf 87' lang='lat' dir='ltr'>expressa</span> <span class='ocrx_word' id='word_1_137' title='bbox 1011 1083 1058 1108; x_wconf 89' lang='lat' dir='ltr'>ac</span> <span class='ocrx_word' id='word_1_138' title='bbox 1082 1068 1254 1107; x_wconf 84' lang='lat' dir='ltr'>recentia</span> <span class='ocrx_word' id='word_1_139' title='bbox 1284 1067 1504 1118; x_wconf 87' lang='lat' dir='ltr'>reliquisti?</span> 
     </span>
     <span class='ocr_line' id='line_1_21' title="bbox 171 1134 1503 1186; baseline -0.004 -9"><span class='ocrx_word' id='word_1_140' title='bbox 171 1141 210 1177; x_wconf 90' lang='lat' dir='ltr'>Is</span> <span class='ocrx_word' id='word_1_141' title='bbox 241 1137 337 1176; x_wconf 89' lang='lat' dir='ltr'>mihi</span> <span class='ocrx_word' id='word_1_142' title='bbox 368 1137 486 1176; x_wconf 88' lang='lat' dir='ltr'>etiam</span> <span class='ocrx_word' id='word_1_143' title='bbox 519 1136 726 1176; x_wconf 85' lang='lat' dir='ltr'>Sthenium</span> <span class='ocrx_word' id='word_1_144' title='bbox 751 1136 898 1174; x_wconf 87' lang='lat' dir='ltr'>litteras</span> <span class='ocrx_word' id='word_1_145' title='bbox 929 1135 1106 1186; x_wconf 89' lang='lat' dir='ltr'>publicas</span> <span class='ocrx_word' id='word_1_146' title='bbox 1137 1134 1356 1184; x_wconf 88' lang='lat' dir='ltr'>corrupisse</span> <span class='ocrx_word' id='word_1_147' title='bbox 1385 1146 1503 1172; x_wconf 89' lang='lat' dir='ltr'>causa</span> 
     </span>
     <span class='ocr_line' id='line_1_22' title="bbox 169 1200 1502 1254; baseline -0.005 -11"><span class='ocrx_word' id='word_1_148' title='bbox 169 1203 369 1254; x_wconf 87' lang='lat' dir='ltr'>incognita</span> <span class='ocrx_word' id='word_1_149' title='bbox 400 1202 598 1249; x_wconf 87' lang='lat' dir='ltr'>iudicavit,</span> <span class='ocrx_word' id='word_1_150' title='bbox 633 1202 701 1252; x_wconf 92' lang='lat' dir='ltr'>qui</span> <span class='ocrx_word' id='word_1_151' title='bbox 740 1203 953 1241; x_wconf 83' lang='lat' dir='ltr'>defendere</span> <span class='ocrx_word' id='word_1_152' title='bbox 991 1215 1072 1239; x_wconf 92' lang='lat' dir='ltr'>non</span> <span class='ocrx_word' id='word_1_153' title='bbox 1107 1200 1249 1251; x_wconf 86' lang='lat' dir='ltr'>poterit</span> <span class='ocrx_word' id='word_1_154' title='bbox 1280 1214 1322 1238; x_wconf 94' lang='lat' dir='ltr'>se</span> <span class='ocrx_word' id='word_1_155' title='bbox 1352 1213 1432 1238; x_wconf 89' lang='lat' dir='ltr'>non</span> <span class='ocrx_word' id='word_1_156' title='bbox 1461 1200 1502 1238; x_wconf 83' lang='lat' dir='ltr'>in</span> 
     </span>
     <span class='ocr_line' id='line_1_23' title="bbox 170 1265 1270 1320; baseline -0.005 -12"><span class='ocrx_word' id='word_1_157' title='bbox 170 1269 292 1320; x_wconf 89' lang='lat' dir='ltr'>ipsius</span> <span class='ocrx_word' id='word_1_158' title='bbox 313 1268 451 1307; x_wconf 90' lang='lat' dir='ltr'>Stheni</span> <span class='ocrx_word' id='word_1_159' title='bbox 472 1267 634 1307; x_wconf 89' lang='lat' dir='ltr'>nomine</span> <span class='ocrx_word' id='word_1_160' title='bbox 654 1267 800 1306; x_wconf 79' lang='lat' dir='ltr'>litteras</span> <span class='ocrx_word' id='word_1_161' title='bbox 821 1267 1000 1317; x_wconf 90' lang='lat' dir='ltr'>publicas</span> <span class='ocrx_word' id='word_1_162' title='bbox 1021 1265 1270 1316; x_wconf 89' lang='lat' dir='ltr'>corrupisse?</span> 
     </span>
    </p>

    <p class='ocr_par' dir='ltr' id='par_1_7' title="bbox 168 1329 1503 2037">
     <span class='ocr_line' id='line_1_24' title="bbox 224 1329 1502 1384; baseline -0.004 -11"><span class='ocrx_word' id='word_1_163' title='bbox 224 1334 369 1373; x_wconf 90' lang='lat' dir='ltr'>Videte</span> <span class='ocrx_word' id='word_1_164' title='bbox 398 1347 515 1384; x_wconf 92' lang='lat' dir='ltr'>porro</span> <span class='ocrx_word' id='word_1_165' title='bbox 544 1333 661 1371; x_wconf 88' lang='lat' dir='ltr'>aliam</span> <span class='ocrx_word' id='word_1_166' title='bbox 688 1332 929 1379; x_wconf 77' lang='lat' dir='ltr'>amentiam3</span> <span class='ocrx_word' id='word_1_167' title='bbox 958 1332 1089 1370; x_wconf 89' lang='lat' dir='ltr'>videte</span> <span class='ocrx_word' id='word_1_168' title='bbox 1117 1338 1171 1378; x_wconf 93' lang='lat' dir='ltr'>ut,</span> <span class='ocrx_word' id='word_1_169' title='bbox 1194 1332 1291 1369; x_wconf 89' lang='lat' dir='ltr'>dum</span> <span class='ocrx_word' id='word_1_170' title='bbox 1318 1329 1502 1380; x_wconf 82' lang='lat' dir='ltr'>expedire</span> 
     </span>
     <span class='ocr_line' id='line_1_25' title="bbox 170 1395 1502 1448; baseline -0.005 -10"><span class='ocrx_word' id='word_1_171' title='bbox 170 1413 256 1438; x_wconf 88' lang='lat' dir='ltr'>sese</span> <span class='ocrx_word' id='word_1_172' title='bbox 286 1401 381 1448; x_wconf 87' lang='lat' dir='ltr'>vult,</span> <span class='ocrx_word' id='word_1_173' title='bbox 412 1399 561 1437; x_wconf 88' lang='lat' dir='ltr'>induat.</span> <span class='ocrx_word' id='word_1_174' title='bbox 622 1397 878 1447; x_wconf 88' lang='lat' dir='ltr'>Cognitorem</span> <span class='ocrx_word' id='word_1_175' title='bbox 911 1396 1099 1435; x_wconf 82' lang='lat' dir='ltr'>adscribit</span> <span class='ocrx_word' id='word_1_176' title='bbox 1131 1395 1502 1444; x_wconf 71' lang='lat' dir='ltr'>Sthenio-quem?</span> 
     </span>
     <span class='ocr_line' id='line_1_26' title="bbox 169 1460 1501 1516; baseline -0.005 -12"><span class='ocrx_word' id='word_1_177' title='bbox 169 1473 381 1516; x_wconf 87' lang='lat' dir='ltr'>cognatum</span> <span class='ocrx_word' id='word_1_178' title='bbox 411 1464 583 1514; x_wconf 85' lang='lat' dir='ltr'>aliquem</span> <span class='ocrx_word' id='word_1_179' title='bbox 611 1471 678 1502; x_wconf 92' lang='lat' dir='ltr'>aut</span> <span class='ocrx_word' id='word_1_180' title='bbox 706 1463 1004 1514; x_wconf 86' lang='lat' dir='ltr'>propinquum?</span> <span class='ocrx_word' id='word_1_181' title='bbox 1061 1464 1165 1500; x_wconf 93' lang='lat' dir='ltr'>Non.</span> <span class='ocrx_word' id='word_1_182' title='bbox 1198 1460 1501 1499; x_wconf 85' lang='lat' dir='ltr'>Thermitanum</span> 
     </span>
     <span class='ocr_line' id='line_1_27' title="bbox 168 1525 1499 1582; baseline -0.006 -12"><span class='ocrx_word' id='word_1_183' title='bbox 168 1531 352 1582; x_wconf 80' lang='lat' dir='ltr'>aliquem,</span> <span class='ocrx_word' id='word_1_184' title='bbox 376 1532 589 1569; x_wconf 87' lang='lat' dir='ltr'>honestum</span> <span class='ocrx_word' id='word_1_185' title='bbox 616 1529 819 1568; x_wconf 88' lang='lat' dir='ltr'>hominem</span> <span class='ocrx_word' id='word_1_186' title='bbox 844 1542 891 1567; x_wconf 93' lang='lat' dir='ltr'>ac</span> <span class='ocrx_word' id='word_1_187' title='bbox 916 1528 1122 1566; x_wconf 89' lang='lat' dir='ltr'>nobilem?</span> <span class='ocrx_word' id='word_1_188' title='bbox 1178 1528 1241 1565; x_wconf 89' lang='lat' dir='ltr'>Ne</span> <span class='ocrx_word' id='word_1_189' title='bbox 1261 1526 1301 1564; x_wconf 88' lang='lat' dir='ltr'>id</span> <span class='ocrx_word' id='word_1_190' title='bbox 1326 1525 1499 1575; x_wconf 88' lang='lat' dir='ltr'>quidem.</span> 
     </span>
     <span class='ocr_line' id='line_1_28' title="bbox 171 1591 1503 1644; baseline -0.005 -10"><span class='ocrx_word' id='word_1_191' title='bbox 171 1598 223 1635; x_wconf 86' lang='lat' dir='ltr'>At</span> <span class='ocrx_word' id='word_1_192' title='bbox 254 1596 442 1643; x_wconf 89' lang='lat' dir='ltr'>Siculum,</span> <span class='ocrx_word' id='word_1_193' title='bbox 478 1594 518 1632; x_wconf 87' lang='lat' dir='ltr'>in</span> <span class='ocrx_word' id='word_1_194' title='bbox 557 1607 638 1644; x_wconf 91' lang='lat' dir='ltr'>quo</span> <span class='ocrx_word' id='word_1_195' title='bbox 676 1593 817 1644; x_wconf 87' lang='lat' dir='ltr'>aliquis</span> <span class='ocrx_word' id='word_1_196' title='bbox 857 1595 1044 1643; x_wconf 82' lang='lat' dir='ltr'>splendor</span> <span class='ocrx_word' id='word_1_197' title='bbox 1082 1591 1332 1642; x_wconf 83' lang='lat' dir='ltr'>dignitasque</span> <span class='ocrx_word' id='word_1_198' title='bbox 1371 1591 1503 1629; x_wconf 84' lang='lat' dir='ltr'>esset?</span> 
     </span>
     <span class='ocr_line' id='line_1_29' title="bbox 171 1656 1503 1709; baseline -0.005 -10"><span class='ocrx_word' id='word_1_199' title='bbox 171 1660 394 1699; x_wconf 88' lang='lat' dir='ltr'>Neminem.</span> <span class='ocrx_word' id='word_1_200' title='bbox 447 1659 555 1709; x_wconf 86' lang='lat' dir='ltr'>Quid</span> <span class='ocrx_word' id='word_1_201' title='bbox 577 1659 720 1708; x_wconf 78' lang='lat' dir='ltr'>igitur?</span> <span class='ocrx_word' id='word_1_202' title='bbox 768 1658 906 1697; x_wconf 80' lang='lat' dir='ltr'>Civem</span> <span class='ocrx_word' id='word_1_203' title='bbox 930 1660 1168 1697; x_wconf 88' lang='lat' dir='ltr'>Romanum.</span> <span class='ocrx_word' id='word_1_204' title='bbox 1224 1656 1298 1696; x_wconf 93' lang='lat' dir='ltr'>Cui</span> <span class='ocrx_word' id='word_1_205' title='bbox 1322 1657 1397 1693; x_wconf 90' lang='lat' dir='ltr'>hoc</span> <span class='ocrx_word' id='word_1_206' title='bbox 1417 1668 1503 1705; x_wconf 90' lang='lat' dir='ltr'>pro—</span> 
     </span>
     <span class='ocr_line' id='line_1_30' title="bbox 170 1720 1498 1776; baseline -0.005 -13"><span class='ocrx_word' id='word_1_207' title='bbox 170 1726 251 1764; x_wconf 88' lang='lat' dir='ltr'>bari</span> <span class='ocrx_word' id='word_1_208' title='bbox 273 1727 431 1776; x_wconf 88' lang='lat' dir='ltr'>potest?</span> <span class='ocrx_word' id='word_1_209' title='bbox 471 1726 574 1764; x_wconf 91' lang='lat' dir='ltr'>Cum</span> <span class='ocrx_word' id='word_1_210' title='bbox 596 1732 698 1763; x_wconf 87' lang='lat' dir='ltr'>esset</span> <span class='ocrx_word' id='word_1_211' title='bbox 718 1723 905 1763; x_wconf 87' lang='lat' dir='ltr'>Sthenius</span> <span class='ocrx_word' id='word_1_212' title='bbox 925 1723 1091 1762; x_wconf 85' lang='lat' dir='ltr'>civitatis</span> <span class='ocrx_word' id='word_1_213' title='bbox 1112 1736 1204 1760; x_wconf 83' lang='lat' dir='ltr'>suae</span> <span class='ocrx_word' id='word_1_214' title='bbox 1220 1720 1498 1766; x_wconf 84' lang='lat' dir='ltr'>nobilissimus,</span> 
     </span>
     <span class='ocr_line' id='line_1_31' title="bbox 169 1787 1502 1841; baseline -0.005 -12"><span class='ocrx_word' id='word_1_215' title='bbox 169 1791 411 1841; x_wconf 81' lang='lat' dir='ltr'>amplissima</span> <span class='ocrx_word' id='word_1_216' title='bbox 449 1790 699 1840; x_wconf 82' lang='lat' dir='ltr'>cognatione,</span> <span class='ocrx_word' id='word_1_217' title='bbox 733 1788 910 1839; x_wconf 81' lang='lat' dir='ltr'>plurimis</span> <span class='ocrx_word' id='word_1_218' title='bbox 949 1787 1143 1835; x_wconf 83' lang='lat' dir='ltr'>amicitiis,</span> <span class='ocrx_word' id='word_1_219' title='bbox 1177 1800 1267 1825; x_wconf 92' lang='lat' dir='ltr'>cum</span> <span class='ocrx_word' id='word_1_220' title='bbox 1303 1794 1502 1836; x_wconf 84' lang='lat' dir='ltr'>praeterea</span> 
     </span>
     <span class='ocr_line' id='line_1_32' title="bbox 170 1850 1502 1903; baseline -0.005 -9"><span class='ocrx_word' id='word_1_221' title='bbox 170 1864 252 1894; x_wconf 88' lang='lat' dir='ltr'>tota</span> <span class='ocrx_word' id='word_1_222' title='bbox 283 1855 414 1894; x_wconf 90' lang='lat' dir='ltr'>Sicilia</span> <span class='ocrx_word' id='word_1_223' title='bbox 448 1857 615 1893; x_wconf 90' lang='lat' dir='ltr'>multum</span> <span class='ocrx_word' id='word_1_224' title='bbox 654 1853 886 1893; x_wconf 85' lang='lat' dir='ltr'>auctoritate</span> <span class='ocrx_word' id='word_1_225' title='bbox 925 1861 964 1893; x_wconf 90' lang='lat' dir='ltr'>et</span> <span class='ocrx_word' id='word_1_226' title='bbox 994 1853 1116 1903; x_wconf 85' lang='lat' dir='ltr'>gratia</span> <span class='ocrx_word' id='word_1_227' title='bbox 1149 1859 1293 1902; x_wconf 87' lang='lat' dir='ltr'>posset,</span> <span class='ocrx_word' id='word_1_228' title='bbox 1327 1850 1502 1888; x_wconf 85' lang='lat' dir='ltr'>invenire</span> 
     </span>
     <span class='ocr_line' id='line_1_33' title="bbox 170 1917 1499 1970; baseline -0.005 -11"><span class='ocrx_word' id='word_1_229' title='bbox 170 1923 370 1960; x_wconf 89' lang='lat' dir='ltr'>neminem</span> <span class='ocrx_word' id='word_1_230' title='bbox 392 1921 567 1959; x_wconf 85' lang='lat' dir='ltr'>Siculum</span> <span class='ocrx_word' id='word_1_231' title='bbox 596 1920 723 1970; x_wconf 88' lang='lat' dir='ltr'>potuit</span> <span class='ocrx_word' id='word_1_232' title='bbox 745 1919 810 1969; x_wconf 89' lang='lat' dir='ltr'>qui</span> <span class='ocrx_word' id='word_1_233' title='bbox 834 1933 904 1969; x_wconf 89' lang='lat' dir='ltr'>pro</span> <span class='ocrx_word' id='word_1_234' title='bbox 934 1933 975 1957; x_wconf 85' lang='lat' dir='ltr'>se</span> <span class='ocrx_word' id='word_1_235' title='bbox 1003 1918 1181 1969; x_wconf 83' lang='lat' dir='ltr'>cognitor</span> <span class='ocrx_word' id='word_1_236' title='bbox 1206 1918 1348 1955; x_wconf 84' lang='lat' dir='ltr'>fieret?</span> <span class='ocrx_word' id='word_1_237' title='bbox 1406 1917 1499 1953; x_wconf 92' lang='lat' dir='ltr'>Hoc</span> 
     </span>
     <span class='ocr_line' id='line_1_34' title="bbox 170 1979 1496 2037; baseline -0.005 -13"><span class='ocrx_word' id='word_1_238' title='bbox 170 1986 384 2037; x_wconf 86' lang='lat' dir='ltr'>probabis?</span> <span class='ocrx_word' id='word_1_239' title='bbox 441 1988 503 2023; x_wconf 91' lang='lat' dir='ltr'>An</span> <span class='ocrx_word' id='word_1_240' title='bbox 536 1985 618 2035; x_wconf 86' lang='lat' dir='ltr'>ipse</span> <span class='ocrx_word' id='word_1_241' title='bbox 647 1985 772 2023; x_wconf 74' lang='lat' dir='ltr'>civem</span> <span class='ocrx_word' id='word_1_242' title='bbox 805 1986 1033 2022; x_wconf 85' lang='lat' dir='ltr'>Romanum</span> <span class='ocrx_word' id='word_1_243' title='bbox 1064 1983 1229 2021; x_wconf 87' lang='lat' dir='ltr'>maluit?</span> <span class='ocrx_word' id='word_1_244' title='bbox 1287 1982 1400 2021; x_wconf 89' lang='lat' dir='ltr'>Cedo</span> <span class='ocrx_word' id='word_1_245' title='bbox 1434 1979 1496 2018; x_wconf 92' lang='lat' dir='ltr'>cui</span> 
     </span>
    </p>
   </div>
   <div class='ocr_carea' id='block_1_7' title="bbox 1523 430 1541 462">
    <p class='ocr_par' dir='ltr' id='par_1_8' title="bbox 1523 430 1541 462">
     <span class='ocr_line' id='line_1_35' title="bbox 1523 430 1541 462; baseline 0 0"><span class='ocrx_word' id='word_1_246' title='bbox 1523 430 1541 462; x_wconf 89' lang='lat'>5</span> 
     </span>
    </p>
   </div>
   <div class='ocr_carea' id='block_1_8' title="bbox 1528 756 1564 778">
    <p class='ocr_par' dir='ltr' id='par_1_9' title="bbox 1528 756 1564 778">
     <span class='ocr_line' id='line_1_36' title="bbox 1528 756 1564 778; baseline 0.028 -1"><span class='ocrx_word' id='word_1_247' title='bbox 1528 756 1564 778; x_wconf 92' lang='lat'>10</span> 
     </span>
    </p>
   </div>
   <div class='ocr_carea' id='block_1_9' title="bbox 1527 1079 1563 1110">
    <p class='ocr_par' dir='ltr' id='par_1_10' title="bbox 1527 1079 1563 1110">
     <span class='ocr_line' id='line_1_37' title="bbox 1527 1079 1563 1110; baseline 0 0"><span class='ocrx_word' id='word_1_248' title='bbox 1527 1079 1563 1110; x_wconf 84' lang='lat'>15</span> 
     </span>
    </p>
   </div>
   <div class='ocr_carea' id='block_1_10' title="bbox 1524 1407 1564 1429">
    <p class='ocr_par' dir='ltr' id='par_1_11' title="bbox 1524 1407 1564 1429">
     <span class='ocr_line' id='line_1_38' title="bbox 1524 1407 1564 1429; baseline 0 0"><span class='ocrx_word' id='word_1_249' title='bbox 1524 1407 1564 1429; x_wconf 88' lang='lat'>20</span> 
     </span>
    </p>
   </div>
   <div class='ocr_carea' id='block_1_11' title="bbox 1523 1732 1563 1765">
    <p class='ocr_par' dir='ltr' id='par_1_12' title="bbox 1523 1732 1563 1765">
     <span class='ocr_line' id='line_1_39' title="bbox 1523 1732 1563 1765; baseline 0 0"><span class='ocrx_word' id='word_1_250' title='bbox 1523 1732 1563 1765; x_wconf 83' lang='lat'>25</span> 
     </span>
    </p>
   </div>
   <div class='ocr_carea' id='block_1_12' title="bbox 170 2046 1560 2098">
    <p class='ocr_par' dir='ltr' id='par_1_13' title="bbox 170 2046 1560 2098">
     <span class='ocr_line' id='line_1_40' title="bbox 170 2046 1560 2098; baseline -0.006 -8"><span class='ocrx_word' id='word_1_251' title='bbox 170 2052 313 2098; x_wconf 84' lang='lat' dir='ltr'>Siculo,</span> <span class='ocrx_word' id='word_1_252' title='bbox 345 2065 436 2089; x_wconf 90' lang='lat' dir='ltr'>cum</span> <span class='ocrx_word' id='word_1_253' title='bbox 468 2051 499 2088; x_wconf 86' lang='lat' dir='ltr'>is</span> <span class='ocrx_word' id='word_1_254' title='bbox 534 2064 621 2088; x_wconf 89' lang='lat' dir='ltr'>rcus</span> <span class='ocrx_word' id='word_1_255' title='bbox 652 2051 770 2096; x_wconf 83' lang='lat' dir='ltr'>fieret,</span> <span class='ocrx_word' id='word_1_256' title='bbox 802 2049 896 2087; x_wconf 77' lang='lat' dir='ltr'>civis</span> <span class='ocrx_word' id='word_1_257' title='bbox 928 2051 1134 2086; x_wconf 83' lang='lat' dir='ltr'>Romanus</span> <span class='ocrx_word' id='word_1_258' title='bbox 1164 2046 1342 2096; x_wconf 81' lang='lat' dir='ltr'>cognitor</span> <span class='ocrx_word' id='word_1_259' title='bbox 1372 2047 1496 2083; x_wconf 82' lang='lat' dir='ltr'>factus</span> <span class='ocrx_word' id='word_1_260' title='bbox 1516 2054 1560 2086; x_wconf 83' lang='lat'>30</span> 
     </span>
    </p>
   </div>
   <div class='ocr_carea' id='block_1_13' title="bbox 212 2149 1494 2195">
    <p class='ocr_par' dir='ltr' id='par_1_14' title="bbox 212 2149 1494 2195">
     <span class='ocr_line' id='line_1_41' title="bbox 212 2149 1494 2195; baseline -0.006 -8"><span class='ocrx_word' id='word_1_261' title='bbox 212 2159 233 2187; x_wconf 87' lang='lat'><strong>6</strong></span> <span class='ocrx_word' id='word_1_262' title='bbox 257 2162 332 2187; x_wconf 73' lang='lat' dir='ltr'>tuae</span> <span class='ocrx_word' id='word_1_263' title='bbox 359 2161 392 2186; x_wconf 87' lang='lat' dir='ltr'>te</span> <span class='ocrx_word' id='word_1_264' title='bbox 421 2155 475 2186; x_wconf 85' lang='lat'>0:</span> <span class='ocrx_word' id='word_1_265' title='bbox 510 2160 542 2185; x_wconf 88' lang='lat' dir='ltr'>te</span> <span class='ocrx_word' id='word_1_266' title='bbox 575 2165 640 2185; x_wconf 85' lang='lat' dir='ltr'>om.</span> <span class='ocrx_word' id='word_1_267' title='bbox 671 2154 755 2195; x_wconf 70' lang='lat' dir='ltr'>qu:</span> <span class='ocrx_word' id='word_1_268' title='bbox 791 2159 824 2184; x_wconf 87' lang='lat' dir='ltr'>te</span> <span class='ocrx_word' id='word_1_269' title='bbox 857 2158 934 2184; x_wconf 80' lang='lat' dir='ltr'>tuae</span> <span class='ocrx_word' id='word_1_270' title='bbox 962 2152 1051 2193; x_wconf 74' lang='lat' dir='ltr'>vulg.</span> <span class='ocrx_word' id='word_1_271' title='bbox 1082 2153 1171 2191; x_wconf 76' lang='lat' dir='ltr'>(post</span> <span class='ocrx_word' id='word_1_272' title='bbox 1196 2151 1422 2182; x_wconf 77' lang='lat' dir='ltr'>condemnare</span> <span class='ocrx_word' id='word_1_273' title='bbox 1447 2149 1494 2180; x_wconf 81' lang='lat' dir='ltr'>ed.</span> 
     </span>
    </p>
   </div>
   <div class='ocr_carea' id='block_1_14' title="bbox 169 2194 1499 2330">
    <p class='ocr_par' dir='ltr' id='par_1_15' title="bbox 169 2194 1499 2330">
     <span class='ocr_line' id='line_1_42' title="bbox 170 2194 1499 2240; baseline -0.006 -10"><span class='ocrx_word' id='word_1_274' title='bbox 170 2200 287 2240; x_wconf 81' lang='lat' dir='ltr'>Rom.)</span> <span class='ocrx_word' id='word_1_275' title='bbox 401 2209 416 2238; x_wconf 89' lang='lat'><strong>7</strong></span> <span class='ocrx_word' id='word_1_276' title='bbox 442 2200 528 2229; x_wconf 87' lang='lat' dir='ltr'>cedo</span> <span class='ocrx_word' id='word_1_277' title='bbox 553 2198 621 2228; x_wconf 85' lang='lat' dir='ltr'>cO:</span> <span class='ocrx_word' id='word_1_278' title='bbox 657 2209 722 2229; x_wconf 80' lang='lat'><em>0111.</em></span> <span class='ocrx_word' id='word_1_279' title='bbox 745 2197 812 2229; x_wconf 68' lang='lat' dir='ltr'>rell.</span> <span class='ocrx_word' id='word_1_280' title='bbox 926 2199 946 2227; x_wconf 87' lang='lat'>8</span> <span class='ocrx_word' id='word_1_281' title='bbox 970 2197 1034 2227; x_wconf 90' lang='lat' dir='ltr'>hoc</span> <span class='ocrx_word' id='word_1_282' title='bbox 1052 2200 1157 2226; x_wconf 84' lang='lat' dir='ltr'>totum</span> <span class='ocrx_word' id='word_1_283' title='bbox 1178 2194 1208 2225; x_wconf 91' lang='grc' dir='ltr'><em>Ο</em></span> <span class='ocrx_word' id='word_1_284' title='bbox 1326 2203 1362 2232; x_wconf 87' lang='lat'>13</span> <span class='ocrx_word' id='word_1_285' title='bbox 1389 2194 1499 2233; x_wconf 80' lang='lat' dir='ltr'>istisp</span> 
     </span>
     <span class='ocr_line' id='line_1_43' title="bbox 170 2237 1497 2283; baseline -0.007 -9"><span class='ocrx_word' id='word_1_286' title='bbox 170 2244 255 2275; x_wconf 80' lang='lat' dir='ltr'>codd.</span> <span class='ocrx_word' id='word_1_287' title='bbox 274 2247 402 2283; x_wconf 73' lang='lat' dir='ltr'>praescr</span> <span class='ocrx_word' id='word_1_288' title='bbox 418 2242 448 2272; x_wconf 90' lang='lat' dir='ltr'>O</span> <span class='ocrx_word' id='word_1_289' title='bbox 465 2243 548 2283; x_wconf 58' lang='lat' dir='ltr'>(his)</span> <span class='ocrx_word' id='word_1_290' title='bbox 659 2252 694 2280; x_wconf 87' lang='lat'>17</span> <span class='ocrx_word' id='word_1_291' title='bbox 723 2241 848 2280; x_wconf 77' lang='lat' dir='ltr'>poterit</span> <span class='ocrx_word' id='word_1_292' title='bbox 873 2240 990 2280; x_wconf 62' lang='lat' dir='ltr'>Phtyg.</span> <span class='ocrx_word' id='word_1_293' title='bbox 1012 2239 1078 2270; x_wconf 73' lang='lat' dir='ltr'><em>cdd.</em></span> <span class='ocrx_word' id='word_1_294' title='bbox 1098 2251 1105 2269; x_wconf 75' lang='grc' dir='ltr'>ι</span> <span class='ocrx_word' id='word_1_295' title='bbox 1131 2239 1241 2279; x_wconf 85' lang='lat' dir='ltr'>potuit</span> <span class='ocrx_word' id='word_1_296' title='bbox 1257 2237 1324 2268; x_wconf 90' lang='lat' dir='ltr'>cO:</span> <span class='ocrx_word' id='word_1_297' title='bbox 1351 2237 1497 2276; x_wconf 80' lang='lat' dir='ltr'>potuerit</span> 
     </span>
     <span class='ocr_line' id='line_1_44' title="bbox 169 2280 1497 2330; baseline -0.005 -13"><span class='ocrx_word' id='word_1_298' title='bbox 169 2287 268 2330; x_wconf 35' lang='lat' dir='ltr'>b&#39;rcll.</span> <span class='ocrx_word' id='word_1_299' title='bbox 291 2289 324 2326; x_wconf 66' lang='grc' dir='ltr'>(ξ</span> <span class='ocrx_word' id='word_1_300' title='bbox 347 2288 406 2317; x_wconf 85' lang='grc' dir='ltr'>ῐ80</span> <span class='ocrx_word' id='word_1_301' title='bbox 424 2287 523 2326; x_wconf 49' lang='lat' dir='ltr'>infra}</span> <span class='ocrx_word' id='word_1_302' title='bbox 649 2286 680 2314; x_wconf 83' lang='lat' dir='ltr'>in</span> <span class='ocrx_word' id='word_1_303' title='bbox 699 2284 816 2315; x_wconf 67' lang='lat' dir='ltr'>Lamb.</span> <span class='ocrx_word' id='word_1_304' title='bbox 836 2296 843 2314; x_wconf 80' lang='lat' dir='ltr'>t</span> <span class='ocrx_word' id='word_1_305' title='bbox 871 2295 913 2314; x_wconf 81' lang='lat' dir='ltr'>ex</span> <span class='ocrx_word' id='word_1_306' title='bbox 930 2282 1017 2314; x_wconf 82' lang='lat' dir='ltr'><em>codd.</em></span> <span class='ocrx_word' id='word_1_307' title='bbox 1039 2285 1119 2315; x_wconf 83' lang='lat' dir='ltr'>(om.</span> <span class='ocrx_word' id='word_1_308' title='bbox 1141 2281 1202 2323; x_wconf 88' lang='lat' dir='ltr'>cO)</span> <span class='ocrx_word' id='word_1_309' title='bbox 1343 2291 1383 2319; x_wconf 75' lang='lat'>24</span> <span class='ocrx_word' id='word_1_310' title='bbox 1408 2280 1497 2321; x_wconf 81' lang='lat' dir='ltr'>Quid</span> 
     </span>
    </p>
   </div>
   <div class='ocr_carea' id='block_1_15' title="bbox 170 2327 1036 2370">
    <p class='ocr_par' dir='ltr' id='par_1_16' title="bbox 170 2327 1036 2370">
     <span class='ocr_line' id='line_1_45' title="bbox 170 2327 1036 2370; baseline -0.005 -10"><span class='ocrx_word' id='word_1_311' title='bbox 170 2342 250 2370; x_wconf 74' lang='lat' dir='ltr'>crgo</span> <span class='ocrx_word' id='word_1_312' title='bbox 263 2331 300 2370; x_wconf 72' lang='lat' dir='ltr'>(g</span> <span class='ocrx_word' id='word_1_313' title='bbox 317 2336 477 2370; x_wconf 73' lang='lat' dir='ltr'>suprascr.</span> <span class='ocrx_word' id='word_1_314' title='bbox 496 2330 529 2359; x_wconf 51' lang='lat' dir='ltr'>oX</span> <span class='ocrx_word' id='word_1_315' title='bbox 553 2327 583 2358; x_wconf 88' lang='grc' dir='ltr'><em>Ο</em></span> <span class='ocrx_word' id='word_1_316' title='bbox 716 2330 756 2358; x_wconf 73' lang='lat'>28</span> <span class='ocrx_word' id='word_1_317' title='bbox 782 2339 842 2368; x_wconf 84' lang='lat' dir='ltr'>pro</span> <span class='ocrx_word' id='word_1_318' title='bbox 860 2339 896 2358; x_wconf 82' lang='lat' dir='ltr'>se</span> <span class='ocrx_word' id='word_1_319' title='bbox 915 2339 981 2358; x_wconf 84' lang='lat' dir='ltr'>om.</span> <span class='ocrx_word' id='word_1_320' title='bbox 1007 2328 1036 2356; x_wconf 82' lang='lat' dir='ltr'><em>O</em></span> 
     </span>
    </p>
   </div>
  </div>
 </body>
</html>
