1715 2734
145 85 276 124 52138
593 80 649 117 M.
681 81 851 118 TVLLI
883 80 1192 120 CICERONIS

215 204 312 239 ram,
351 198 388 230 et
427 205 469 230 se
507 205 599 231 curn
639 191 714 230 isto
752 191 959 242 diligenter
993 192 1367 240 sermocinaturam3
1404 193 1542 232 reverti

212 255 331 295 iubet.
392 258 496 295 Turn
525 257 758 295 discedunt:
794 257 983 306 postridie
1010 266 1265 296 revertuntur.
1327 259 1455 308 Negat
1477 258 1543 297 illa

211 333 327 370 posse
358 321 561 360 hominem
587 321 759 369 exorari,
789 335 1042 372 permagnam
1073 336 1164 361 eum
1190 322 1322 361 dicere
1349 336 1395 360 ex
1414 322 1480 360 illa
1502 336 1542 360 re

210 385 419 435 pecuniam
441 385 583 424 confici
606 399 732 436 posse.

139 454 190 492 53
265 452 412 489 Vereor
442 464 492 489 ne
521 450 609 500 quis
639 452 737 490 forte
765 452 815 490 de
842 453 1002 502 populo,
1029 452 1096 502 qui
1124 452 1251 502 priore
1280 451 1436 490 actione
1460 464 1541 489 non
1563 469 1580 498 5

208 515 346 562 adfuit,
393 517 501 562 haec,
548 515 640 566 quia
684 524 841 567 propter
883 516 1076 567 insignem
1122 516 1406 567 turpitudinem
1450 525 1542 554 sunt

209 581 464 628 incredibilia,
498 581 590 632 fingi
617 596 640 620 a
667 596 730 621 me
755 582 971 621 arbitretur.
1035 585 1092 621 Ea
1121 596 1190 620 vos
1219 591 1346 629 antea,
1378 582 1538 628 iudices,

130 660 187 693 ¹39
207 647 456 696 cognovistis.
519 646 627 685 Dixit
671 647 817 685 iuratus
857 649 898 685 P.
939 647 1080 694 Titius,
1117 655 1222 685 tutor
1259 647 1395 697 pupilli
1437 648 1541 695 Iuni,

207 711 304 749 dixit
346 713 400 749 M.
445 711 584 750 Iunius
628 720 732 750 tutor
770 720 809 751 et
848 720 1032 761 patruus3
1077 712 1249 750 Mustius
1292 712 1463 758 dixisset,
1509 713 1538 751 si

207 776 362 823 viveret,
399 779 468 815 sed
503 777 650 816 recenti
683 791 722 815 re
754 778 805 816 de
842 777 993 816 Mustio
1027 777 1206 816 auditum
1242 785 1324 823 est3
1363 777 1459 815 dixit
1494 778 1537 815 L.
1563 793 1601 815 ιο

209 841 420 888 Domitius,
444 842 510 892 qui
538 856 629 880 curn
660 842 775 881 sciret
796 855 859 881 me
886 856 933 880 ex
955 842 1106 880 Mustio
1127 842 1216 880 vivo
1239 841 1407 888 audisse,
1430 843 1539 891 quod

207 919 255 944 eo
300 920 386 945 surn
432 921 525 946 usus
569 907 783 958 plurimum
823 907 985 957 (etenim
1027 908 1228 954 iudicium,
1270 908 1379 957 quod
1417 921 1540 958 prope

206 972 385 1010 omnium
423 974 668 1011 fortunarum
701 986 858 1010 suarum
896 974 940 1012 C.
978 973 1149 1011 Mustius
1179 972 1326 1018 habuit,
1361 986 1425 1011 me
1459 986 1540 1011 uno

205 1039 445 1076 defendente
465 1038 586 1088 vicit),
609 1051 701 1076 cum
729 1039 816 1085 hoc,
840 1046 882 1076 ut
906 1038 1008 1085 dico,
1031 1038 1144 1076 sciret
1170 1040 1213 1075 L.
1242 1037 1453 1085 Domitius,
1476 1051 1540 1076 me

205 1102 302 1141 scire
333 1104 385 1141 ad
424 1117 515 1142 eum
548 1117 608 1141 res
647 1103 776 1142 omnis
819 1103 1012 1141 Mustium
1053 1103 1211 1141 solitum
1251 1116 1336 1141 esse
1375 1104 1536 1151 deferre,
1561 1115 1598 1148 15

206 1176 336 1207 tamen
354 1170 404 1207 de
425 1169 649 1209 Chelidone
667 1168 820 1207 reticuit
836 1170 969 1219 quoad
991 1168 1129 1219 potuit,
1147 1168 1224 1207 alio
1240 1168 1538 1219 responsionem

205 1247 316 1272 suam
333 1234 530 1273 derivavit.
575 1237 729 1273 Tantus
745 1234 784 1272 in
801 1236 1054 1273 adulescente
1070 1234 1286 1273 clarissimo
1301 1247 1347 1272 ac
1363 1233 1540 1284 principe

205 1299 417 1338 iuventutis
439 1302 567 1350 pudor
588 1300 659 1338 fuit
680 1308 722 1338 ut
741 1300 914 1350 aliquam
936 1300 1017 1347 diu,
1040 1313 1129 1338 cum
1151 1313 1174 1337 a
1196 1313 1258 1337 me
1284 1306 1536 1349 premeretur,

205 1364 339 1403 omnia
376 1364 507 1415 potius
546 1365 801 1415 responderet
839 1378 958 1415 quam
994 1364 1257 1404 Chelidonem
1293 1363 1539 1411 nominaret;

205 1429 332 1480 primo
367 1430 607 1469 necessarios
642 1430 752 1468 istius
790 1431 841 1468 ad
876 1444 965 1468 eum
1001 1431 1204 1479 adlegatos
1242 1443 1327 1468 esse
1366 1429 1535 1476 dicebat,
1559 1447 1600 1468 20

126 1511 188 1543 140
205 1494 350 1533 deinde
374 1495 589 1544 aliquando
614 1502 774 1533 coactus
800 1495 1065 1534 Chelidonem
1096 1494 1324 1533 nominavit.
1385 1496 1478 1533 Non
1499 1502 1538 1533 te

205 1561 338 1610 pudet,
373 1562 524 1607 Verres,
561 1560 643 1598 eius
683 1559 854 1598 mulieris
893 1560 1080 1598 arbitratu
1119 1559 1285 1609 gessisse
1316 1567 1535 1609 praeturam

204 1639 323 1675 quarn
353 1628 396 1664 L.
432 1625 630 1664 Domitius
660 1626 710 1664 ab
736 1639 777 1664 se
805 1625 998 1664 nominari
1024 1625 1086 1663 vix
1112 1625 1186 1663 sibi
1212 1626 1423 1664 honestum
1450 1639 1537 1664 esse

203 1691 492 1729 arbitrabatur?

134 1760 185 1799 54
260 1756 411 1795 Reiecti
441 1770 463 1794 a
495 1756 716 1796 Chelidone
749 1756 909 1806 capiunt
940 1756 1149 1795 consilium
1183 1755 1459 1803 necessarium,
1491 1764 1533 1794 ut
1554 1770 1594 1802 25

202 1820 416 1870 suscipiant
443 1820 515 1870 ipsi
542 1821 755 1871 negotium.
818 1824 920 1861 Cum
946 1821 1138 1860 Habonio
1158 1829 1296 1868 tutore,
1320 1822 1429 1870 quod
1453 1829 1534 1860 erat

201 1884 263 1922 vix
281 1887 352 1924 Hs
373 1886 632 1936 quadraginta
650 1887 813 1933 milium,
833 1887 1050 1936 transigunt
1073 1888 1143 1925 HS
1165 1886 1346 1925 ducentis
1362 1886 1531 1925 milibus.

203 1950 339 1989 Defert
377 1951 428 1989 ad
468 1950 584 1989 istum
626 1965 707 1989 rem
744 1951 980 1990 Habonius:
1019 1959 1061 1989 ut
1100 1951 1173 1989 sibi
1212 1951 1400 1998 videatur,
1441 1951 1534 1990 satis

199 2016 388 2064 grandem
424 2016 633 2066 pecuniam
669 2024 707 2054 et
746 2016 837 2055 satis
871 2017 1144 2066 impudentem
1180 2030 1275 2055 csse.
1337 2018 1427 2063 Iste,
1465 2016 1532 2066 qui

199 2080 401 2131 aliquanto
431 2083 518 2131 plus
554 2081 773 2132 cogitasset,
806 2083 908 2121 male
942 2082 1084 2132 accipit
1118 2082 1245 2121 verbis
1280 2082 1527 2129 Habonium,
1551 2094 1593 2125 30
1652 2095 1654 2098 ·

246 2195 258 2214 1
284 2195 322 2216 se
339 2196 413 2216 cum
432 2186 498 2216 isto
520 2184 588 2226 Vpb
606 2197 612 2216 ε
636 2195 709 2216 cum
730 2186 841 2217 istose
852 2197 893 2226 qr
990 2186 1010 2215 8
1036 2186 1108 2216 Iuni
1125 2184 1171 2218 V:
1198 2185 1316 2226 Iuniip
1409 2196 1448 2217 10
1471 2186 1530 2216 sed

201 2230 327 2260 recenti
355 2239 390 2259 re
417 2230 459 2259 de
487 2229 531 2260 M.
552 2229 700 2259 auditum
721 2234 771 2260 est
790 2229 837 2260 V:
863 2250 870 2256 -
885 2230 946 2260 sed
964 2240 1027 2269 pro
1045 2230 1189 2260 Mustio·
1208 2239 1274 2260 rec.
1295 2240 1331 2260 re
1348 2230 1390 2260 de
1407 2229 1532 2260 Mustio

200 2273 275 2301 aud.
287 2272 331 2312 pb
346 2272 433 2312 (Act.
449 2271 506 2303 Pr.
528 2272 614 2310 §33)
676 2272 755 2302 titus
771 2272 860 2303 dom.
872 2273 938 2312 pbr
995 2283 1032 2302 21
1051 2279 1146 2303 actus
1164 2285 1184 2301 π
1200 2274 1241 2304 al.
1306 2276 1348 2304 28
1363 2273 1472 2302 desert
1490 2285 1530 2304 rr:

202 2315 301 2345 refert
318 2315 355 2345 ὁδ
429 2316 585 2345 videatur
601 2315 681 2345 coni.
696 2315 847 2345 Ernesti:
872 2315 1046 2346 videbatur
1057 2322 1082 2356 p
1098 2315 1187 2346 codd.
1280 2327 1322 2355 3ο
1345 2316 1530 2356 accepitpb

1661 1786 1667 1795 “
1674 1757 1680 1764 ·
1657 444 1696 1693 ‘'mammona-e:-

1676 326 1695 410 ,ΝΩ

1657 1702 1675 1761 4

1656 1800 1673 1827 t

1650 2115 1669 2202 ,ἰ

1650 2239 1651 2243 =
1655 2231 1660 2248 l
