1715 2734
123 457 141 488 5

106 782 142 804 (0

105 1102 140 1134 ¹5

106 2080 141 2110 30

161 73 429 112 ACTIONIS
460 72 522 110 IN
551 71 596 110 C.
618 70 860 108 VERREM
891 68 1190 107 SECVNDAE
1221 68 1324 104 LIB.
1349 67 1390 103 II
1433 74 1486 113 47
1509 78 1569 109 115

160 198 206 223 ac
244 184 405 233 vestigia
443 196 602 221 suorum
641 181 875 231 flagitiorum
914 178 1081 229 relinqui
1118 178 1250 216 velint.
1310 178 1487 215 Ardebat
1511 177 1570 210 116

161 263 293 288 amore
324 249 426 286 illius
458 247 636 297 hospitae
670 254 828 296 propter
857 259 975 295 quarn
1010 243 1156 293 hospiti
1191 243 1274 281 iura
1303 242 1489 288 violarat3

161 315 237 351 hoc
258 326 338 351 non
359 314 487 350 solum
503 311 590 349 sciri
611 319 706 358 turn,
728 324 863 349 verum
885 310 1001 348 etiam
1018 306 1318 347 commemorari
1335 320 1490 356 semper

161 379 342 432 volebat,
379 378 512 426 itaque
545 390 591 414 ex
620 375 685 413 illa
717 375 802 425 ipsa
831 388 871 413 re
900 387 1018 424 quam
1047 380 1259 411 accusante
1288 371 1489 421 Agathino

159 450 329 492 gesserat
358 441 501 480 Veneri
527 440 775 490 potissimum
806 439 941 478 deberi
971 438 1188 489 praemium
1216 436 1361 483 statuit,
1387 449 1489 486 quae

160 507 266 544 illam
287 514 410 545 totam
435 505 727 544 accusationem
754 504 1024 553 iudiciumque
1045 504 1243 541 conflarat.
1303 503 1486 539 Putarem

161 579 198 610 te
213 579 365 622 gratum
386 571 425 609 in
447 572 543 609 deos
564 570 595 608 si
616 571 692 608 hoc
712 572 863 608 donum
880 568 1025 608 Veneri
1046 581 1127 606 non
1149 568 1199 605 de
1215 566 1352 605 Stheni
1373 566 1489 604 bonis

161 636 349 683 dedisses,
372 637 441 674 sed
462 637 512 674 de
533 635 609 673 tuis
624 649 633 681 3
663 636 771 684 quod
792 636 919 673 facere
943 632 1126 679 debuisti,
1150 632 1375 682 praesertim
1397 644 1487 668 cum

162 701 231 739 tibi
253 701 320 739 illo
340 701 425 750 ipso
445 714 551 738 anno
570 714 593 738 a
614 700 836 739 Chelidone
856 699 1026 738 venisset
1046 697 1252 736 hereditas.

218 765 298 804 Hic
327 779 411 815 ego,
435 765 465 803 si
486 767 589 803 hanc
609 778 768 803 causam
796 777 877 802 non
897 763 1076 802 omnium
1104 762 1325 800 Siculorum
1352 767 1488 810 rogatu

162 830 408 880 recepissem,
437 830 469 868 si
500 831 577 868 hoc
606 843 629 867 a
658 842 722 867 me
753 828 925 866 muneris
959 841 1041 865 non
1075 826 1255 864 universa
1285 824 1490 875 provincia

161 895 416 946 poposcisset,
453 895 485 933 si
519 909 582 934 me
616 894 770 933 animus
803 901 922 944 atque
955 906 1066 931 amor
1099 892 1138 929 in
1173 905 1255 929 rem
1289 890 1489 940 publicam

161 960 475 1011 existimatioque
509 961 659 998 offensa
697 959 819 997 nostri
861 958 1010 997 ordinis
1048 971 1094 995 ac
1133 955 1369 994 iudiciorum
1407 968 1489 993 non

161 1026 238 1064 hoc
270 1027 396 1064 facere
430 1025 632 1075 coegisset,
672 1033 791 1074 atque
822 1025 920 1062 haec
950 1036 1029 1061 una
1062 1035 1181 1060 causa
1214 1021 1349 1060 fuisset
1381 1021 1489 1070 quod

159 1090 332 1128 amicum
369 1098 489 1140 atque
522 1090 719 1139 hospitem
758 1103 890 1127 meum
931 1087 1151 1135 Sthenium,
1185 1100 1303 1136 quem
1336 1099 1410 1135 ego
1449 1085 1488 1123 in

160 1163 370 1205 quaestura
390 1168 477 1193 mea
497 1154 741 1205 singulariter
764 1153 1000 1200 dilexissem,
1023 1154 1073 1190 de
1094 1165 1174 1202 quo
1195 1151 1344 1201 optime
1365 1150 1490 1188 existi-

160 1233 341 1266 massem,
365 1233 484 1269 quem
504 1219 544 1257 in
572 1217 773 1269 provincia
800 1216 1098 1256 existimationis
1124 1229 1235 1254 meae
1257 1214 1490 1253 studiosissi-

161 1298 269 1322 mum
291 1284 671 1334 cupidissimumque
698 1296 945 1333 cognossem,
969 1290 1049 1320 tam
1075 1281 1284 1320 crudeliter
1304 1282 1490 1319 scelerate

161 1348 385 1398 nefarieque
429 1355 645 1395 tractasses,
691 1355 824 1386 tamen
867 1347 987 1397 digna
1029 1359 1147 1384 causa
1185 1345 1381 1384 videretur
1423 1358 1491 1383 cur

102 1430 141 1451 20
160 1414 383 1452 inimicitias
422 1413 594 1451 hominis
634 1412 917 1463 improbissimi
956 1412 1207 1461 susciperem,
1242 1419 1284 1448 ut
1324 1410 1489 1460 hospitis

160 1480 327 1517 salutem
348 1480 604 1528 fortunasque
623 1479 890 1517 defenderem.
937 1479 1130 1515 Fecerunt
1151 1478 1226 1514 hoc
1249 1475 1360 1513 multi
1381 1476 1489 1525 apud

160 1543 328 1582 maiores
376 1551 540 1591 nostros,
590 1543 682 1581 fecit
734 1543 851 1581 etiam
900 1556 1025 1592 nuper
1072 1543 1193 1579 homo
1241 1540 1487 1587 clarissimus,

160 1609 233 1647 Cn.
259 1608 468 1656 Domitius,
492 1608 559 1658 qui
582 1610 638 1646 M.
662 1607 849 1654 Silanum,
873 1608 1119 1645 consularem
1142 1605 1356 1651 hominem,
1378 1617 1489 1642 accu-

160 1672 257 1710 savit
297 1681 454 1723 propter
501 1671 760 1722 Aegritomari
809 1671 1058 1721 Transalpini
1103 1670 1269 1720 hospitis
1317 1669 1485 1707 iniurias.

103 1755 140 1786 ²5
161 1739 343 1776 Putarem
375 1752 438 1776 me
460 1738 650 1776 idoneum
681 1737 748 1787 qui
775 1738 999 1786 exemplum
1022 1749 1205 1786 sequerer
1235 1734 1489 1772 humanitatis

159 1810 278 1852 atque
321 1802 434 1849 offici,
477 1815 819 1852 proponeremque
868 1815 978 1850 spem
1028 1800 1125 1838 meis
1174 1799 1396 1849 hospitibus
1443 1812 1489 1837 ac

160 1867 387 1906 necessariis
412 1881 492 1917 quo
519 1867 702 1905 tutiorem
731 1880 815 1905 sese
835 1866 954 1903 vitam
984 1879 1074 1903 meo
1100 1864 1295 1915 praesidio
1320 1863 1489 1902 victuros

159 1945 244 1970 esse
269 1932 570 1980 arbitrarentur3
600 1946 690 1970 curn
712 1945 805 1970 vero
828 1931 868 1968 in
895 1930 1174 1968 communibus
1201 1929 1348 1967 iniuriis
1370 1929 1488 1966 totius

160 1997 382 2047 provinciae
410 1997 547 2035 Stheni
573 2010 732 2046 quoque
756 2010 874 2034 causa
900 1996 1157 2043 contineatur,
1193 1994 1383 2044 multique
1408 2008 1488 2032 uno

160 2069 335 2112 ternpore
361 2076 384 2100 a
415 2076 478 2100 me
517 2062 691 2111 hospites
723 2070 842 2111 atque
873 2062 989 2099 amici
1032 2061 1190 2111 publice
1227 2059 1487 2109 privatimque

160 2128 432 2173 defendantur,
455 2129 632 2176 profecto
652 2126 773 2165 vereri
803 2140 884 2164 non
914 2127 1043 2164 debeo
1074 2140 1123 2163 ne
1154 2124 1241 2174 quis
1272 2125 1348 2162 hoc
1378 2125 1486 2174 quod

203 2231 223 2260 6
247 2231 403 2261 Putaram
423 2229 481 2261 CO
660 2242 675 2269 7
701 2230 799 2260 bonis
817 2241 882 2261 om.
908 2230 966 2260 CO
1163 2230 1200 2258 16
1224 2227 1395 2267 singulare
1415 2226 1486 2258 CO¹

165 2274 202 2303 18
226 2283 424 2312 cognossem
443 2286 483 2304 πε
508 2284 748 2313 cognoscerem
764 2275 802 2303 k&
818 2285 825 2304 ε
851 2284 1060 2312 cognoscere
1081 2273 1110 2302 O

1513 1485 1571 1514 118
