1715 2734
161 80 428 120 ACTIONIS
460 81 520 118 IN
551 81 595 120 C.
618 82 858 118 VERREM
889 82 1188 121 SECVNDAE
1219 84 1321 121 ΜΒ.
1346 84 1388 121 11
1427 85 1482 131 64
1504 89 1567 131 156

159 191 227 242 qui
254 205 344 230 cum
368 206 389 230 a
417 200 594 242 praetore
620 192 928 242 prohiberentur,
951 207 974 231 a
998 201 1182 243 quattuor
1209 194 1482 243 quaestoribus

158 256 449 306 impedirentur,
483 257 660 295 omnium
701 258 825 296 minas
863 266 981 308 atque
1019 258 1153 296 omnia
1186 258 1358 308 pericula
1391 273 1483 309 prae

157 322 281 359 salute
309 335 378 359 sua
398 320 497 359 levia
523 321 728 363 duxerint:
758 322 825 372 qui
846 322 972 372 priore
1001 322 1157 361 actione
1178 322 1232 361 ita
1258 324 1483 362 testimonia

155 384 319 434 graviter
347 387 679 435 vehementerque
711 386 878 424 dixerint
905 394 947 425 ut
980 388 1237 426 Artemonem
1264 389 1482 440 Centuripi

117 463 135 495 5
156 463 250 488 num
273 452 443 499 legatum
465 458 503 488 et
524 450 681 500 publice
703 458 843 489 testem
866 453 914 500 Q.
939 452 1177 490 Hortensius
1198 462 1478 500 accusatorem,

154 528 234 553 non
257 523 396 553 testem
417 528 502 553 esse
522 515 679 554 diceret.
741 516 898 554 Etenim
924 516 987 554 ille
1008 530 1098 554 cum
1121 525 1278 567 propter
1298 517 1480 557 virtutem

153 588 191 617 et
212 581 332 618 fidem
355 594 445 618 cum
473 582 675 628 Androne,
699 581 860 620 homine
887 581 1166 620 honestissimo
1187 591 1225 620 et
1250 583 1477 631 certissimo,

153 653 236 683 tum
254 646 371 684 etiam
393 653 551 696 propter
571 646 837 696 eloquentiam
854 648 1002 696 legatus
1023 660 1046 684 a
1066 647 1144 685 suis
1161 647 1311 686 civibus
1333 650 1480 687 electus

151 718 220 758 est,
244 718 286 748 ut
315 718 448 760 posset
479 712 621 749 multas
642 710 752 749 istius
782 718 820 749 et
840 710 963 749 varias
991 710 1148 750 iniurias
1176 725 1295 762 quam
1322 713 1479 763 apertis-

94 790 131 813 ιο
150 775 247 813 sime
268 774 379 813 vobis
401 774 709 825 planissimeque
730 775 932 825 explicare.

205 839 396 878 Dixerunt
428 839 642 886 Halaesini,
668 839 910 887 Catinenses,
932 841 1200 890 Tyndaritani,
1226 844 1476 891 Hennenses,
1499 844 1554 893 65

151 904 423 952 Herbitenses,
465 905 738 955 Agyrinenses,
781 905 927 952 Netini,
974 907 1200 956 Segestani:
1248 921 1477 947 enumerare

148 969 276 1008 omnis
303 983 383 1008 non
410 978 468 1008 est
494 984 665 1008 necesse.
725 970 838 1009 Scitis
863 984 980 1020 quarn
1009 972 1122 1009 multi
1148 979 1187 1010 et
1214 986 1331 1022 quarn
1356 975 1479 1011 multa

147 1033 274 1083 priore
316 1034 471 1073 actione
514 1034 704 1073 dixerint:
747 1048 853 1072 nunc
892 1043 929 1073 et
968 1035 1021 1073 illi
1068 1044 1107 1074 et
1150 1037 1287 1086 reliqui
1331 1037 1477 1076 dicent.

91 1115 127 1147 15
151 1099 302 1137 Omnes
335 1098 508 1149 denique
539 1100 614 1137 hoc
646 1099 686 1136 in
715 1100 789 1137 hac
818 1112 936 1137 causa
965 1099 1203 1150 intellegent,
1237 1102 1312 1139 hoc
1343 1102 1477 1141 animo

147 1177 232 1202 esse
264 1164 416 1202 Siculos
452 1173 504 1210 ut,
539 1163 570 1201 si
603 1163 642 1201 in
677 1163 794 1201 istum
828 1163 1145 1202 animadversum
1181 1179 1261 1203 non
1301 1166 1360 1211 sit,
1402 1166 1476 1206 sibi

146 1228 422 1279 relinquendas
444 1230 586 1267 domos
606 1242 652 1267 ac
672 1229 786 1267 sedes
811 1242 900 1266 suas
920 1236 959 1267 et
979 1242 1025 1267 ex
1047 1229 1178 1268 Sicilia
1197 1231 1474 1270 decedendum

143 1301 263 1343 atque
291 1295 392 1332 adeo
422 1293 652 1344 fugiendum
682 1307 767 1332 esse
795 1293 1041 1332 arbitrentur.
1103 1296 1191 1333 Hos
1221 1296 1402 1335 homines
1433 1304 1474 1335 tu

144 1359 397 1409 persuadebis
417 1360 469 1398 ad
489 1360 680 1397 honorem
701 1366 820 1409 atque
838 1358 1140 1409 amplitudinem
1158 1367 1264 1397 tuan]
1286 1361 1474 1410 pecunias

87 1442 125 1463 20
144 1424 331 1462 maximas
362 1425 562 1462 voluntate
593 1437 662 1462 sua
691 1424 934 1462 contulisse?
991 1425 1133 1471 Credo,
1167 1425 1234 1475 qui
1269 1435 1307 1464 te
1337 1426 1377 1464 in
1407 1435 1475 1465 tua

143 1489 298 1528 civitate
319 1489 560 1527 incolumem
583 1503 667 1528 esse
690 1490 849 1535 nollent,
874 1489 913 1527 hi
934 1497 1194 1528 monumenta
1214 1498 1304 1529 tuae
1324 1492 1473 1531 formae

141 1568 187 1593 ac
208 1554 378 1593 nominis
399 1554 439 1592 in
460 1553 539 1592 suis
569 1553 791 1592 civitatibus
813 1567 898 1592 esse
918 1553 1140 1604 cupiebant.
1168 1550 1170 1552 ¹
1203 1557 1283 1594 Res
1304 1557 1473 1595 declara-

142 1619 198 1657 bit
228 1627 270 1657 ut
297 1618 499 1669 cupierint.
561 1620 646 1656 Iam
676 1619 828 1657 dudum
858 1618 963 1657 enim
991 1618 1087 1656 mihi
1114 1619 1280 1658 nimium
1305 1621 1472 1660 tenuiter

143 1683 363 1723 Siculorum
402 1697 491 1734 erga
525 1691 563 1722 te
596 1683 807 1721 voluntatis
841 1692 1070 1733 argumenta
1108 1684 1290 1734 colligere
1323 1685 1468 1734 videor,

85 1766 123 1798 25
144 1756 273 1786 utrum
294 1756 440 1786 statuas
461 1747 654 1786 voluerint
675 1747 745 1786 tibi
766 1755 935 1786 statuere
955 1761 1005 1785 an
1027 1748 1152 1786 coacti
1173 1749 1260 1787 sint.

199 1814 259 1851 De
298 1826 377 1862 quo
411 1814 487 1850 hoc
521 1812 682 1851 homine
715 1811 894 1851 auditum
927 1820 985 1851 est
1019 1826 1219 1862 umquam,
1256 1816 1365 1864 quod
1399 1815 1469 1855 tibi

140 1877 294 1924 accidit,
318 1885 359 1915 ut
380 1877 463 1915 eius
484 1876 523 1914 in
544 1877 744 1926 provincia
767 1885 918 1915 statuae
939 1877 978 1915 in
1000 1877 1095 1916 locis
1116 1878 1283 1928 publicis
1305 1880 1465 1930 positae,

141 1941 281 1992 partim
311 1941 427 1980 etiam
457 1941 497 1979 in
526 1941 692 1980 aedibus
721 1942 848 1988 sacris,
881 1956 950 1992 per
980 1942 1057 1980 vini
1087 1951 1125 1981 et
1150 1957 1218 1993 per
1247 1944 1467 1984 universam

142 2006 434 2045 multitudinem
456 2006 730 2045 deicerentur?
786 2009 864 2045 Tot
885 2007 1065 2046 homines
1091 2007 1129 2045 in
1151 2008 1246 2046 Asia
1266 2018 1465 2058 nocentes,

83 2089 125 2120 30
143 2079 200 2110 tot
229 2071 269 2109 in
298 2071 439 2118 Africa,
469 2079 526 2110 tot
556 2071 595 2109 in
618 2071 823 2121 Hispania,
856 2072 994 2120 Gallia,
1018 2072 1206 2121 Sardinia,
1234 2081 1291 2112 tot
1320 2074 1360 2112 in
1384 2074 1468 2125 ipsa

184 2185 204 2213 3
228 2175 383 2205 duxerint
399 2176 454 2206 ck:
480 2176 647 2206 duxerunt
668 2175 715 2216 Vp
732 2175 797 2206 rell.
953 2188 973 2215 4
997 2177 1146 2207 dixerint
1158 2178 1213 2207 ck:
1239 2178 1396 2210 dixerunt
1417 2180 1466 2220 Vp

144 2218 209 2248 rell.
374 2229 393 2257 5
418 2219 458 2257 Q.
477 2229 542 2250 om.
566 2219 597 2249 V
755 2229 792 2249 12
817 2219 1023 2251 Netineuses
1035 2220 1123 2250 codd.
1140 2225 1271 2260 practer
1287 2222 1336 2253 0:
1362 2233 1427 2253 om.
1448 2224 1466 2253 b

142 2271 339 2292 enumerare
355 2261 384 2291 Ο
399 2273 405 2292 :
429 2268 462 2292 et
480 2273 568 2292 num.
588 2273 620 2292 c:
647 2272 824 2292 numerare
842 2263 907 2294 rell.
1056 2274 1092 2301 13
1117 2274 1216 2302 quam
1235 2265 1328 2295 multi
1346 2271 1379 2295 et
1396 2277 1461 2297 om.

141 2303 201 2335 σΟ1
348 2315 387 2335 22
412 2306 592 2336 declarabit
610 2305 678 2336 cO:
711 2306 830 2345 -avitp
849 2307 914 2337 rell.
1065 2316 1105 2345 25
1132 2306 1255 2346 [utrum
1275 2332 1282 2339 .
1303 2331 1310 2339 .
1330 2331 1336 2338 .
1358 2310 1462 2339 coacti

142 2347 225 2388 sint]
244 2347 405 2389 Pluygers
424 2348 514 2388 (Ziel.
530 2354 564 2389 p.
588 2350 665 2390 194)
799 2351 840 2379 26
864 2350 926 2380 hoc
947 2349 1025 2380 CO:
1050 2361 1115 2380 0111.
1136 2351 1201 2381 rell.

1503 1112 1559 1147 Ι57

1493 1826 1553 1865 158
