1715 2734
118 81 229 123 2560
554 77 611 114 M.
643 76 813 115 TVLLI
842 78 1150 118 CICERONIS

183 188 267 226 eius
288 187 342 227 rei
362 189 574 239 postulant.
634 188 765 227 Amici
786 202 963 229 recusare
989 204 1040 229 ne
1067 191 1176 240 quod
1202 189 1394 229 iudicium
1414 204 1514 230 neve

183 253 305 303 ipsius
321 253 495 304 cognitio
515 253 582 292 illo
597 252 761 292 absente
783 255 833 293 de
849 253 1138 293 existimatione
1157 254 1241 294 eius
1261 255 1514 294 constituere-

181 325 253 366 tur,
276 326 315 357 et
344 318 460 356 simul
488 317 584 357 illud
613 317 718 357 idem
747 320 945 369 postulare
966 333 1047 358 non
1067 319 1311 359 desistebant
1331 328 1374 358 ut
1400 333 1442 359 se
1461 321 1513 359 ad

119 386 156 419 61
180 384 285 434 leges
299 397 388 422 suas
402 383 575 421 reiceret.
617 384 697 422 Iste
710 386 883 434 amplam
899 392 1048 432 nactus,
1063 385 1131 423 ubi
1145 385 1252 423 videt
1265 399 1350 424 esse
1363 385 1513 435 aliquid

180 449 289 498 quod
317 447 434 486 amici
463 448 628 486 absente
659 448 842 498 Epicrate
873 451 1023 488 nollent
1053 450 1277 496 defendere,
1309 451 1513 488 adseverat
1533 460 1552 493 5

180 526 221 551 se
242 513 324 551 eius
345 513 399 552 rei
420 513 459 551 in
484 513 619 563 primis
646 515 844 552 actionem
874 515 1067 553 daturum.
1128 516 1231 555 Cum
1262 528 1401 553 omnes
1431 529 1513 565 per-

179 577 374 627 spicerent
394 579 445 616 ad
466 577 584 616 istum
607 592 687 617 non
710 580 831 618 modo
858 578 944 618 illos
971 593 1156 618 nummos
1181 580 1248 630 qui
1269 593 1338 630 per
1357 579 1513 618 simula-

179 643 328 681 tionem
357 644 407 681 ab
442 642 518 681 isto
546 643 719 682 exierant
749 644 961 692 revertisse,
985 646 1055 684 sed
1085 646 1211 683 multo
1240 644 1358 683 etiam
1391 646 1510 695 pluris

178 721 268 746 eum
289 715 427 758 postea
446 721 632 747 nummos
658 709 877 757 abstulisse,
899 709 1016 748 amici
1044 709 1269 760 Epicratem
1297 711 1510 749 defendere

177 772 420 820 destiterunt,
444 773 517 812 iste
538 775 730 824 Epicratis
758 775 864 813 bona
888 774 1054 814 Bidinos
1083 775 1218 813 omnia
1243 775 1445 825 possidere
1471 783 1510 814 et
1534 789 1572 810 10

176 838 251 877 sibi
271 839 416 877 habere
437 838 557 877 iussit.
617 841 683 878 Ad
710 839 774 878 illa
797 841 867 878 HS
892 842 920 878 ἶ)
941 839 1175 878 hereditaria
1194 840 1359 879 accessit
1388 840 1510 890 ipsius

174 905 338 954 antiqua
360 906 430 943 HS
452 904 712 954 quindeciens
738 906 919 955 pecunia.
977 907 1121 943 Vtrum
1151 919 1211 944 res
1238 906 1290 943 ab
1320 905 1432 944 initio
1457 906 1510 944 ita

175 970 295 1007 ducta
325 977 383 1008 est
415 983 466 1007 an
500 970 552 1008 ad
583 977 802 1008 extremum
837 969 890 1008 ita
919 971 1119 1020 perducta,
1141 984 1193 1008 an
1222 971 1276 1008 ita
1304 983 1423 1020 parva
1451 978 1509 1008 est

174 1034 351 1084 pecunia,
374 1048 425 1072 an
454 1034 486 1072 is
513 1035 636 1072 homo
656 1036 797 1073 Verres
827 1042 870 1073 ut
896 1035 994 1074 haec
1018 1047 1120 1085 quae
1149 1033 1229 1073 dixi
1255 1034 1386 1085 gratiis
1407 1035 1509 1073 facta

173 1113 259 1138 esse
279 1101 516 1139 videantur?
1531 1111 1568 1144 15

111 1168 151 1201 62
230 1164 310 1203 Hic
348 1178 455 1203 nunc
493 1166 545 1204 de
584 1164 739 1204 miseria
773 1164 1010 1213 Siculorum,
1048 1164 1210 1212 iudices,
1251 1164 1395 1204 audite.
1456 1167 1507 1204 Et

174 1230 383 1269 Heraclius
405 1230 468 1269 ille
484 1232 750 1281 Syracusanus
780 1238 818 1269 et
846 1230 910 1269 hic
932 1231 1098 1269 Bidinus
1126 1230 1330 1280 Epicrates
1357 1230 1506 1280 expulsi

173 1295 288 1334 bonis
312 1295 498 1334 omnibus
527 1297 700 1334 Romam
727 1304 918 1334 venerunt
936 1311 946 1343 3
975 1295 1177 1343 sordidati,
1200 1295 1370 1333 maxima
1386 1295 1507 1334 barba

172 1369 210 1399 et
239 1360 396 1411 capillo,
418 1362 572 1399 Romae
602 1360 808 1399 biennium
838 1374 961 1411 prope
990 1362 1159 1399 fuerunt.
1219 1361 1322 1400 Cum
1356 1361 1397 1397 L.
1423 1361 1507 1397 Me-

172 1427 286 1464 tellus
307 1426 346 1463 in
368 1425 610 1475 provinciam
631 1426 830 1476 profectus
851 1433 920 1473 est,
944 1433 1027 1464 turn
1042 1425 1104 1463 isti
1118 1425 1221 1464 bene
1235 1424 1504 1463 commendati
1527 1435 1567 1457 20

171 1504 263 1529 cum
292 1492 457 1529 Metello
486 1504 566 1529 una
592 1490 905 1541 proficiscuntur.
968 1492 1164 1537 Metellus,
1188 1490 1305 1528 simul
1331 1503 1378 1528 ac
1398 1489 1504 1528 venit

171 1558 392 1607 Syracusas,
414 1563 627 1606 utrumque
647 1555 815 1602 rescidit,
839 1563 877 1594 et
898 1556 949 1594 de
971 1555 1154 1605 Epicrate
1174 1562 1213 1594 et
1233 1556 1284 1593 de
1304 1554 1502 1593 Heraclio.

172 1623 220 1660 In
254 1621 458 1672 utriusque
492 1621 607 1660 bonis
637 1621 734 1659 nihil
764 1629 845 1659 erat
875 1622 983 1672 quod
1013 1620 1163 1660 restitui
1192 1627 1338 1670 posset,
1369 1619 1442 1657 nisi
1473 1619 1504 1657 si

96 1669 150 1760 ²65
172 1687 267 1737 quid
289 1686 436 1726 moveri
456 1688 546 1726 loco
572 1700 653 1725 non
675 1694 865 1737 potuerat.
927 1688 1088 1725 Fecerat
1108 1687 1184 1723 hoc
1205 1684 1357 1735 egregie
1376 1684 1505 1735 primo

220 1803 231 1822 1
260 1791 417 1822 iudicium
440 1790 520 1821 VO:
545 1801 668 1821 novum
687 1791 753 1822 iud.
769 1796 794 1831 p
808 1791 871 1821 rell.
1009 1801 1029 1821 2
1053 1790 1124 1820 cius
1141 1789 1286 1820 existim.
1307 1788 1337 1818 O
1483 1798 1504 1827 3

170 1835 247 1865 illud
266 1835 354 1866 idem
374 1835 470 1874 ritem
494 1835 538 1872 V‘)
556 1833 637 1864 VO:
661 1835 751 1865 idem
769 1835 850 1865 illud
863 1839 887 1875 p
904 1834 967 1865 rell.
1047 1845 1066 1872 4
1094 1834 1238 1873 amplam
1259 1832 1364 1872 VOp:
1387 1842 1502 1862 occas-

170 1879 284 1909 ionem
311 1889 338 1909 s.
358 1879 379 1909 l.
405 1877 533 1908 addidit
559 1882 596 1907 ut
618 1877 770 1916 glossam
783 1877 841 1918 p¹2
877 1877 1023 1916 amplam
1052 1877 1264 1908 occasionem
1282 1875 1363 1915 qu:
1399 1875 1499 1915 ampl.

165 1933 235 1954 occ.
254 1920 440 1953 calumniae
457 1921 493 1950 ὸδ
505 1920 573 1950 edd.
626 1920 674 1959 Cf
696 1920 812 1960 Rufin.
838 1921 924 1951 Hist.
946 1931 978 1950 x.
1002 1930 1039 1950 12
1067 1919 1241 1959 ‘amplam
1268 1921 1420 1960 tempom's
1443 1930 1501 1950 na-

164 1965 492 2005 ctus’(0ccasionem
509 1963 640 1994 addunt
656 1963 764 2001 cdd.);
791 1963 885 1995 Serv.
899 1963 947 1994 ad
958 1964 1042 1994 Aen.
1061 1963 1116 1995 vii.
1135 1966 1197 2002 796
1217 1966 1225 1980 ‘
1238 1963 1298 1993 ἀπὸ
1316 1964 1370 2001 τῆς
1386 1964 1501 2002 λαβῆς,

166 2020 268 2050 quam
290 2008 403 2038 Latine
421 2008 604 2047 “amplam
619 2007 637 2023 ''
655 2008 830 2037 vocamus’
849 2019 856 2037 z
881 2018 910 2038 v.
926 2007 970 2038 R.
986 2006 1106 2045 Sclzc'ill,
1124 2007 1257 2045 Archiv,
1275 2007 1295 2037 i.
1311 2016 1394 2046 5343
1422 2005 1500 2037 The·

166 2063 258 2084 saur.
274 2052 383 2082 Latin.
398 2061 458 2082 av.
476 2052 484 2067 ‘
496 2051 610 2091 ampla
624 2052 632 2068 '
730 2060 768 2088 14
794 2051 895 2081 homo
913 2061 980 2081 om.
998 2050 1028 2081 Ο
1123 2059 1161 2089 15
1186 2051 1364 2081 videantur
1381 2061 1456 2082 esse
1472 2051 1503 2082 O

169 2100 201 2135 (ξ
223 2097 283 2126 108
300 2095 402 2135 infra)
542 2105 580 2133 19
603 2095 739 2125 biennio
763 2094 795 2124 V
880 2094 964 2124 Cum
986 2093 1037 2133 Op
1051 2093 1113 2124 rell.
1133 2105 1139 2124 :
1163 2095 1253 2132 quod
1271 2095 1312 2124 ad
1333 2094 1501 2135 V(quoad

169 2139 256 2178 Mai)
348 2139 385 2170 L.
412 2138 473 2169 VO
489 2150 496 2169 :
520 2138 560 2177 Q.
574 2143 597 2178 p
614 2138 677 2169 rell.
815 2148 858 2169 20
883 2138 914 2168 in
934 2137 1143 2177 provinciam
1161 2137 1248 2168 codd.
1266 2142 1395 2178 praeter
1410 2137 1451 2176 Ο,
1469 2138 1502 2167 in

169 2194 234 2224 quo
249 2186 295 2213 est
317 2183 414 2213 hine:
431 2182 512 2221 fort.
534 2182 609 2212 hinc
633 2182 665 2212 in
694 2182 911 2220 provinciam.
965 2180 1163 2211 Clausulam
1181 2180 1321 2211 vindieat
1336 2180 1500 2219 Zielinski,

166 2232 218 2267 pp.
244 2236 346 2265 193-4
436 2236 472 2255 21
501 2225 596 2256 simul
614 2235 651 2255 ac
669 2226 761 2255 venit
783 2225 830 2265 Vp
841 2229 870 2255 et
882 2225 962 2264 pler.
983 2236 989 2255 ε
1014 2224 1110 2254 simul
1127 2225 1263 2254 advenit
1279 2223 1362 2254 cO¹k
1460 2234 1502 2254 22

171 2270 308 2300 rescidit
325 2269 392 2300 cO:
417 2269 576 2300 rescindit
597 2268 664 2299 Vrrb
843 2278 884 2307 23
910 2268 973 2298 nisi
999 2268 1026 2298 si
1051 2267 1129 2306 quid
1147 2267 1216 2298 cO:
1241 2278 1272 2298 n.
1291 2269 1319 2298 si
1344 2269 1433 2307 quod
1458 2279 1502 2298 rr:

171 2323 204 2344 n.
223 2314 309 2352 quod
332 2313 376 2342 Vb
394 2313 458 2343 rell.
549 2323 588 2352 24
614 2317 768 2352 potuerat
785 2312 844 2343 cO¹
864 2323 871 2342 :
897 2316 1031 2351 poterat
1049 2311 1114 2342 rell.
1135 2312 1227 2350 (corr.
1245 2310 1275 2340 V
1287 2322 1325 2341 ex
1340 2312 1501 2352 poteret).

176 2355 358 2396 Vtrumque
370 2356 533 2397 improbat
548 2355 711 2395 Zielinski,
728 2361 761 2397 p.
788 2366 847 2396 194
941 2356 1004 2386 hoc
1025 2355 1077 2385 O:
1102 2355 1184 2385 haec
1201 2354 1264 2385 rell*
