1715 2734
212 100 257 128 12
277 106 314 138 35
601 93 657 129 M.
689 92 859 129 TVLLI
890 91 1198 130 CICERONIS

273 201 442 239 busdam
471 201 626 241 iudiciis
656 215 750 240 usus
780 215 832 249 es,
855 201 973 240 etiam
1002 201 1042 239 in
1072 201 1182 240 istius
1211 202 1383 241 hominis
1412 202 1607 253 desperati

273 279 391 304 causa
420 266 743 317 interponeretur.
804 268 923 304 Nunc
944 280 1049 314 vero,
1070 266 1257 316 quoniam
1288 268 1386 306 haec
1413 275 1451 305 te
1476 268 1606 306 omnis

273 330 492 370 dominatio
522 345 766 381 regnumque
801 330 1037 369 iudiciorum
1067 339 1178 369 tanto
1207 345 1325 381 opere
1355 333 1535 378 delectat,
1566 340 1605 370 et

273 474 402 510 neque
422 462 589 508 taedeat,
608 460 675 510 qui
697 460 809 510 quasi
829 462 880 499 de
901 460 1092 499 industria
1113 461 1152 498 in
1173 461 1309 499 odium
1331 461 1606 499 offensionem-
1625 472 1642 504 5

272 538 349 575 que
388 526 522 576 populi
564 526 737 564 Romani
778 525 931 564 inruere
962 526 1177 572 videantur,
1213 527 1289 564 hoc
1325 540 1387 564 me
1422 527 1606 575 profiteor

273 590 491 640 suscepisse
531 605 718 641 magnum
758 592 922 629 fortasse
965 604 1066 629 onus
1109 598 1147 629 et
1192 591 1288 628 mihi
1328 591 1602 641 periculosum,

272 670 406 694 verum
429 663 562 693 tamen
583 655 749 705 dignum
776 656 816 693 in
839 670 919 706 quo
940 656 1069 694 omnis
1096 670 1236 694 nervos
1263 656 1402 694 aetatis
1426 656 1607 694 industri-

211 723 253 764 36
272 734 398 770 aeque
437 734 548 759 meae
587 723 881 759 contenderem.
947 721 1148 770 Quoniam
1184 729 1289 759 totus
1328 722 1426 759 ordo
1465 734 1607 770 pauco-

272 799 357 824 rum
396 786 648 836 improbitate
681 795 719 825 et
753 787 920 825 audacia
954 787 1141 837 premitur
1179 795 1218 825 et
1256 794 1413 836 urgetur
1447 785 1607 824 infamia
1629 800 1669 822 10

271 850 518 899 iudiciorum,
555 853 741 902 profiteor
774 852 866 890 huic
897 852 1029 902 generi
1064 852 1271 890 hominum
1306 865 1370 890 me
1402 851 1606 889 inimicum

270 924 551 964 accusatorem,
593 917 789 964 odiosum,
831 917 1056 964 adsiduum,
1096 918 1284 955 acerbum
1326 916 1602 955 adversarium.

272 983 365 1019 Hoc
395 981 491 1019 mihi
521 995 647 1029 sumo,
680 984 756 1021 hoc
786 982 882 1020 mihi
913 984 1103 1032 deposco,
1132 983 1241 1032 quod
1270 995 1382 1032 agam
1415 981 1454 1019 in
1490 981 1608 1031 magi-

269 1053 402 1093 stratu,
425 1049 534 1096 quod
553 1061 666 1098 agam
697 1062 744 1086 ex
773 1062 821 1087 eo
845 1049 935 1086 loco
955 1062 1002 1086 ex
1022 1061 1103 1097 quo
1124 1061 1187 1086 me
1207 1049 1377 1097 populus
1400 1049 1606 1085 Romanus

270 1126 316 1149 ex
354 1112 546 1150 Kalendis
582 1113 773 1151 Ianuariis
809 1127 944 1152 secum
978 1127 1092 1163 agere
1126 1114 1176 1151 de
1211 1127 1251 1151 re
1285 1112 1443 1163 publica
1476 1126 1522 1151 ac
1556 1113 1606 1151 de
1629 1126 1666 1157 15

272 1174 500 1213 hominibus
535 1175 726 1226 improbis
761 1176 908 1223 voluit3
956 1177 1033 1214 hoc
1073 1189 1217 1214 munus
1251 1175 1460 1214 aedilitatis
1496 1189 1606 1214 meae

272 1241 422 1289 populo
454 1241 640 1278 Romano
669 1241 956 1290 amplissimum
987 1240 1377 1291 pulcherrimumque
1407 1241 1603 1290 polliceor.

274 1306 436 1351 Moneo,
474 1305 670 1354 praedico,
708 1315 799 1344 ante
834 1306 1052 1344 denuntio:
1097 1306 1165 1356 qui
1203 1314 1271 1344 aut
1306 1307 1506 1355 deponere
1539 1314 1605 1344 aut

272 1369 450 1419 accipere
481 1377 548 1408 aut
586 1370 760 1420 recipere
792 1379 859 1408 aut
894 1369 1069 1421 polliceri
1104 1379 1171 1409 aut
1202 1379 1423 1421 sequestres
1455 1379 1522 1409 aut
1552 1371 1607 1409 in—

273 1442 459 1484 terpretes
490 1435 768 1485 corrumpendi
801 1435 920 1473 iudici
951 1437 1079 1474 solent
1114 1449 1210 1482 esse,
1244 1436 1392 1485 quique
1423 1438 1473 1474 ad
1504 1438 1606 1474 hanc
1628 1452 1666 1473 20

272 1513 352 1537 rem
387 1508 452 1537 aut
488 1500 706 1549 potentiam
737 1508 804 1538 aut
836 1501 1125 1550 impudentiam
1161 1514 1271 1538 suam
1307 1501 1469 1550 professi
1502 1511 1603 1548 sunt,

270 1565 494 1604 abstineant
521 1566 560 1603 in
585 1567 662 1604 hoc
683 1566 830 1604 iudicio
851 1580 992 1604 manus
1019 1566 1253 1616 animosque
1279 1567 1329 1604 ab
1358 1568 1432 1604 hoc
1461 1569 1605 1605 scelere

272 1630 430 1669 nefario.
492 1631 575 1668 Erit
602 1639 685 1668 tum
713 1633 853 1669 consul
886 1631 1125 1669 Hortensius
1150 1645 1241 1669 cum
1263 1645 1419 1668 summo
1442 1631 1605 1681 imperio

270 1703 307 1733 et
329 1703 533 1745 potestate,
557 1710 631 1746 ego
651 1705 783 1735 autem
805 1696 954 1743 aedilis,
980 1698 1056 1734 hoe
1078 1704 1136 1734 est
1157 1698 1275 1746 paulo
1295 1696 1463 1745 amplius
1485 1710 1603 1746 quam

210 1611 252 1649 Ι3

211 1672 250 1704 37

269 1760 464 1810 privatus;
494 1769 625 1800 tamen
649 1763 746 1799 haec
768 1762 884 1799 huius
907 1761 1014 1799 modi
1037 1775 1096 1799 res
1117 1770 1175 1799 est
1197 1775 1315 1811 quam
1342 1775 1404 1798 me
1424 1769 1602 1800 acturum
1626 1776 1664 1808 25

270 1839 354 1864 esse
381 1826 579 1876 polliceor,
604 1827 657 1865 ita
684 1829 833 1877 populo
863 1829 1049 1865 Romano
1075 1834 1183 1876 grata
1209 1834 1327 1875 atque
1356 1825 1540 1871 iucunda,
1562 1834 1603 1864 ut

270 1890 353 1941 ipse
373 1893 511 1930 consul
532 1891 571 1930 in
593 1893 666 1930 hac
683 1906 801 1930 causa
823 1906 914 1942 prae
932 1905 995 1929 me
1017 1891 1146 1929 minus
1163 1890 1292 1937 etiam,
1312 1890 1343 1928 si
1364 1890 1444 1928 fieri
1466 1892 1599 1940 possit,

270 1969 387 2005 quam
410 1957 580 2006 privatus
601 1971 686 1995 esse
707 1957 894 1995 videatur.

322 2022 469 2060 Omnia
490 2036 569 2061 non
592 2024 714 2061 modo
735 2022 1163 2068 commemorabuntur,
1186 2023 1255 2060 sed
1277 2021 1392 2059 etiam
1415 2021 1600 2071 expositis

269 2087 382 2124 certis
410 2088 525 2125 rebus
555 2096 727 2137 agentur,
752 2102 853 2137 quae
884 2087 983 2125 inter
1012 2089 1150 2126 decem
1181 2100 1320 2126 annos.
1341 2094 1598 2136 posteaquam
1619 2105 1661 2135 30

315 2200 332 2229 7
352 2191 574 2229 periculosum
587 2191 622 2221 D
633 2192 674 2223 al.
685 2191 727 2231 pb
746 2204 752 2222 :
776 2190 1098 2231 periculosissimum
1111 2201 1151 2229 qr
1240 2200 1276 2228 13
1294 2190 1372 2219 mihi
1387 2190 1598 2229 tanlesumo)

268 2244 334 2263 om.
355 2234 418 2264 ΒΨ
543 2246 579 2274 15
605 2235 674 2267 Ian.
694 2235 727 2264 D
743 2246 749 2265 :
776 2235 848 2265 Iun.
863 2240 888 2274 p
976 2245 1089 2264 seeum
1108 2234 1232 2263 habere
1249 2233 1304 2272 Dp
1319 2237 1348 2263 el
1358 2234 1434 2272 pler.
1561 2234 1600 2263 18

269 2283 325 2307 aut
342 2278 495 2317 accipere
519 2285 574 2309 aut
600 2280 751 2318 recipere
776 2291 795 2308 π
812 2279 887 2309 Asc.
908 2290 914 2308 :
939 2283 995 2308 aut
1020 2289 1085 2308 rec.
1109 2283 1164 2308 aut
1187 2287 1254 2307 acc.
1275 2276 1360 2306 ow
1450 2286 1490 2315 25
1515 2277 1598 2306 haee

270 2321 368 2351 huius
387 2322 531 2362 modipb
548 2323 590 2352 al.
610 2334 616 2352 :
640 2323 724 2353 haec
741 2323 881 2352 huiusce
899 2322 986 2352 modi
1005 2321 1039 2350 D
1055 2321 1096 2352 al.
1116 2333 1122 2351 :
1148 2320 1247 2351 huius
1265 2320 1353 2350 modi
1373 2320 1455 2350 haec
1474 2330 1511 2359 qr
