1715 2734
158 68 426 107 ACTIONIS
457 68 518 105 IN
547 67 591 105 C.
623 67 863 103 VERREM
895 65 1193 104 SECVNDAE
1224 67 1325 104 LIB.
1351 67 1392 103 II
1437 75 1479 113 17
1497 80 1535 106 41

158 178 295 228 incipit
316 191 383 217 eos
408 185 450 215 ut
473 178 679 215 absentem
706 176 934 215 Heraclium
959 177 1240 214 condemnent.
1301 176 1363 215 Illi
1387 189 1478 215 eum

156 241 517 282 commonefaciunt
551 249 603 288 ut,
637 242 668 279 si
703 242 777 279 sibi
810 241 997 288 videatur,
1032 248 1162 278 utatur
1195 241 1373 279 instituto
1407 254 1480 280 suo

156 322 229 347 nec
273 315 386 357 cogat
423 314 515 345 ante
555 308 691 344 horam
731 306 925 345 decimam
964 307 1015 345 de
1052 307 1215 345 absente
1258 308 1478 346 secundum

155 380 401 423 praesentem
428 372 623 410 iudicare:
654 373 872 422 impetrant.
933 374 1088 411 Interea
1112 385 1206 410 sane
1230 373 1478 422 perturbatus
1499 385 1539 416 4²

116 455 133 487 5
155 445 194 476 et
216 438 301 487 ipse
324 445 363 476 et
387 437 470 476 eius
496 436 612 475 amici
642 444 680 475 et
708 437 919 476 consiliarii
949 439 1113 476 moleste
1138 439 1235 475 ferre
1264 445 1479 487 coeperunt

156 502 385 541 Heraclium
430 502 670 552 profugisse3
722 502 913 552 putabant
954 502 1128 541 absentis
1168 503 1479 549 damnationem,

153 569 378 618 praesertim
403 575 534 606 tantae
561 567 762 618 pecuniae,
787 569 911 606 multo
935 567 1229 606 invidiosiorem
1253 568 1335 605 fore
1359 580 1478 617 quam

153 635 184 671 si
219 646 402 682 praesens
433 634 642 671 damnatus
674 640 785 672 esset.
847 634 907 671 Eo
940 633 1155 671 accedebat
1190 633 1299 682 quod
1328 631 1478 670 iudices

153 712 174 736 e
194 699 279 747 lege
310 697 468 747 Rupilia
489 698 569 736 dati
593 711 675 735 non
700 705 835 745 erant3
864 699 988 735 multo
1010 697 1127 735 etiarn
1155 710 1236 735 rem
1263 696 1477 746 turpiorem

95 778 133 800 10
152 764 234 800 sore
272 769 310 800 et
349 762 583 812 iniquiorem
621 762 747 800 visum
790 762 835 800 iri
873 762 1162 812 intellegebant.
1223 762 1363 811 Itaque
1401 762 1477 799 hoc

151 829 247 866 dum
283 828 473 877 corrigere
501 829 594 875 vult,
629 826 799 877 apertior
829 826 912 865 eius
944 826 1138 876 cupiditas
1168 825 1477 876 improbitasque

151 894 253 931 facta
272 900 340 931 est.
401 893 505 930 Nam
526 891 600 930 illis
625 891 801 942 quinque
822 891 1017 930 iudicibus
1042 890 1097 929 uti
1123 904 1164 929 se
1185 898 1325 940 negat;
1355 890 1473 937 iubet,

150 959 190 996 id
211 959 319 1007 quod
341 957 452 995 initio
472 958 556 1007 lege
578 957 737 1006 Rupilia
756 956 837 994 fieri
858 963 1092 1006 oportuerat,
1116 955 1223 993 citari
1245 955 1474 994 Heraclium

150 1030 188 1061 et
219 1036 287 1061 eos
321 1023 388 1072 qui
412 1022 542 1061 dicam
573 1023 803 1071 scripserant
818 1036 827 1069 ;
861 1023 914 1059 ait
944 1034 985 1059 se
1014 1020 1163 1059 iudices
1193 1034 1240 1058 ex
1269 1021 1354 1069 lege
1378 1023 1475 1059 velle

94 1101 128 1132 15
150 1087 285 1125 sortiri.
347 1089 468 1136 Quod
488 1087 539 1125 ab
559 1100 607 1125 eo
627 1086 762 1136 pridie,
785 1100 875 1124 cum
897 1087 1029 1123 multis
1050 1085 1218 1123 lacrimis
1238 1098 1328 1122 cum
1350 1092 1476 1122 oraret

148 1160 267 1202 atque
294 1153 525 1199 obsecraret,
561 1151 769 1189 Heraclius
799 1151 1006 1201 impetrare
1032 1163 1113 1188 non
1148 1157 1341 1200 potuerat,
1370 1149 1411 1187 id
1440 1148 1474 1187 ei

150 1217 339 1267 postridie
378 1217 483 1255 venit
521 1217 561 1254 in
596 1224 783 1263 mentem,
818 1230 864 1254 ex
902 1217 987 1266 lege
1020 1214 1180 1264 Rupilia
1211 1214 1335 1253 sortiri
1367 1213 1475 1252 dicas

149 1290 341 1332 oportere.
400 1283 545 1321 Educit
565 1295 611 1320 ex
636 1295 733 1320 urna
753 1281 819 1319 tris
834 1296 844 1329 ,-
872 1281 932 1319 his
954 1288 996 1319 ut
1015 1281 1221 1319 absentem
1243 1279 1473 1318 Heraclium

148 1349 417 1386 condemnent
438 1347 626 1397 imperat;
655 1346 786 1396 itaque
807 1347 1085 1384 condemnant.

90 1428 132 1451 20
204 1414 327 1462 Quae,
351 1414 509 1458 malum,
533 1412 605 1450 ista
629 1411 700 1449 fuit
720 1410 915 1449 amentia!
974 1411 1197 1460 Ecquando
1220 1417 1258 1448 te
1281 1409 1474 1448 rationem
1494 1425 1536 1456 43

148 1479 339 1516 factorum
379 1485 535 1515 tuorum
578 1476 821 1514 redditurum
860 1475 1035 1526 putasti?
1078 1476 1288 1525 ecquando
1326 1474 1386 1512 his
1424 1475 1475 1512 de

147 1543 263 1581 rebus
292 1542 378 1580 talis
407 1542 509 1580 viros
543 1542 745 1580 audituros
776 1540 1033 1579 existimasti?
1090 1542 1249 1578 Petatur
1278 1538 1474 1578 hereditas

146 1621 201 1654 ea,
225 1621 326 1657 quae
347 1609 454 1646 nulla
482 1607 659 1653 debetur,
681 1605 721 1644 in
742 1606 928 1656 praedam
956 1605 1173 1655 praetoris?
1203 1604 1474 1654 interponatur

147 1685 294 1712 nomen
338 1671 532 1711 civitatis?
575 1671 799 1721 imponatur
838 1671 1027 1708 honestae
1066 1669 1213 1708 civitati
1252 1669 1474 1720 turpissima

89 1750 127 1784 ²5
148 1751 315 1788 persona
340 1736 589 1776 calumniae?
619 1749 748 1785 neque
769 1736 845 1773 hoc
867 1736 1006 1781 solum,
1030 1736 1099 1773 sed
1124 1734 1176 1772 ita
1197 1747 1256 1772 res
1276 1741 1411 1784 agatur
1430 1742 1473 1772 ut

148 1816 198 1842 ne
219 1802 415 1840 simulatio
436 1801 597 1851 quidem
619 1799 824 1850 aequitatis
849 1801 928 1837 ulla
947 1799 1210 1837 adhibeatur?
1266 1799 1382 1846 Nam,
1405 1811 1474 1849 per

146 1869 243 1906 deos
268 1866 509 1912 immortalis,
533 1864 630 1915 quid
655 1865 814 1902 interest
835 1871 964 1902 utrum
992 1871 1147 1913 praetor
1171 1863 1335 1913 imperet
1355 1863 1472 1913 vique

147 1939 260 1982 cogat
284 1931 456 1981 aliquem
477 1932 527 1969 de
557 1929 636 1968 suis
657 1929 772 1968 bonis
794 1928 978 1967 omnibus
1003 1929 1207 1975 decedere,
1230 1941 1280 1965 an
1308 1927 1472 1966 huiusce

191 2046 210 2066 2
234 2036 294 2067 sibi
312 2035 380 2066 cO:
407 2035 437 2065 ei
451 2039 475 2074 p
488 2033 552 2064 rell.
634 2033 808 2063 videretur
826 2033 907 2066 (om.
928 2031 1055 2064 utaturl
1077 2057 1082 2062 .
1102 2055 1109 2063 .
1130 2056 1135 2062 .
1156 2042 1197 2062 ne
1215 2036 1316 2070 cogat
1334 2030 1381 2061 cO
1398 2032 1470 2073 (ne-

148 2085 250 2119 gogat
264 2080 300 2119 p)
390 2079 410 2108 8
434 2078 598 2108 accedere
620 2077 650 2105 V
733 2087 754 2116 9
770 2086 813 2106 ex
834 2075 865 2105 V
952 2085 991 2105 10
1015 2076 1086 2106 sore
1103 2075 1170 2105 cO:
1195 2086 1261 2106 om.
1282 2075 1347 2107 rell.
1433 2086 1467 2106 11

148 2124 220 2153 uolt
239 2123 269 2152 V
445 2131 482 2159 14
506 2121 550 2151 ait
574 2119 668 2150 VcOk
687 2131 692 2150 :
718 2120 832 2158 aitque
844 2124 889 2159 pq
1046 2129 1082 2148 ·c·
1102 2129 1144 2149 ex
1162 2119 1238 2157 lege
1255 2118 1318 2148 cO:
1348 2118 1423 2158 lege
1445 2120 1475 2148 V

151 2168 182 2206 (ξ
200 2177 252 2205 39,
273 2166 389 2205 supra)
583 2173 619 2202 15
644 2173 720 2193 cum
739 2167 851 2193 oraret
873 2161 973 2192 Vrell.
1003 2163 1054 2201 (cf.
1079 2163 1110 2199 ii,
1139 2165 1154 2198 ξ
1173 2171 1212 2200 57
1233 2173 1239 2192 z
1274 2162 1320 2199 iii,
1348 2165 1363 2199 ξ
1388 2165 1444 2201 67)
1464 2174 1470 2193 :

147 2214 262 2240 oraret
279 2210 360 2246 (om.
380 2208 468 2245 cum)
487 2206 546 2237 εΟι
724 2208 762 2236 16
785 2211 885 2245 atque
903 2206 1097 2235 obsecraret
1115 2215 1180 2236 om.
1200 2203 1258 2234 cO¹
1431 2216 1469 2245 17

150 2253 312 2292 postridie
335 2252 408 2282 VcO
423 2263 430 2281 z
455 2255 592 2290 postero
609 2250 664 2280 die
678 2255 700 2289 p
712 2249 775 2280 rell.
950 2258 987 2287 17
1013 2259 1053 2278 ex
1072 2248 1146 2287 lege
1169 2247 1246 2280 VO:
1272 2258 1290 2278 e
1308 2248 1383 2288 lege
1401 2249 1465 2280 rell.

155 2297 192 2326 18
215 2297 275 2326 tris
291 2306 357 2326 om.
382 2294 412 2323 V
525 2294 577 2323 his
594 2294 664 2324 Ob:
688 2293 729 2323 iis
745 2292 813 2323 edd.
927 2302 968 2331 23
992 2302 1031 2322 ea
1048 2301 1111 2322 om.
1134 2290 1175 2321 Οι
1287 2302 1326 2330 25
1350 2298 1470 2331 agatur

151 2339 218 2370 cOb
232 2351 239 2370 t
263 2341 373 2379 agitur
390 2339 453 2369 rell.
