1715 2734
162 58 205 94 18
224 63 268 104 46
596 59 651 96 M.
683 58 852 96 TVLLI
883 58 1191 98 CICERONIS

278 169 372 207 Non
403 170 626 208 mehercule
655 169 825 219 augendi
855 169 1027 209 criminis
1057 183 1187 219 causa,
1217 170 1382 219 iudices,
1409 170 1554 220 dicam,

224 235 308 281 sed,
334 248 453 284 quem
475 235 558 285 ipse
578 235 713 284 accepi
735 234 860 273 oculis
887 234 1102 285 animoque
1138 249 1312 284 sensum,
1334 237 1440 275 hunc
1464 250 1553 276 vere

162 309 203 343 47
222 302 330 349 apud
365 313 434 339 vos
470 308 518 347 et,
555 309 597 338 ut
628 308 780 349 potero,
809 300 1034 350 planissime
1062 315 1268 352 exponam.
1327 303 1431 340 Nam
1461 315 1552 340 cum

223 365 484 415 quadriennio
505 373 592 415 post
614 365 652 402 in
682 365 853 403 Siciliam
874 365 1084 414 venissem,
1104 367 1159 405 sic
1180 367 1275 404 mihi
1296 368 1452 406 adfecta
1471 367 1553 406 visa

221 439 279 469 est
310 438 352 469 ut
376 444 445 469 eae
471 437 593 469 terrae
620 432 747 469 solent
768 430 807 468 in
841 431 984 480 quibus
1018 431 1166 470 bellum
1197 433 1383 471 acerbum
1407 432 1553 471 diutur-

221 509 397 546 numque
429 503 624 533 versatum
661 503 729 533 est.
790 497 902 544 Quos
928 509 1001 545 ego
1030 509 1191 546 campos
1215 505 1331 536 antea
1362 497 1552 547 collisque

220 560 477 599 nitidissimos
524 560 862 610 viridissimosque
911 560 1107 608 vidissem,
1159 563 1231 600 hos
1280 562 1332 600 ita
1379 569 1551 600 vastatos

220 639 326 664 nunc
358 640 404 664 ac
437 627 613 664 desertos
641 625 826 664 videbam
859 633 901 664 ut
930 639 1021 676 ager
1059 626 1142 677 ipse
1177 629 1366 666 cultorem
1400 627 1551 666 deside-

219 705 302 730 rare
335 705 381 729 ac
413 693 544 740 lugere
584 691 792 729 dominum
832 690 1037 729 videretur.
1101 691 1350 730 Herbitensis
1384 705 1474 742 ager
1513 699 1550 730 et

221 756 465 803 Hennensis,
502 756 792 805 Murgentinus,
824 756 1049 804 Assorinus,
1084 757 1384 804 Imacharensis,
1418 757 1551 807 Agyri-

217 821 350 859 nensis
390 821 443 859 ita
482 821 638 859 relictus
678 829 758 859 erat
797 835 844 859 ex
876 821 1046 859 maxima
1085 830 1193 871 parte
1232 830 1274 860 ut
1304 836 1385 859 non
1421 823 1547 859 solum

216 886 395 936 iugorum
420 887 489 924 sed
512 886 630 924 etiam
652 885 905 924 dominorum
929 886 1222 925 multitudinem
1248 900 1550 936 quaereremus;

215 951 427 990 Aetnensis
450 964 542 990 vero
567 964 672 1001 ager,
700 951 767 1001 qui
797 952 947 990 solebat
977 965 1061 990 esse
1084 951 1336 999 cultissimus,
1357 960 1409 999 et,
1439 953 1547 1001 quod

214 1024 332 1067 caput
353 1024 411 1055 est
431 1016 483 1055 rei
514 1016 803 1065 frumentariae,
823 1030 986 1066 campus
1013 1016 1412 1064 Leontinus,—cuius
1431 1025 1548 1055 antea

214 1081 365 1131 species
395 1083 493 1120 haec
525 1089 605 1120 erat
632 1090 687 1129 ut,
716 1095 806 1120 cum
833 1081 1006 1120 obsitum
1037 1081 1215 1126 vidisses,
1244 1095 1427 1120 annonae
1455 1082 1545 1120 cari-

213 1153 334 1185 tatem
356 1160 436 1185 non
457 1146 756 1194 vererere,—sic
786 1154 866 1185 erat
888 1147 1074 1185 deformis
1095 1154 1214 1196 atquc
1242 1146 1421 1185 horridus
1442 1155 1484 1185 ut
1505 1147 1544 1185 in

213 1212 409 1250 uberrima
439 1212 593 1251 Siciliae
623 1220 732 1262 parte
761 1211 933 1250 Siciliam
964 1225 1240 1261 quaereremus
1256 1226 1265 1259 3
1294 1212 1545 1250 labefactarat

212 1277 318 1315 enim
358 1279 612 1316 vehementer
642 1285 813 1315 aratores
849 1277 926 1314 iam
966 1277 1142 1327 superior
1176 1290 1314 1324 annus,
1345 1276 1544 1326 proximus

144 1323 192 1405 12
212 1356 304 1380 vero
334 1343 509 1381 funditus
531 1350 728 1381 everterat.
789 1344 851 1380 Tu
883 1342 978 1380 mihi
1000 1342 1117 1380 etiam
1146 1343 1269 1380 audes
1300 1342 1542 1380 mentionem

148 1385 168 1414 4
210 1409 337 1446 facere
376 1409 664 1446 decumarum?
721 1416 762 1446 tu
808 1407 846 1445 in
890 1415 997 1445 tanta
1042 1407 1304 1457 improbitate,
1347 1407 1386 1444 in
1433 1415 1541 1446 tanta

209 1473 431 1521 acerbitate,
463 1473 501 1511 in
531 1481 588 1511 tot
608 1486 654 1511 ac
685 1472 802 1511 tantis
823 1472 983 1520 iniuriis,
1007 1486 1097 1510 cum
1119 1472 1158 1509 in
1179 1471 1420 1510 arationibus
1442 1480 1479 1510 et
1501 1472 1540 1510 in

208 1552 340 1577 earum
362 1552 489 1577 rerum
507 1539 588 1576 iure
609 1538 809 1588 provincia
829 1537 960 1576 Sicilia
981 1538 1178 1584 consistat,
1203 1537 1345 1575 eversis
1363 1538 1539 1576 funditus

205 1604 434 1651 aratoribus,
472 1603 614 1642 relictis
645 1603 756 1653 agris,
795 1617 885 1641 cum
921 1603 959 1641 in
994 1603 1195 1653 provincia
1228 1611 1307 1641 tam
1342 1604 1538 1653 locuplete

204 1682 250 1706 ac
289 1670 428 1708 referta
466 1682 547 1707 non
587 1670 708 1707 modo
748 1682 830 1707 rem
866 1669 936 1706 sed
976 1682 1026 1706 ne
1065 1681 1175 1718 spem
1215 1667 1377 1717 quidem
1417 1669 1535 1706 ullam

204 1735 394 1785 reliquam
438 1735 623 1784 cuiquam
673 1734 820 1781 feceris,
861 1733 1011 1783 aliquid
1062 1741 1100 1771 te
1143 1734 1331 1783 populare
1379 1733 1535 1782 putabis

204 1802 349 1839 habere
377 1814 467 1839 cum
495 1800 603 1839 dices
634 1808 672 1838 te
703 1800 822 1850 pluris
854 1813 972 1849 quam
1005 1807 1155 1837 ceteros
1186 1800 1374 1837 decumas
1404 1798 1536 1836 vendi-

204 1865 338 1904 disse?
396 1866 519 1914 Quasi
542 1879 634 1904 vero
664 1873 731 1903 aut
754 1867 923 1915 populus
953 1867 1157 1902 Romanus
1183 1866 1259 1902 hoc
1281 1863 1445 1902 voluerit
1468 1871 1535 1901 aut

203 1938 361 1969 senatus
406 1932 482 1969 hoc
521 1930 591 1968 tibi
636 1930 889 1977 mandaverit,
932 1937 983 1977 ut,
1026 1943 1116 1968 cum
1164 1929 1292 1967 omnis
1338 1936 1534 1966 aratorum

249 2044 262 2063 1
289 2033 500 2065 mehercules
521 2032 551 2062 O
570 2034 601 2072 (ξ
621 2044 662 2072 32
680 2034 797 2072 snpra‘.v
899 2033 1043 2071 augendi
1062 2032 1213 2062 criminis
1234 2031 1294 2061 ΙὈ
1311 2043 1317 2062 :
1341 2033 1433 2063 crim.
1453 2042 1528 2071 aug.

199 2084 223 2118 j>
241 2077 308 2110 rell.
435 2088 453 2108 2
479 2079 552 2116 ipsc
569 2077 684 2116 accepi
707 2077 791 2107 ls'O:
816 2077 931 2115 accepi
951 2077 1023 2115 ipse
1043 2076 1107 2106 rell.
1231 2086 1250 2114 5
1276 2086 1336 2106 cae
1362 2076 1431 2116 Vp:
1456 2086 1532 2106 csse

206 2122 256 2151 0:
282 2121 344 2152 liae
363 2121 429 2152 rell.
614 2131 647 2151 11
676 2127 709 2150 ut
728 2131 770 2150 cx
789 2121 933 2151 maxima
951 2125 1045 2159 parte
1065 2119 1095 2149 O
1275 2130 1310 2148 12
1335 2119 1488 2159 iugorum
1506 2118 1537 2149 V

206 2168 238 2201 r§
261 2175 314 2194 121
335 2165 437 2204 infra}
456 2176 462 2195 :
489 2166 640 2203 iugerum
660 2164 724 2194 rell.
880 2174 916 2202 14
944 2169 1021 2193 ante
1044 2163 1075 2192 V
1088 2163 1136 2203 (ii,
1157 2166 1172 2200 §
1191 2164 1255 2201 823
1281 2162 1326 2201 iii,
1347 2166 1384 2200 §§
1403 2173 1452 2201 24,
1472 2165 1530 2202 63⁸)

204 2219 247 2238 20
272 2209 301 2238 in
325 2214 414 2239 tanta
438 2209 578 2248 improb.
602 2207 670 2237 cO:
711 2219 776 2238 om.
797 2207 862 2238 rell.
886 2207 988 2247 (unde
1009 2207 1098 2246 vulg.
1119 2213 1152 2237 tu
1171 2207 1203 2236 in
1221 2212 1313 2237 tanta
1331 2207 1528 2239 acerbitate)

204 2263 240 2282 21
269 2263 305 2282 ac
325 2253 374 2282 O:
401 2257 434 2285 et
448 2258 471 2292 p
490 2252 555 2282 rell.
577 2253 609 2291 (δ
629 2251 686 2289 53)
787 2261 827 2290 25
855 2256 950 2290 putas
967 2250 1008 2281 ιιΙ.
1032 2251 1065 2280 in
1079 2261 1145 2291 mg.
1167 2249 1286 2281 Lami).
1311 2252 1388 2288 1584
1490 2251 1532 2280 26

204 2296 295 2325 dices
315 2301 336 2334 p
354 2296 418 2326 rull.
439 2307 444 2324 :
471 2296 554 2325 dicis
574 2294 624 2333 Oq
643 2295 678 2324 ul
706 2295 738 2325 1⁴11
757 2306 822 2333 ηις.
845 2295 960 2325 Lamb.
987 2295 1063 2332 1584
1201 2296 1241 2323 28
1267 2294 1321 2324 tibi
1342 2294 1404 2323 hoc
1425 2294 1455 2322 ()

1574 772 1611 792 10

1569 1097 1605 1129 ¹5

1564 1423 1603 1444 20

1558 1751 1596 1782 ²5
