1715 2734
137 118 402 159 ACTIONIS
424 122 484 158 IN
508 121 552 159 c.
575 121 817 158 VERREM
839 120 1136 159 SECVNDAE
1158 120 1261 156 ΜΒ.
1286 119 1345 156 IV
1414 127 1462 165 35
1484 130 1522 165 ῃ

132 241 227 275 esse,
251 228 410 276 iudices,
435 229 573 268 scitote
594 228 806 276 neminem,
825 242 953 279 neque
967 228 1133 266 liberum
1149 241 1278 277 neque
1293 241 1457 274 servum,

12 290 17 347 ξ
130 306 260 342 neque
290 293 414 332 civem
447 307 577 343 neque
604 294 862 344 peregrinum,
894 293 961 343 qui
993 294 1089 331 illud
1116 294 1269 342 signum
1299 293 1460 330 auderet

12 357 20 392 l
128 357 318 406 attingere
333 372 343 405 3
373 358 557 396 barbaros
579 360 773 408 quosdam
794 360 983 408 Lilybaeo
1003 357 1141 396 scitote
1161 358 1354 396 adductos
1375 370 1459 395 esse

12 393 20 455 i
128 424 351 471 operari0s3
380 422 404 459 ii
435 423 606 472 denique
637 423 733 462 illud
758 424 877 474 ignari
906 425 1025 461 totius
1046 424 1176 472 negoti
1197 436 1242 460 ac
1264 422 1458 472 religionis

13 455 20 533 i
91 500 108 531 5
128 487 309 524 mercede
340 494 503 536 accepta
534 489 783 526 sustulerunt.
844 489 964 536 Quod
1003 501 1092 525 cum
1132 501 1178 525 ex
1216 488 1365 537 oppido
1399 501 1458 524 ex-

14 548 19 614 ]
127 551 364 600 portabatur,
387 564 505 600 quem
527 560 767 590 conventum
795 552 1001 590 mulierum
1031 553 1177 590 factum
1199 565 1283 589 esse
1302 551 1457 589 arbitra-

12 616 18 700 ]
128 615 234 661 mini,
257 629 374 664 quern
396 617 531 654 fletum
554 616 745 654 maiorum
767 619 893 655 natu?
921 630 1088 666 quorum
1118 630 1197 654 non
1225 616 1318 654 nulli
1339 617 1455 654 etiam

15 867 18 891 1

15 905 20 975 ἔ

16 998 20 1032 l

16 1066 19 1086 l

17 1139 21 1168 l

17 1196 20 1232 l

17 1237 21 1259 l

127 681 235 718 illum
284 680 389 719 diem
438 682 627 719 memoria
675 682 861 720 tenebant
910 696 1000 720 cum
1039 683 1103 720 illa
1141 683 1279 719 eadem
1328 681 1457 718 Diana

126 747 326 795 Segestam
375 747 612 796 Carthagine
660 755 813 785 revecta
851 748 1052 786 victoriam
1101 747 1236 797 populi
1285 747 1456 785 Romani

70 829 107 851 10
126 812 252 848 reditu
274 823 345 848 suo
365 812 593 849 nuntiasset.
654 814 785 860 Quam
807 812 1006 851 dissimilis
1027 812 1090 850 hic
1111 812 1193 851 dies
1215 812 1267 850 illi
1289 813 1456 862 tempori

125 874 330 913 videbatur
350 879 356 913 ἔ
413 877 516 913 Tum
539 877 748 926 imperator
768 879 903 927 populi
928 877 1111 924 Romani,
1131 877 1186 915 vir
1207 877 1453 924 clarissimus,

126 942 222 980 deos
243 941 388 992 patrios
409 942 632 992 reportabat
655 942 877 992 Segestanis
898 956 944 981 ex
974 944 1070 981 urbe
1099 942 1271 980 hostium
1299 956 1456 992 recupe-

125 1013 255 1044 ratos:
297 1020 403 1045 nunc
442 1020 488 1045 ex
527 1007 623 1045 urbe
663 1007 860 1045 sociorum
906 1014 1062 1056 praetor
1102 1007 1279 1045 eiusdem
1319 1007 1453 1056 populi

16 1119 18 1126 A
125 1071 372 1120 turpissimus
401 1079 521 1121 atque
550 1071 837 1121 impurissimus
869 1074 1031 1110 eosdem
1062 1072 1148 1110 illos
1181 1073 1276 1111 deos
1307 1072 1454 1110 nefario

17 1169 19 1193 ζ
69 1152 106 1183 15
126 1136 271 1173 scelere
291 1136 503 1174 auferebat.
563 1137 671 1185 Quid
701 1137 778 1174 hoc
808 1144 889 1174 tota
921 1136 1049 1174 Sicilia
1076 1145 1133 1175 est
1162 1139 1312 1184 clarius,
1336 1151 1453 1187 quam

126 1199 254 1237 omnis
276 1201 459 1250 Segestae
488 1208 686 1239 matronas
707 1209 745 1239 et
766 1200 932 1251 virgines
953 1203 1184 1240 convenisse
1213 1215 1301 1239 cum
1327 1204 1454 1240 Diana

127 1272 393 1314 exportaretur
413 1279 459 1304 ex
475 1267 635 1316 oppido,
656 1265 812 1304 unxisse
830 1266 1053 1316 unguenti5‚
1068 1269 1285 1317 complesse
1299 1268 1454 1305 coronis

127 1337 165 1367 et
186 1331 357 1376 fioribus,
382 1337 476 1376 ture,
501 1330 690 1369 odoribus
712 1330 883 1369 incensis
907 1345 1031 1381 usque
1052 1333 1102 1370 ad
1123 1331 1201 1381 agri
1220 1333 1306 1369 finis
1327 1345 1454 1382 prose-

127 1401 236 1432 cutas
258 1396 372 1433 esse?
429 1397 548 1433 Hanc
568 1403 610 1433 tu
631 1403 780 1433 tantam
812 1396 1038 1444 religionem
1064 1398 1094 1434 si
1121 1404 1204 1434 tum
1230 1397 1268 1434 in
1290 1397 1454 1447 imperio
1477 1405 1515 1445 78

67 1479 107 1500 20
126 1467 284 1509 propter
304 1459 560 1509 cupiditatem
583 1468 700 1510 atque
724 1460 932 1498 audaciam
961 1474 1041 1499 non
1069 1462 1382 1511 pertimescebas,
1406 1476 1454 1500 ne

126 1538 232 1562 nunc
257 1527 418 1575 quidem
451 1525 490 1563 in
523 1533 633 1563 tanto
668 1534 736 1563 tuo
768 1526 1060 1576 liberorumque
1094 1534 1248 1565 tuorum
1282 1527 1455 1577 periculo

126 1590 416 1639 perhorrescis?
474 1593 605 1640 Quem
627 1591 697 1629 tibi
718 1599 783 1629 aut
806 1592 1007 1630 hominem
1030 1592 1159 1630 invitis
1179 1592 1239 1630 dis
1260 1592 1454 1630 immorta-

125 1655 228 1694 libus
270 1664 335 1694 aut
374 1670 466 1695 vero
504 1658 623 1695 deum
670 1657 787 1695 tantis
836 1670 971 1696 eorum
1011 1658 1263 1707 religionibus
1302 1657 1452 1696 violatis

125 1722 268 1759 auxilio
298 1724 468 1761 futurum
501 1724 643 1772 putas?
699 1722 791 1760 Tibi
819 1722 883 1760 illa
915 1724 1043 1760 Diana
1072 1723 1111 1760 in
1141 1736 1237 1773 pace
1265 1730 1383 1772 atque
1413 1723 1451 1760 in

66 1802 103 1835 25
124 1786 206 1824 otio
237 1787 464 1837 religionem
501 1789 647 1826 nullam
680 1789 841 1826 attulit?
889 1801 989 1837 quae
1023 1802 1112 1826 cum
1148 1789 1246 1826 duas
1278 1788 1382 1826 urbis
1412 1788 1450 1825 in

124 1851 268 1901 quibus
302 1854 429 1890 locata
469 1854 591 1891 fuerat
627 1861 760 1903 captas
801 1853 1062 1903 incensasque
1102 1853 1274 1899 vidisset,
1308 1853 1367 1890 bis
1405 1866 1451 1891 ex

123 1917 290 1955 duorum
322 1917 515 1955 bellorum
546 1919 705 1956 flamma
734 1919 914 1967 ferroque
945 1926 1093 1956 servata
1123 1925 1204 1966 estg
1234 1932 1334 1968 quae
1362 1919 1449 1958 Car-

122 1981 428 2032 thaginiensium
453 1981 615 2021 victoria
647 1984 736 2021 loco
770 1991 920 2021 mutato
951 1983 1177 2033 religionem
1208 1990 1339 2021 tamen
1369 1997 1447 2022 non

20 2055 23 2102 ξ
121 2047 261 2094 amisit,
286 2050 326 2086 P.
350 2047 525 2086 Africani
547 2048 687 2087 virtute
717 2048 944 2099 religionem
977 2049 1091 2087 simul
1122 2062 1211 2087 cum
1237 2051 1324 2087 loco
1344 2063 1448 2088 recu-

66 2128 104 2158 30
121 2113 279 2162 peravit.
339 2113 432 2160 Quo
466 2114 626 2164 quidem
667 2116 812 2153 scelere
851 2122 1034 2164 suscepto
1068 2128 1158 2153 cum
1190 2114 1315 2152 inanis
1347 2123 1447 2153 esset

122 2178 225 2215 basis
246 2185 284 2216 et
305 2177 344 2216 in
361 2192 407 2217 ea
428 2181 470 2217 P.
495 2179 666 2217 Africani
693 2193 839 2219 nomen
870 2180 1047 2227 incisum,
1071 2193 1130 2218 res
1151 2179 1310 2229 indigna
1329 2187 1447 2230 atque

122 2241 367 2282 intoleranda
396 2243 603 2282 videbatur
631 2245 816 2283 omnibus
847 2258 927 2283 non
959 2246 1085 2283 solum
1118 2244 1322 2294 religiones
1363 2259 1447 2284 esse

122 2307 292 2355 violatas,
334 2322 469 2347 verum
508 2308 625 2347 etiam
666 2311 706 2347 P.
741 2309 930 2355 Africani,
963 2310 1030 2347 viri
1070 2309 1278 2355 fortissimi,
1319 2324 1445 2348 rerum

123 2380 315 2420 gestarum
343 2374 517 2423 gloriam,
548 2374 778 2412 memoriam
800 2376 960 2421 virtutis,
987 2382 1242 2412 monumenta
1263 2375 1447 2413 victoriae
