1715 2734
122 94 393 133 ACTIONIS
416 94 476 131 IN
499 93 541 132 C.
562 93 804 130 VERREM
827 92 1126 131 SECVNDAE
1150 92 1253 129 LIB.
1276 92 1342 128 III
1399 99 1447 137 77

122 219 178 245 xv
193 205 233 244 in
249 205 506 250 medimnum,
531 203 671 242 iterum
692 205 841 254 populo
864 205 1058 248 Romano,
1078 216 1100 240 a
1120 215 1200 251 quo
1222 203 1293 240 HS
1313 214 1387 239 xxr
1409 200 1449 239 in

121 270 323 308 medimna
342 282 413 319 pro
433 269 575 307 eodem
596 267 662 306 illo
684 269 879 306 frumento
900 266 1104 305 abstulisti.

174 337 228 373 At
257 334 362 373 enim
394 335 633 371 frumentum
660 331 1007 382 Centuripinorum
1039 339 1077 369 et
1104 330 1448 381 Agrigentinorum

120 407 159 438 et
182 413 264 438 non
291 400 487 437 nullorum
517 399 679 435 fortasse
709 404 908 447 praeterea
935 395 1108 446 probasti
1138 403 1176 434 et
1203 395 1262 433 his
1293 395 1449 445 populis

82 479 99 511 5
119 463 329 515 pecuniam
352 461 574 501 dissolvisti.
635 462 720 500 Sint
748 475 842 499 sane
868 461 1022 510 aliquae
1049 460 1223 498 civitates
1245 460 1283 497 in
1307 474 1353 498 eo
1382 474 1449 497 nu-

120 542 238 576 mero,
255 541 419 578 quarum
435 528 675 564 frumentum
692 525 913 576 improbare
931 525 1100 563 nolueris
1119 540 1128 572 3
1154 525 1250 574 quid
1264 527 1449 563 tandem?

119 592 179 631 his
208 591 430 630 civitatibus
459 590 640 629 omnisne
669 590 836 641 pecunia
862 603 963 639 quae
992 604 1062 639 pro
1091 591 1287 627 frumento
1315 589 1448 627 debita

119 665 177 696 est
197 657 387 696 dissoluta
407 658 497 694 est?
527 658 661 693 Vnum
683 655 779 693 mihi
801 655 923 705 reperi
946 668 1026 692 non
1051 655 1254 704 populum,
1279 655 1348 693 sed
1369 668 1448 692 ara-

119 730 270 761 torem:
305 722 404 769 vide,
437 735 589 771 quaere,
623 720 889 770 circumspice,
920 721 950 757 si
986 720 1072 769 quis
1105 721 1200 757 forte
1240 727 1297 757 est
1327 734 1373 757 ex
1402 733 1448 757 ea

64 802 100 823 10
119 786 331 838 provincia,
348 786 387 824 in
404 801 481 836 qua
502 794 542 824 tu
557 786 767 824 triennium
790 785 999 835 praefuisti,
1019 786 1084 834 qui
1105 793 1141 823 te
1163 784 1259 823 nolit
1281 784 1445 835 perisse:

119 867 254 900 unum,
272 852 446 902 inquam,
460 853 512 890 da
533 851 627 889 mihi
644 866 690 890 ex
711 851 784 888 illis
800 851 1015 889 aratoribus
1036 850 1103 900 qui
1118 850 1187 888 tibi
1207 851 1258 888 ad
1279 857 1445 888 statuam

118 918 327 969 pecuniam
341 919 603 964 contulerunt,
626 917 693 966 qui
710 916 784 954 sibi
805 916 910 954 dicat
926 930 1045 954 omne
1059 929 1143 954 esse
1165 929 1234 965 pro
1250 917 1446 954 frumento

119 984 228 1033 quod
248 982 463 1032 oportuerit
492 984 676 1020 solutum.
736 983 952 1027 Confirmo,
969 981 1129 1028 iudices,
1149 981 1348 1019 neminem
1362 995 1446 1019 esse

119 1046 327 1086 dicturum.

62 1128 99 1160 15
176 1114 234 1149 Ex
255 1112 363 1150 omni
384 1111 552 1162 pecunia
572 1125 690 1161 quam
719 1111 935 1149 aratoribus
963 1112 1111 1149 solvere
1137 1109 1308 1148 debuisti
1332 1109 1446 1148 certis

122 1176 352 1215 nominibus
381 1177 641 1216 deductiones
672 1177 754 1214 fieri
785 1177 976 1222 solebant,
999 1175 1169 1225 primum
1200 1188 1270 1224 pro
1299 1184 1447 1224 specta-

120 1240 227 1278 tione
262 1249 299 1279 et
333 1242 503 1290 collybo,
537 1241 682 1279 deinde
715 1254 785 1290 pro
820 1241 954 1279 nescio
988 1254 1068 1290 quo
1103 1240 1260 1278 cerario.
1332 1242 1446 1278 Haec

119 1305 262 1352 omnia,
279 1305 443 1353 iudices,
463 1319 544 1344 non
566 1319 692 1343 rerum
715 1312 919 1351 certarum,
940 1306 1010 1343 sed
1031 1306 1221 1342 furtorum
1244 1304 1447 1354 improbis-

119 1370 308 1409 simorum
344 1379 433 1409 sunt
468 1372 669 1410 vocabula.
730 1372 835 1409 Nam
873 1371 1052 1420 collybus
1086 1384 1171 1408 esse
1203 1369 1269 1419 qui
1304 1377 1443 1419 potest,

59 1453 101 1474 20
118 1449 209 1474 cum
248 1443 410 1473 utuntur
444 1450 581 1474 omnes
614 1449 695 1474 uno
728 1449 870 1485 genere
899 1437 1185 1473 nummorum?
1243 1434 1445 1473 Cerarium

118 1501 395 1550 verofflquid?
425 1514 506 1550 quo
534 1502 656 1539 modo
686 1502 761 1538 hoc
792 1514 938 1539 nomen
967 1502 1018 1538 ad
1050 1499 1218 1539 rationes
1250 1499 1445 1550 magistra-

118 1573 193 1609 tus,
214 1578 293 1616 quo
315 1566 436 1603 modo
456 1566 506 1603 ad
528 1564 736 1615 pecuniam
767 1565 965 1614 publicam
995 1566 1169 1603 adlatum
1193 1567 1282 1603 est?
1340 1567 1443 1602 Nam

117 1629 214 1668 illud
243 1644 365 1680 genus
396 1630 552 1668 tertium
583 1630 834 1668 deductionis
863 1638 943 1667 erat
968 1629 1050 1668 eius
1079 1630 1198 1676 modi,
1222 1629 1332 1679 quasi
1363 1644 1442 1668 non

118 1696 239 1733 modo
261 1695 393 1733 liceret
420 1697 489 1733 sed
517 1695 634 1733 etiam
663 1702 871 1744 oporteret,
895 1708 968 1732 nec
989 1696 1116 1732 solum
1147 1702 1342 1744 oporteret
1374 1696 1442 1733 sed

60 1775 97 1808 25
117 1760 233 1808 plane
254 1773 414 1798 necesse
431 1767 542 1797 esset.
603 1759 762 1797 Scribae
782 1758 944 1796 nomine
965 1760 1015 1797 de
1037 1767 1117 1796 tota
1140 1758 1306 1807 pecunia
1327 1759 1441 1798 binae

117 1823 466 1873 quinquagesimae
505 1824 823 1862 detrahebantur.
884 1823 983 1872 Quis
1019 1823 1089 1861 tibi
1125 1824 1199 1861 hoc
1234 1824 1438 1870 concessit,

116 1902 217 1938 quae
248 1890 318 1935 lex,
351 1902 453 1938 quae
478 1896 636 1926 senatus
665 1888 887 1934 auctoritas,
912 1901 1013 1937 quae
1044 1901 1159 1937 porro
1188 1889 1376 1938 aequitas,
1399 1897 1441 1927 ut

116 1960 264 1992 tantam
304 1953 512 2003 pecuniam
548 1953 675 1991 scriba
709 1960 812 2000 tuus,
837 1954 1003 1991 auferret
1038 1953 1118 1991 sive
1158 1954 1207 1991 de
1245 1961 1440 1992 aratorum

115 2018 230 2057 bonis
251 2018 331 2056 sive
351 2020 401 2057 de
423 2017 558 2068 populi
590 2017 761 2056 Romani
789 2017 1076 2067 vectigalibus?
1135 2020 1237 2056 Nam
1261 2018 1291 2055 si
1313 2026 1440 2067 potest

57 2097 97 2128 30
116 2082 188 2121 ista
218 2083 384 2133 pecunia
412 2083 494 2121 sine
520 2090 715 2120 aratorum
744 2082 882 2120 iniuria
910 2082 1073 2129 detrahi,
1097 2085 1266 2132 populus
1297 2084 1440 2121 Roma-

159 2197 178 2226 5
202 2198 285 2218 sane
303 2187 349 2217 cO
367 2198 372 2216 :
398 2197 461 2217 om.
477 2191 500 2226 p
519 2186 583 2216 rell.
687 2196 708 2225 9
732 2191 782 2216 est
799 2186 883 2217 sorte
904 2186 933 2216 O
1038 2197 1071 2217 11
1100 2186 1179 2216 mihi
1197 2187 1237 2217 da
1255 2187 1389 2226 inquam
1409 2186 1439 2217 Ο

115 2235 242 2261 statuas
258 2231 418 2269 pecunias
438 2230 467 2260 O
589 2240 625 2259 21
654 2230 733 2269 quid
750 2229 819 2260 cO:
845 2231 923 2269 quid
941 2241 1041 2261 vocas
1055 2236 1079 2270 p
1093 2231 1156 2260 rell.
1277 2240 1316 2269 25
1341 2230 1439 2269 plane

116 2284 257 2304 necesse
274 2279 365 2304 esset
384 2274 413 2304 O
433 2273 495 2304 rell.
515 2272 626 2304 Muell.
643 2284 649 2304 ε
676 2283 816 2303 necesse
834 2278 924 2304 esset
942 2275 1041 2313 plane
1059 2273 1129 2304 edd.
1149 2285 1219 2304 rece.
1397 2276 1439 2303 26

115 2317 177 2348 hoc
196 2317 252 2347 tibi
273 2317 303 2347 Ο
446 2318 487 2347 28
511 2317 693 2356 auferretp
711 2328 718 2347 ε
742 2322 914 2347 averreret
934 2329 954 2355 c,
976 2323 1108 2348 averret
1129 2317 1158 2347 O
1175 2329 1181 2347 z
1205 2322 1376 2347 averteret
1394 2318 1434 2348 al.

116 2361 148 2401 (ᾗ
168 2372 229 2399 224
247 2361 348 2400 inji‘a)

1472 101 1531 137 179

1474 340 1531 369 180

1466 1076 1515 1122 78

1470 1137 1525 1166 181

1464 2025 1521 2055 182
