1715 2734
199 120 251 157 32
273 121 308 157 71
640 111 696 148 M.
728 111 897 148 TVLLI
930 110 1238 150 CICERONIS

200 1201 236 1235 72

270 233 373 270 quae
411 221 641 259 domesticis
681 219 824 270 stupris
864 219 1098 270 flagitiisque
1137 221 1389 271 flagrabunt?
1429 221 1469 259 in
1490 222 1600 260 istius

269 285 423 324 lenonis
445 285 661 336 turpissimi
683 286 806 323 domo
827 286 944 323 simul
966 299 1056 323 cum
1078 286 1216 324 ceteris
1239 286 1473 325 Chelidonis
1494 289 1600 326 here-

265 350 415 389 ditariis
448 349 690 388 ornamentis
727 349 898 399 Capitoli
939 357 1172 388 ornamenta
1205 353 1434 400 ponentur?
1490 351 1600 400 Quid

266 415 359 454 huic
391 414 487 453 sacri
511 428 702 464 umquam
725 415 806 453 fore
827 422 894 452 aut
916 414 1013 464 quid
1034 414 1202 465 religiosi
1227 415 1346 454 fuisse
1368 415 1511 466 putatis
1532 417 1599 465 qui

266 494 372 519 nunc
402 487 512 518 tanto
547 481 693 518 scelere
723 493 764 518 se
795 479 1028 518 obstrictum
1060 493 1145 519 esse
1174 494 1255 519 non
1286 482 1437 527 sentiat,
1470 481 1538 531 qui
1559 481 1597 519 in

265 545 455 584 iudicium
487 544 618 583 veniat
649 543 718 582 ubi
750 558 799 582 ne
830 545 979 594 precari
1021 544 1183 594 quidem
1220 547 1356 584 Iovem
1390 546 1598 596 Optimum

265 611 487 648 Maximum
527 618 646 660 atque
685 610 735 647 ab
775 623 822 648 eo
861 609 1049 648 auxilium
1098 618 1230 660 petere
1269 625 1377 649 more
1419 611 1597 649 omnium

263 675 419 726 possit?
458 689 481 713 a
513 689 593 724 quo
633 675 750 713 etiam
791 674 831 713 di
872 674 1112 714 immortales
1147 689 1217 714 sua
1256 684 1438 725 repetunt
1476 676 1516 714 in
1550 690 1598 715 eo

263 740 410 779 iudicio
441 741 549 790 quod
586 739 815 778 hominibus
846 741 897 778 ad
929 754 1019 779 suas
1054 755 1113 779 res
1150 743 1383 792 repetendas
1415 749 1473 779 est
1507 755 1598 780 con-

262 806 454 843 stitutum.
518 805 710 843 Miramur
744 805 913 843 Athenis
954 805 1190 853 Minervam,
1233 806 1322 844 Deli
1356 806 1594 856 Apollinem,

263 873 460 909 Iunonem
493 870 613 918 Sami,
646 873 791 920 Pergae
823 871 1006 917 Dianam,
1039 873 1184 909 multos
1214 880 1413 921 praeterea
1441 873 1492 910 ab
1523 872 1597 911 isto

261 937 358 973 deos
389 943 471 973 tota
502 935 596 973 Asia
617 935 864 985 Graeciaque
885 935 1061 982 violatos,
1092 935 1160 986 qui
1189 950 1212 974 a
1237 935 1435 986 Capitolio
1457 949 1596 974 manus

259 1001 456 1040 abstinere
496 1014 576 1040 non
612 1001 814 1051 potuerit?
873 1002 994 1049 Quod
1034 1001 1171 1052 privati
1211 1002 1392 1040 homines
1431 1003 1481 1040 de
1516 1002 1595 1040 suis

260 1066 437 1116 pecuniis
468 1074 609 1104 ornant
639 1066 894 1117 ornaturique
925 1074 1026 1113 sunt,
1056 1066 1097 1106 id
1120 1068 1163 1107 C.
1188 1067 1329 1105 Verres
1358 1067 1410 1105 ab
1439 1066 1594 1117 regibus

260 1132 387 1169 ornari
410 1146 490 1170 non
512 1146 649 1182 passus
671 1140 739 1171 est.

315 1199 456 1247 Itaque
486 1199 562 1236 hoc
593 1197 743 1236 nefario
773 1199 920 1237 scelere
950 1205 1146 1248 concepto
1176 1197 1272 1236 nihil
1294 1205 1431 1249 postea
1451 1204 1532 1236 tota
1553 1197 1592 1235 in

259 1263 391 1302 Sicilia
423 1277 553 1313 neque
589 1263 687 1302 sacri
719 1277 848 1314 neque
874 1263 1042 1313 religiosi
1070 1263 1180 1302 duxit
1210 1277 1322 1311 esse3
1356 1264 1409 1302 ita
1438 1277 1523 1302 sese
1553 1263 1592 1301 in

259 1342 306 1367 ea
339 1328 540 1378 provincia
572 1342 641 1378 per
680 1328 891 1366 triennium
926 1329 1044 1379 gessit
1074 1336 1116 1366 ut
1155 1329 1205 1367 ab
1241 1328 1316 1367 isto
1351 1342 1431 1367 non
1463 1329 1591 1366 solum

258 1393 486 1431 hominibus
509 1407 643 1431 verum
670 1393 787 1432 etiam
810 1393 870 1432 dis
908 1393 1196 1432 immortalibus
1228 1394 1376 1432 bellum
1398 1393 1591 1432 indictum

184 1467 236 1504 33
259 1466 470 1509 putaretur.
530 1460 691 1509 Segesta
712 1467 770 1497 est
791 1458 985 1509 oppidum
1008 1467 1189 1508 pervetus
1208 1459 1246 1496 in
1264 1458 1406 1505 Sicilia,
1425 1458 1587 1505 iudices,

257 1525 366 1574 quod
387 1524 437 1562 ab
460 1525 597 1562 Aenea
617 1523 791 1573 fugiente
813 1537 836 1561 a
856 1523 976 1561 Troia
992 1531 1111 1573 atque
1133 1523 1171 1561 in
1194 1525 1291 1562 haec
1306 1525 1392 1562 loca
1408 1523 1590 1562 veniente

257 1589 464 1628 conditum
495 1603 581 1628 esse
611 1590 897 1628 demonstrant.
960 1591 1100 1639 Itaque
1131 1589 1332 1638 Segestani
1361 1603 1438 1627 non
1462 1591 1589 1627 solum

257 1663 447 1706 perpetua
476 1654 665 1694 societate
694 1662 814 1705 atque
843 1653 1030 1700 amicitia,
1051 1668 1185 1692 verum
1211 1654 1328 1692 etiam
1355 1654 1590 1703 cognatione

255 1735 297 1759 se
317 1734 407 1759 cum
430 1721 579 1770 populo
603 1722 788 1759 Romano
816 1719 1052 1758 coniunctos
1080 1732 1165 1757 esse
1190 1719 1436 1757 arbitrantur.
1497 1721 1590 1757 Hoc

254 1787 458 1836 quondam
480 1785 686 1836 oppidum,
708 1799 798 1823 cum
820 1786 884 1823 illa
905 1784 1040 1823 civitas
1062 1798 1152 1823 cum
1176 1785 1318 1824 Poenis
1340 1799 1412 1823 suo
1429 1785 1590 1824 nomine

253 1866 298 1890 ac
320 1865 390 1890 sua
411 1859 552 1901 sponte
575 1852 746 1897 bellaret,
769 1865 792 1889 a
814 1850 1206 1900 Carthaginiensibus
1227 1850 1263 1888 vi
1291 1858 1450 1901 captum
1471 1858 1590 1901 atque

254 1918 429 1955 deletum
461 1924 529 1964 est,
563 1916 778 1966 omniaque
809 1930 910 1966 quae
941 1923 1176 1955 ornamento
1206 1916 1291 1955 urbi
1323 1930 1408 1956 esse
1429 1923 1590 1967 possent

255 1981 533 2032 Carthaginem
569 1989 659 2019 sunt
692 1996 737 2020 ex
770 1981 837 2020 illo
872 1982 960 2019 loco
996 1982 1211 2031 deportata.
1272 1981 1361 2020 Fuit
1385 1983 1492 2032 apud
1527 1982 1590 2020 Se-

252 2054 436 2096 gestanos
468 2059 515 2084 ex
546 2059 634 2084 aere
671 2046 823 2084 Dianae
856 2045 1120 2092 simulacrum,
1147 2060 1238 2084 cum
1278 2060 1433 2085 summa
1470 2055 1588 2097 atque

254 2110 529 2161 antiquissima
560 2110 781 2161 praeditum
814 2110 1001 2161 religione
1034 2119 1116 2149 tum
1149 2111 1332 2161 singulari
1364 2125 1481 2162 opere
1502 2111 1587 2150 arti-

256 2177 425 2227 ficioque
465 2178 694 2227 perfectum,
755 2178 848 2214 Hoc
879 2178 1108 2214 translatum
1145 2175 1423 2226 Carthaginem
1456 2178 1586 2215 locum

256 2251 409 2281 tantum
440 2242 702 2291 hominesque
732 2249 909 2287 mutarat,
943 2241 1171 2290 religionem
1202 2242 1363 2291 quidem
1385 2241 1586 2292 pristinam

249 2389 280 2420 แผฌ
295 2356 333 2385 ยน3
357 2345 456 2384 Quod
477 2370 484 2377 .
505 2369 511 2375 .
531 2371 538 2377 .
564 2356 601 2385 15
620 2356 739 2386 passus
757 2351 807 2376 cst
824 2346 892 2376 secl.
914 2345 1044 2382 Eberlt.,
1065 2346 1197 2376 Richter
1336 2356 1378 2385 25
1404 2356 1477 2376 cum
1498 2346 1587 2387 (ante

248 2400 256 2420 1
284 2398 313 2429 aj
336 2400 400 2420 om.
415 2394 438 2429 p

1620 498 1637 530 5

1621 822 1657 843 10

1612 1476 1651 1498 20

1611 1801 1648 1834 25

1606 2129 1648 2162 30
