1715 2734
0 0 17 109 ἰΣῖ-ἛΙΞΙ

168 99 436 138 ACTIONIS
468 100 527 137 IN
559 100 604 138 C.
628 100 867 137 VERREM
898 100 1195 138 SECVNDAE
1228 101 1329 137 LIE.
1355 102 1412 137 IV
1464 101 1548 138 818

169 216 329 258 questus
361 216 428 256 est,
463 208 555 259 quia
590 209 764 258 religioni
795 223 887 248 suae
923 223 1002 247 non
1036 211 1157 247 modo
1192 209 1230 247 in
1265 210 1325 247 dis
1360 210 1491 260 patriis

169 273 390 323 repetendis
424 275 494 312 sed
528 273 643 312 etiam
678 273 715 311 in
757 274 842 324 ipso
881 274 1105 312 testimonio
1135 287 1181 312 ac
1213 274 1294 313 iure
1328 275 1492 313 iurando

168 339 367 387 proximus
389 338 469 386 suit,
494 339 696 376 hominem
719 339 879 377 missum
902 341 952 377 ab
976 339 1049 377 isto
1070 339 1209 377 scitote
1240 353 1324 377 esse
1347 342 1493 378 Messa-

168 417 257 441 nam
289 404 339 441 de
371 403 504 452 legatis
529 403 832 449 unum—illum
859 404 986 454 ipsum
1015 403 1081 454 qui
1106 404 1194 442 navi
1222 404 1331 442 istius
1363 405 1493 443 aedifi-

131 483 147 512 5
167 469 317 506 candae
351 468 507 518 publice
543 469 759 517 praefuit,-
778 469 842 518 qui
878 483 900 507 a
939 477 1075 508 senatu
1108 477 1256 519 peteret
1288 477 1330 507 ut
1364 470 1491 508 Heius

166 533 398 571 adficeretur
424 533 648 582 ignominia.

222 598 358 635 Homo
395 597 674 645 amentissime,
716 600 812 649 quid
860 600 1036 649 putasti?
1089 600 1385 650 impetraturum
1426 584 1541 664 te?19

166 662 301 711 quanti
333 662 363 699 is
392 676 415 700 a
445 662 595 700 civibus
617 664 695 701 suis
717 666 835 711 fieret,
861 665 996 714 quanti
1026 665 1235 703 auctoritas
1266 665 1348 703 eius
1377 665 1493 703 habe·
1534 644 1553 675 9

166 734 269 764 retur
300 727 536 776 ignorabas?
594 730 740 766 Verum
776 730 835 767 fac
871 737 908 767 te
944 729 1220 779 impetravisse,
1250 731 1309 767 sac
1343 729 1492 780 aliquid

111 807 147 829 10
165 791 316 841 gravius
356 791 396 829 in
429 792 576 830 Heium
614 793 793 832 statuisse
828 794 1112 832 Mamertinos:
1156 803 1343 844 quantam
1378 802 1492 844 putas

166 856 436 894 auctoritatem
471 858 708 896 laudationis
743 872 879 896 eorum
915 861 1095 906 futuram,
1123 859 1153 897 si
1186 859 1223 896 in
1252 873 1343 897 eurn
1373 858 1491 909 quem

165 929 318 959 constet
340 935 473 959 verum
498 936 568 971 pro
590 923 817 961 testimonio
838 923 981 962 dixisse
1002 937 1169 973 poenam
1192 923 1493 962 constituerint?

165 986 341 1024 Tametsi
376 1001 476 1036 quae
507 996 563 1025 est
594 987 666 1025 ista
697 988 881 1035 laudatio,
908 1002 997 1027 cum
1027 990 1206 1027 laudator
1235 988 1491 1038 interrogatus

166 1051 294 1088 laedat
316 1065 477 1089 necesse
499 1054 589 1090 est?
648 1053 755 1102 Quid
773 1055 789 1090 Ρ
818 1053 880 1091 isti
901 1055 1122 1091 laudatores
1143 1053 1197 1091 tui
1220 1067 1351 1091 nonne
1373 1062 1491 1093 testes

108 1129 144 1160 15
166 1115 243 1154 mei
278 1119 397 1154 sunt?
456 1117 581 1156 Heius
615 1126 672 1156 est
707 1120 910 1156 laudator:
959 1119 1069 1156 laesit
1107 1118 1340 1168 gravissime.
1402 1121 1491 1158 Pro-

165 1181 307 1218 ducam
341 1190 515 1220 ceteros:
548 1182 768 1221 reticebunt
800 1197 900 1233 quae
936 1191 1119 1233 poterunt
1149 1183 1325 1230 libenter,
1357 1184 1491 1223 dicent

165 1259 264 1294 quae
295 1260 455 1285 necesse
486 1247 555 1285 erit
587 1247 770 1297 ingratiis.
830 1250 986 1297 Negent
1016 1248 1077 1286 isti
1105 1248 1320 1286 onerariam
1348 1262 1489 1287 navem

164 1310 372 1349 maximam
396 1312 642 1350 aedificatam
666 1326 750 1350 esse
769 1314 1011 1351 Messanae?
1068 1315 1236 1363 Negent,
1259 1313 1289 1351 si
1310 1321 1485 1363 possunt.

163 1376 320 1425 Negent
350 1376 384 1414 ei
415 1377 503 1415 navi
536 1377 744 1416 faciundae
776 1386 996 1416 senatorem
1026 1378 1308 1416 Mamertinum
1330 1379 1488 1427 publice

105 1458 143 1478 20
162 1440 406 1489 praefuisse?
463 1442 624 1480 Vtinam
665 1446 834 1492 negent!
897 1444 995 1480 Sunt
1035 1442 1150 1480 etiam
1191 1451 1342 1490 cetera3
1386 1456 1487 1492 quae

164 1507 266 1543 malo
297 1506 444 1555 integra
476 1520 681 1554 reservare,
707 1515 748 1545 ut
779 1520 897 1557 quarn
929 1507 1136 1544 minimum
1167 1509 1257 1545 dem
1290 1507 1363 1545 illis
1394 1516 1487 1545 tem-

161 1570 264 1618 poris
285 1572 334 1608 ad
362 1572 633 1609 meditandum
664 1573 1061 1621 confirmandumque
1091 1572 1313 1622 periurium.
1374 1574 1485 1611 Haec
1509 1590 1546 1610 20

160 1634 230 1671 tibi
252 1636 425 1673 laudatio
447 1638 634 1685 procedat
656 1636 695 1673 in
719 1651 925 1675 numerum
943 1639 959 1674 ?
989 1637 1027 1674 hi
1057 1646 1093 1674 te
1122 1637 1301 1674 homines
1321 1638 1485 1674 auctori-

159 1707 238 1738 tate
259 1714 328 1738 sua
349 1702 583 1739 sublevent?
613 1702 679 1751 qui
701 1710 738 1740 te
759 1715 889 1751 neque
909 1702 1056 1740 debent
1072 1701 1256 1739 adiuvare
1273 1702 1301 1739 si
1319 1702 1484 1750 possint,

102 1780 138 1810 25
160 1778 289 1814 neque
311 1774 474 1815 possunt
491 1766 521 1803 si
538 1766 656 1804 velint
676 1781 685 1813 3
714 1766 858 1815 quibus
874 1774 915 1804 tu
930 1766 1108 1816 privatim
1126 1765 1283 1803 iniurias
1297 1768 1482 1815 plurimas

158 1830 494 1880 contumeliasque
524 1830 754 1880 imposuisti,
782 1845 862 1881 quo
894 1832 932 1868 in
963 1830 1112 1880 oppido
1143 1832 1284 1868 multas
1318 1831 1482 1870 familias

157 1901 257 1932 totas
287 1894 325 1932 in
354 1903 585 1944 perpetuum
611 1895 766 1933 infamis
799 1896 874 1933 tuis
907 1895 1047 1945 stupris
1080 1895 1311 1945 flagitiisque
1343 1896 1478 1934 fecisti.

156 1961 208 1996 At
238 1959 395 2008 publice
425 1960 696 1998 commodasti.
757 1962 849 1997 Non
880 1960 963 1998 sine
994 1973 1137 2009 magno
1158 1960 1318 2009 quidem
1339 1960 1392 1998 rei
1412 1974 1480 2009 pu-

155 2024 280 2062 blicae
312 2024 614 2074 provinciaeque
641 2024 794 2063 Siciliae
824 2024 1071 2063 detrimento.
1131 2024 1264 2062 Tritici
1301 2025 1478 2063 modium
1500 2026 1574 2076 (21)

197 2128 217 2157 8
241 2128 268 2157 is
286 2127 386 2167 RSp:
412 2139 475 2158 om.
500 2128 532 2157 V
674 2139 711 2159 10
735 2134 893 2167 quantam
917 2129 1001 2168 I’Jn‘3:
1028 2139 1125 2168 quam
1143 2128 1207 2159 RS
1353 2139 1389 2168 13
1414 2130 1477 2160 ista

154 2170 298 2201 laudatio
320 2170 421 2210 VRp:
446 2171 530 2202 laud.
547 2172 609 2202 ista
627 2171 729 2209 SDw,
749 2172 807 2201 secl
820 2172 849 2202 S
864 2184 938 2202 cum
955 2173 1077 2202 levibus
1097 2172 1201 2212 szgm's
1218 2174 1477 2211 transpositionis

158 2223 195 2251 14
221 2224 330 2244 nonne
352 2215 417 2254 Vp&
434 2228 439 2246 :
465 2225 531 2245 non
549 2214 613 2246 RS
631 2218 662 2253 (ξ
677 2217 718 2253 84
736 2216 822 2256 infra
840 2227 847 2254 3
873 2227 902 2253 V,
926 2220 940 2252 ξ
960 2216 1033 2254 ῐ49>
1116 2226 1151 2253 17
1179 2216 1330 2254 ingratiis
1347 2215 1472 2254 Mada,

153 2255 324 2288 Zielinski:
350 2257 488 2297 ingratis
505 2258 604 2290 codd,
622 2258 689 2289 edd.
863 2269 901 2297 19
926 2259 1101 2289 faciundae
1112 2263 1175 2298 pb‘:
1201 2269 1264 2289 om.
1284 2257 1349 2288 RS
1365 2261 1397 2299 (ξ
1418 2262 1473 2298 23)

153 2309 191 2328 21
219 2301 294 2330 dem
311 2300 386 2341 Rp:
411 2302 454 2331 sit
481 2300 508 2331 S
535 2313 608 2331 cum
635 2302 794 2344 plerisque
819 2302 881 2338 (CI.
901 2302 982 2333 Rev.
1001 2302 1089 2333 xviii.
1111 2302 1190 2341 210)
1322 2312 1362 2340 27
1389 2307 1475 2333 totas

152 2353 218 2373 om.
234 2348 258 2382 p
388 2355 429 2383 29
454 2345 583 2375 modios
600 2345 684 2376 RS:
711 2344 799 2385 ffip:
825 2346 912 2378 mod.
933 2348 949 2375 δ
