1715 2734
186 106 230 134 αι
251 109 292 144 70
372 95 680 135 CICERONIS
712 95 772 133 IN
804 95 855 143 Q.
886 94 1204 134 CAECILIVM
1234 94 1452 133 ORATIO

188 222 223 255 71

173 611 223 639 22

183 1131 221 1165 72

249 205 514 245 incommodis
535 205 757 256 reperietur.
817 206 938 243 Nulla
961 206 1064 243 salus
1088 204 1141 244 rei
1169 204 1351 255 publicae
1376 204 1499 243 maior
1518 214 1578 244 est

248 285 366 322 quam
397 285 464 310 eos
494 271 561 321 qui
593 272 759 309 alterum
793 276 981 309 accusant
1014 283 1093 308 non
1126 269 1255 308 minus
1285 271 1336 309 de
1367 271 1494 317 laude,
1526 271 1577 309 de

247 338 413 383 honore,
432 336 482 374 de
511 337 615 373 fama
644 348 715 373 sua
744 348 862 384 quam
893 334 980 372 illos
1010 334 1077 384 qui
1106 342 1340 373 accusantur
1368 336 1419 373 de
1448 334 1576 384 capite

245 415 292 440 ac
318 401 483 440 fortunis
513 400 592 439 suis
622 399 906 450 pertimescere.
968 400 1108 449 Itaque
1133 412 1286 449 semper
1313 399 1336 437 ii
1365 399 1576 449 diligentis-

246 467 343 506 sime
364 465 750 515 laboriosissimeque
771 472 1006 503 accusarunt
1027 464 1094 514 qui
1115 478 1156 503 se
1177 464 1283 515 ipsos
1304 464 1342 502 in
1364 464 1575 503 discrimen
1595 480 1613 512 5

245 531 542 571 existimationis
564 530 695 569 venire
716 530 889 568 arbitrati
912 537 1013 568 sunt.

299 599 430 647 Quam
448 597 500 634 ob
521 609 601 634 rem
624 596 700 634 hoc
716 602 896 641 statuere,
916 594 1077 640 iudices,
1096 594 1263 642 debetis,
1278 596 1325 644 Q.
1344 594 1574 641 Caecilium,

244 663 295 701 de
322 676 402 712 quo
432 662 539 699 nulla
568 674 757 711 umquam
788 660 924 711 opinio
955 659 1069 698 fuerit
1098 661 1284 710 nullaque
1314 659 1353 697 in
1385 661 1460 699 hoc
1490 660 1576 710 ipso

244 727 393 766 iudicio
422 726 662 776 exspectatio
694 727 822 764 sutura
852 725 910 772 sit,
934 725 1000 775 qui
1029 738 1158 775 neque
1185 733 1227 763 ut
1251 733 1342 764 ante
1369 727 1574 764 collectam

244 794 387 831 famam
428 798 633 830 conservet
673 804 803 840 neque
842 790 898 828 uti
936 789 1074 840 reliqui
1115 790 1302 840 temporis
1340 804 1451 841 spem
1486 805 1576 829 con-

244 859 371 896 firmet
400 857 562 903 laborat,
595 870 675 894 non
706 855 823 894 nimis
854 857 956 894 hanc
986 869 1146 894 causam
1176 869 1319 902 severe,
1348 869 1428 894 non
1459 856 1575 894 nimis

242 930 434 969 accurate,
458 935 537 959 non
559 921 675 959 nimis
704 920 911 970 diligenter
930 927 1121 959 acturum.
1182 921 1318 959 Habet
1344 920 1450 958 enim
1479 920 1575 958 nihil

243 989 352 1037 quod
387 987 426 1025 in
465 986 684 1024 offensione
723 987 941 1036 deperdat3
986 993 1027 1023 ut
1066 984 1288 1035 turpissime
1327 985 1576 1036 flagitiosissi-

244 1066 386 1103 meque
425 1051 615 1097 discedat,
656 1050 754 1088 nihil
793 1052 844 1089 de
884 1050 963 1089 suis
1004 1049 1199 1089 veteribus
1239 1050 1479 1089 ornamentis
1518 1065 1575 1089 re-

244 1117 380 1167 quiret.
439 1119 475 1155 A
497 1116 612 1155 nobis
643 1117 788 1154 multos
818 1115 978 1154 obsides
1009 1116 1127 1154 habet
1157 1116 1326 1166 populus
1356 1117 1572 1162 Romanus,

243 1196 342 1232 quos
376 1188 419 1220 ut
447 1181 655 1220 incolumis
686 1195 928 1229 conservare,
952 1181 1062 1229 tueri,
1085 1183 1317 1220 confirmare
1345 1194 1390 1219 ac
1418 1195 1575 1231 recupe-

243 1261 324 1285 rare
373 1246 582 1296 possimus,
621 1247 729 1284 omni
777 1247 927 1286 ratione
970 1247 1041 1286 erit
1080 1246 1364 1285 dimicandum.
1439 1246 1574 1285 Habet

242 1314 434 1351 honorem
473 1326 591 1362 quem
632 1312 814 1362 petimus,
856 1312 975 1351 habet
1015 1326 1124 1362 spem
1166 1326 1285 1362 quam
1332 1311 1571 1362 propositam

242 1377 357 1416 nobis
384 1377 587 1423 habemus,
612 1377 730 1416 habet
757 1377 1088 1416 existimationem
1117 1379 1243 1415 multo
1269 1378 1412 1415 sudore
1439 1377 1572 1415 labore

241 1442 459 1492 vigiliisque
484 1443 704 1488 collectam,
731 1450 783 1490 ut,
811 1442 841 1481 si
873 1443 912 1480 in
943 1444 1016 1480 hac
1044 1456 1162 1480 causa
1194 1450 1371 1480 nostrum
1398 1441 1571 1480 officium

241 1521 287 1545 ac
316 1507 559 1557 diligentiam
595 1507 900 1557 probaverimus,
933 1508 1032 1546 haec
1062 1521 1163 1557 quae
1193 1506 1271 1545 dixi
1306 1506 1471 1545 retinere
1505 1520 1573 1556 per

243 1574 434 1623 populum
461 1574 689 1611 Romanum
712 1572 925 1610 incolumia
945 1586 991 1611 ac
1012 1574 1118 1610 salva
1145 1571 1366 1622 possimus3
1396 1571 1425 1610 si
1449 1579 1574 1610 tantu-

243 1640 325 1676 lum
355 1639 548 1676 offensum
580 1637 873 1688 titubatumque
903 1637 961 1684 sit,
995 1645 1037 1676 ut
1067 1651 1114 1676 ea
1142 1651 1243 1688 quae
1274 1636 1497 1688 singillatim
1527 1650 1573 1675 ac

183 1713 222 1749 73
243 1703 311 1742 diu
341 1704 509 1742 collecta
544 1710 635 1741 sunt
665 1717 746 1741 uno
777 1711 955 1753 tempore
985 1702 1167 1741 universa
1187 1703 1409 1752 perdamus.
1469 1704 1574 1752 Qua--

243 1776 411 1819 propter,
452 1768 613 1814 iudices,
656 1776 829 1807 vestrum
875 1776 932 1807 est
971 1768 1141 1818 deligere
1180 1781 1298 1818 quem
1344 1766 1573 1806 existimetis

243 1833 426 1872 facillime
447 1847 562 1883 posse
584 1833 897 1884 magnitudinem
914 1847 1056 1872 causae
1070 1846 1116 1871 ac
1134 1832 1252 1871 iudici
1273 1832 1463 1871 sustinere
1480 1833 1572 1880 fide,

243 1898 454 1948 diligentia,
481 1898 660 1945 consilio,
687 1898 931 1937 auctoritate.
989 1900 1072 1936 Vos
1103 1897 1132 1936 si
1165 1897 1259 1936 mihi
1281 1899 1330 1946 Q.
1354 1897 1572 1937 Caecilium

242 1963 557 2014 anteposueritis‚
581 1977 654 2013 ego
676 1977 739 2002 me
759 1962 949 2014 dignitate
970 1971 1195 2014 superatum
1224 1976 1304 2001 non
1332 1962 1570 2001 arbitrabor:

244 2031 412 2079 populus
453 2031 659 2067 Romanus
699 2042 749 2067 ne
787 2037 867 2067 tam
907 2030 1126 2076 honestam,
1163 2036 1242 2066 tam
1282 2042 1455 2066 severam
1490 2028 1574 2067 dili-

243 2102 480 2144 gentemque
528 2093 822 2132 accusationem
871 2108 1001 2144 neque
1044 2093 1155 2132 vobis
1203 2093 1396 2143 placuisse
1444 2106 1574 2143 neque

244 2159 371 2198 ordini
401 2168 530 2198 vestro
559 2161 713 2210 placere
742 2159 960 2206 arbitretur,
993 2158 1206 2209 providete.

292 2275 327 2303 14
354 2265 492 2303 requirit
509 2264 543 2294 D
558 2264 674 2304 elpler.
782 2265 820 2293 16
845 2264 1036 2303 reciperare
1053 2267 1074 2292 λ
1093 2274 1100 2292 :
1125 2263 1278 2301 recipere
1291 2263 1333 2302 Ῑ>δ
1435 2272 1471 2292 21
1500 2262 1573 2293 dili-

244 2309 460 2347 gentiamque
479 2306 507 2337 L
612 2318 652 2346 25
679 2306 819 2346 diligere
831 2305 953 2346 p¹G2K
1051 2317 1092 2344 30
1119 2306 1214 2336 nobis
1228 2305 1294 2347 pGl
1393 2316 1432 2345 31
1459 2311 1575 2337 vestro

244 2351 302 2382 K:
329 2357 442 2381 nostro
459 2351 493 2380 D
508 2351 550 2381 al.
573 2363 591 2380 π

1599 806 1635 827 10

1598 1129 1634 1162 Ι5

1594 1458 1634 1479 20

1594 1781 1633 1813 25

1594 2104 1633 2135 30
