1715 2734
167 93 213 130 41
236 96 297 130 107
611 83 666 120 M.
699 83 867 122 TVLLI
900 85 1207 124 CICERONIS

231 195 371 245 ipsum,
409 195 649 235 cuicuimodi
686 204 757 245 est,
797 196 1006 246 quisquam
1046 197 1240 248 supplicio
1271 206 1430 250 propter
1469 199 1567 240 illud

231 259 530 299 incommodum
553 261 715 311 dignum
738 269 890 312 putaret
907 276 915 308 ;
945 275 1037 299 nam
1058 262 1154 312 quid
1176 264 1413 303 Cleomenes
1439 265 1566 304 facere

230 325 357 375 potuit
373 328 526 365 ?—non
556 326 661 365 enim
696 340 856 376 possum
891 340 1132 377 quemquam
1161 327 1386 367 insimulare
1413 330 1565 368 falso—

229 391 340 441 quid,
360 391 532 442 inquam,
559 405 702 441 magno
732 406 850 441 opere
880 392 1007 442 potuit
1038 393 1276 432 Cleomenes
1307 395 1433 433 facere
1454 394 1564 434 istius

227 456 386 495 avaritia
416 457 581 495 navibus
611 456 849 495 exinanitis?
905 459 1037 506 Atque
1062 471 1153 496 eum
1183 458 1318 497 vident
1349 460 1486 498 sedere
1512 461 1564 499 ad
1584 477 1601 508 5

228 522 327 559 latus
357 521 545 571 praetoris
577 530 614 560 et
644 523 695 560 ad
725 535 857 560 aurem
890 522 1139 569 familiariter,
1163 531 1205 561 ut
1234 523 1372 562 solitus
1393 532 1484 572 erat,
1509 524 1563 562 in-

226 599 432 625 susurrare.
494 589 597 624 'l'um
635 601 726 625 vero
766 586 952 625 omnibus
993 587 1309 637 indignissimum
1342 589 1468 627 visum
1503 598 1562 628 est

226 652 406 690 homines
438 652 747 699 honestissimos,
771 654 918 690 electos
943 666 964 690 e
991 652 1070 690 suis
1098 653 1331 701 civitatibus,
1355 654 1395 692 in
1417 656 1559 692 ferrum

223 724 341 766 atque
372 717 410 754 in
441 716 570 755 vincla
599 717 811 764 coniectos,
845 718 1105 757 Cleomenem
1136 727 1293 768 propter
1323 719 1557 769 flagitiorum

222 795 268 820 ac
301 782 590 832 turpitudinum
621 782 851 821 societatem
884 782 1228 821 familiarissimum
1262 797 1347 822 esse
1376 784 1555 833 praetori.
1581 798 1625 822 ιο

143 856 202 886 108
223 847 449 897 Adponitur
470 847 514 886 iis
536 855 668 886 tamen
689 855 894 886 accusator
919 848 1092 886 Naevius
1114 848 1264 898 Turpio
1291 848 1466 899 quidam,
1489 851 1556 901 qui

223 912 269 950 C.
293 913 506 951 Sacerdote
528 920 705 963 praetore
727 912 954 951 iniuriarum
983 914 1194 951 damnatus
1219 921 1288 961 est,
1311 915 1433 953 homo
1454 915 1557 954 bene

221 977 425 1027 adpositus
459 979 511 1017 ad
545 978 655 1016 istius
686 978 905 1026 audaciam,
940 992 1059 1028 quem
1099 978 1170 1017 iste
1210 979 1249 1017 in
1289 979 1479 1028 decumis,
1516 980 1556 1019 in

221 1043 337 1082 rebus
367 1043 611 1094 capitalibus,
644 1043 683 1081 in
714 1043 822 1082 omni
857 1044 1055 1082 calumnia
1089 1057 1382 1094 praecursorem
1411 1045 1556 1085 habere

219 1110 371 1148 solebat
392 1117 430 1148 et
451 1109 706 1148 emissarium.
1578 1128 1613 1161 15

147 1189 200 1226 42
272 1174 449 1213 Veniunt
497 1176 707 1224 Syracusas
755 1182 936 1225 parentes
985 1174 1277 1226 propinquique
1322 1174 1554 1214 miserorum

218 1241 531 1279 adulescentium
572 1242 648 1279 hoc
697 1241 903 1291 repentino
951 1240 1182 1278 calamitatis
1231 1254 1324 1279 suae
1363 1241 1553 1279 commoti

218 1305 381 1353 nunti03
416 1305 568 1344 vinctos
598 1305 794 1356 aspiciunt
824 1305 972 1344 catenis
1005 1305 1149 1343 liberos
1179 1318 1282 1352 suos,
1316 1319 1405 1344 cum
1442 1306 1552 1344 istius

215 1370 398 1408 avaritiae
444 1384 614 1420 poenam
664 1372 766 1408 collo
806 1378 843 1408 et
892 1370 1110 1408 cervicibus
1158 1371 1238 1408 suis
1286 1372 1551 1418 sustinerent;

214 1437 369 1483 adsunt,
393 1437 625 1483 defendunt,
652 1437 907 1486 proclamant,
933 1436 1050 1473 fidem
1080 1443 1199 1482 tuam,
1223 1448 1324 1485 quae
1352 1449 1547 1485 nusquam
1570 1453 1611 1474 κο

215 1509 295 1539 erat
317 1515 446 1551 neque
468 1515 657 1551 umquam
686 1502 821 1548 fuerat,
845 1502 1066 1551 implorant.
1129 1502 1243 1539 Pater
1269 1502 1404 1539 aderat
1435 1502 1548 1539 Dexo

213 1566 515 1616 Tyndaritanus,
549 1568 670 1604 homo
701 1565 980 1612 nobilissimus,
1014 1567 1157 1615 hospes
1190 1572 1290 1603 tuus.
1351 1565 1476 1604 Cuius
1505 1573 1547 1604 tu

213 1632 322 1670 domi
344 1633 481 1680 fueras,
498 1645 616 1682 quem
638 1631 834 1681 hospitem
857 1632 1084 1681 appellaras,
1107 1644 1196 1669 eum
1219 1644 1309 1668 cum
1332 1630 1396 1668 illa
1416 1638 1547 1668 aucto-

212 1697 323 1736 ritate
354 1697 509 1736 miseria
530 1697 681 1736 videres
713 1696 921 1747 perditum,
953 1709 1033 1734 non
1065 1704 1102 1734 te
1132 1695 1215 1734 eius
1240 1695 1437 1744 lacrimae,
1464 1710 1544 1735 non

210 1770 403 1810 senectus,
437 1776 516 1801 non
547 1761 691 1812 hospiti
723 1761 781 1799 ius
812 1769 930 1811 atque
962 1774 1108 1798 nomen
1143 1774 1165 1798 a
1195 1762 1340 1799 scelere
1371 1761 1542 1811 aliquam
1567 1777 1602 1808 25

129 1844 188 1876 109
208 1829 259 1865 ad
298 1836 446 1877 partem
489 1826 741 1865 humanitatis
784 1840 965 1864 revocare
1006 1825 1160 1875 potuit?
1217 1826 1296 1864 Sed
1335 1825 1431 1875 quid
1471 1840 1544 1876 ego

255 1943 267 1961 1
295 1934 494 1964 cuicuimodi
533 1933 705 1964 Cledonfus
728 1932 781 1963 Gr.
807 1931 878 1963 Lar.
906 1942 933 1964 v.
961 1937 991 1970 s).
1017 1940 1068 1969 52,
1089 1935 1118 1961 rt
1136 1930 1313 1971 Pompeius
1337 1931 1458 1972 1‘b1'd.p.
1479 1942 1542 1972 207

208 1976 314 2014 (Sext.
336 1977 429 2008 Rosc.
453 1981 467 2014 ς’
486 1988 540 2015 95,
560 1977 643 2008 Cael.
666 1981 680 2015 ξ
700 1980 757 2015 24Ἲ
778 1988 784 2006 :
813 1976 955 2006 cuimodi
975 1975 1006 2005 R
1025 1986 1031 2004 :
1057 1975 1204 2005 cuimodi
1223 1974 1273 2004 S:
1299 1976 1541 2008 cuicuiusmodi

212 2020 281 2060 Vp:
307 2022 490 2051 cuiusmodi
516 2033 541 2052 s,
566 2021 729 2052 eiusmodi
756 2022 772 2049 δ
863 2024 953 2049 esset
978 2019 1015 2048 125
1142 2029 1160 2056 4
1187 2028 1309 2057 magno
1334 2029 1437 2058 opere
1464 2020 1542 2059 Rp:

208 2074 413 2103 magnopere
431 2064 459 2095 S
478 2066 537 2104 (iv,
560 2069 574 2103 ξ
598 2068 629 2096 ῙΧ
715 2066 734 2094 8
756 2074 798 2093 ex
817 2064 888 2093 suis
905 2063 951 2093 1⁷5
1038 2072 1072 2092 11
1101 2062 1185 2092 iisR
1205 2073 1211 2092 :
1236 2063 1285 2092 eis
1301 2062 1348 2092 V:
1374 2063 1426 2092 his
1438 2062 1541 2102 SDp&

210 2117 246 2146 17
271 2110 426 2139 commoti
460 2110 579 2140 nuntio
612 2109 676 2147 Vp'o'
712 2108 893 2147 (Zielinski,
921 2113 952 2146 p.
985 2107 1081 2145 1983:
1118 2105 1236 2135 nuntio
1263 2106 1418 2136 commoti
1448 2106 1541 2137 st

210 2153 248 2181 18
273 2152 401 2182 catenis
418 2153 584 2191 aspiciunt
607 2153 654 2181 l'k
746 2162 785 2182 22
799 2161 852 2188 -23
876 2151 1002 2188 hospes
1020 2154 1105 2180 tuus.
1129 2149 1234 2179 Cuius
1254 2172 1260 2179 .
1282 2173 1288 2179 .
1309 2173 1315 2180 .
1335 2149 1537 2190 appellaras,

207 2205 281 2225 eum
304 2195 392 2229 Rau.
415 2196 554 2235 Rt'cl1le73
574 2195 695 2229 Mucll„
714 2194 889 2224 Zielinski:
916 2194 1010 2231 hosp.
1028 2198 1138 2225 timus,
1156 2193 1253 2222 cuius
1266 2216 1272 2222 .
1290 2217 1296 2223 .
1315 2217 1321 2223 .
1339 2193 1538 2232 appellaraS.

208 2237 292 2267 Eum
319 2240 407 2279 vulg,
540 2249 580 2277 23
607 2249 682 2269 eum
708 2239 867 2277 quoniam
894 2237 950 2267 R:
984 2246 1058 2266 eum
1084 2237 1137 2275 qni
1164 2235 1228 2266 SD
1253 2236 1300 2269 (in
1327 2247 1392 2276 mg.
1420 2238 1537 2275 quem)

207 2282 407 2313 auctoritate
431 2288 465 2313 et
490 2288 599 2313 aetate
629 2283 758 2316 Lamb..
786 2280 895 2311 Nom:
931 2280 984 2310 illa
1009 2285 1094 2309 auct.
1122 2280 1291 2309 hominem
1318 2279 1446 2318 Kays.:
1483 2280 1538 2310 illa

207 2330 318 2355 aetate
339 2326 451 2356 Ῐΐὸω-Ιι.
467 2338 474 2358 :
493 2327 690 2356 auctoritate
708 2325 776 2355 secl.
799 2323 909 2353 Madv.
994 2334 1032 2360 24
1058 2323 1191 2352 miseria
1214 2322 1326 2352 VRS:
1351 2333 1388 2353 ac
1403 2323 1536 2354 miseria

202 2374 235 2409 p,
255 2374 288 2399 et
306 2370 379 2400 mis.
399 2371 414 2398 δ
505 2370 690 2409 praeditum
708 2368 796 2400 codd.
932 2376 973 2404 25
997 2367 1038 2396 ab
1055 2366 1183 2396 scelere
1206 2366 1236 2394 V
