1715 2734
209 129 476 169 ACTIONIS
507 130 567 168 IN
598 130 644 169 C.
665 130 907 167 VERREM
938 129 1235 168 SECVNDAE
1267 129 1368 165 LIB.
1393 129 1429 164 V
1500 138 1535 164 11

208 242 337 290 palam
356 256 366 288 ,-
394 241 426 279 si
446 254 547 291 quae
567 240 751 279 castiores
773 248 891 287 erant,
914 241 964 278 ad
986 247 1140 289 tempus
1162 239 1383 284 veniebant,
1407 240 1535 276 lucem

209 312 529 355 conventumque
563 306 748 344 vitabant.
809 307 930 343 Erant
964 312 1095 343 autern
1134 303 1313 342 convivia
1351 318 1430 342 non
1470 303 1537 342 illo

209 370 363 409 silentio
383 371 519 421 populi
535 371 706 410 Romani
724 378 946 421 praetorum
963 377 1082 419 atque
1099 371 1391 419 imperatorum,
1407 382 1537 418 neque

209 450 256 474 eo
277 437 427 486 pudore
448 436 515 486 qui
542 437 581 474 in
614 436 909 486 magistratuum
935 435 1121 474 conviviis
1142 436 1281 473 versari
1311 435 1443 480 soleat,
1467 435 1537 471 sed

171 518 187 548 5
209 514 299 538 cum
321 500 491 539 maximo
513 503 683 539 clamore
704 509 822 550 atque
843 500 1023 539 convicio
1040 515 1049 547 3
1078 513 1157 537 non
1180 512 1396 548 numquam
1418 500 1536 536 etiam

209 579 268 604 res
306 567 356 604 ad
396 580 566 616 pugnam
606 574 725 616 atque
762 568 813 604 ad
853 579 992 604 manus
1027 565 1249 603 vocabatur.
1312 566 1391 603 Iste
1431 564 1536 602 enim

208 638 362 680 praetor
399 645 554 669 severus
592 645 637 669 ac
676 631 852 680 diligens,
894 631 960 680 qui
999 631 1134 680 populi
1174 631 1345 668 Romani
1385 628 1536 678 legibus

209 709 426 745 numquam
448 697 648 745 paruisset,
669 696 742 734 illis
764 696 914 746 legibus
937 709 1036 745 quae
1058 697 1097 733 in
1115 695 1266 745 poculis
1287 695 1537 745 ponebantur

209 759 415 810 diligenter
435 761 743 810 obtemperabat.
804 762 944 810 Itaque
974 768 1083 799 erant
1110 760 1234 798 exitus
1261 761 1342 798 eius
1365 761 1471 797 modi
1494 767 1535 797 ut

154 843 191 864 10
209 825 307 863 alius
342 825 441 864 inter
470 840 609 863 manus
639 839 660 864 e
688 826 869 864 convivio
899 833 1100 875 tamquam
1135 839 1156 863 e
1188 825 1336 875 proelio
1373 827 1536 863 auferre-

210 898 285 938 tur,
312 891 410 929 alius
445 899 646 940 tamquam
676 891 829 929 occisus
861 891 1153 940 relinqueretur,
1185 890 1360 940 plerique
1390 898 1431 928 ut
1462 891 1535 928 fusi

210 957 293 994 sine
328 964 460 995 mente
494 970 540 994 ac
579 956 662 994 sine
695 958 775 994 ullo
806 970 922 994 sensu
956 956 1239 1003 iacerent,-—ut
1273 955 1411 1005 quivis,
1444 968 1534 993 cum

209 1021 433 1070 aspexisset,
468 1035 549 1059 non
588 1035 629 1059 se
668 1021 854 1071 praetoris
895 1021 1131 1069 convivium,
1172 1023 1241 1060 sed
1282 1021 1534 1060 Cannensem

210 1099 383 1136 pugnam
412 1086 610 1136 nequitiae
639 1088 771 1125 videre
798 1086 1054 1125 arbitraretur.

153 1165 189 1197 15
265 1152 368 1190 Cum
400 1165 491 1189 vero
528 1159 654 1190 aestas
693 1164 846 1189 summa
884 1164 969 1189 esse
1007 1158 1200 1201 coeperat,
1234 1152 1342 1201 quod
1381 1158 1535 1200 tempus

210 1227 348 1253 omnes
388 1215 541 1254 Siciliae
580 1229 735 1265 semper
773 1222 970 1265 praetores
1003 1215 1042 1253 in
1072 1216 1274 1255 itineribus
1305 1229 1536 1254 consumere

210 1288 459 1327 consuerunt,
501 1288 706 1330 propterea
744 1281 853 1330 quod
892 1287 975 1318 turn
1015 1288 1154 1330 putant
1193 1282 1419 1320 obeundam
1452 1294 1537 1319 esse

211 1345 378 1384 maxime
408 1345 660 1395 provinciam,
687 1359 777 1383 cum
808 1345 847 1382 in
876 1345 974 1383 areis
1005 1347 1199 1384 frumenta
1228 1354 1328 1393 sunt,
1360 1347 1469 1395 quod
1499 1353 1537 1383 et

211 1410 380 1449 familiae
413 1418 697 1460 congregantur
732 1417 770 1448 et
801 1409 1032 1459 magnitudo
1064 1410 1193 1448 serviti
1231 1410 1461 1461 perspicitur
1499 1418 1536 1447 et

153 1492 192 1513 20
211 1477 321 1514 labor
352 1476 479 1526 operis
513 1475 682 1514 maxime
714 1475 888 1522 offendit,
930 1476 1113 1513 frumenti
1151 1476 1265 1525 copia
1296 1483 1533 1521 commonet,

210 1549 366 1591 tempus
394 1540 487 1578 anni
518 1554 598 1578 non
628 1540 816 1591 impedit:
847 1548 942 1584 tum,
976 1541 1149 1591 inquam,
1181 1555 1271 1579 cum
1301 1551 1536 1581 concursant

209 1606 327 1644 ceteri
360 1614 566 1656 praetores,
604 1605 676 1643 iste
706 1618 811 1643 novo
841 1607 1015 1654 quodam
1046 1619 1187 1655 genere
1217 1606 1426 1655 imperator
1455 1609 1534 1657 pul-

209 1671 403 1709 cherrimo
450 1673 727 1720 Syracusarum
766 1672 855 1708 loco
894 1670 1032 1708 stativa
1070 1670 1143 1708 sibi
1184 1679 1309 1708 castra
1356 1671 1532 1710 faciebat.

211 1738 316 1774 Nam
348 1736 388 1773 in
418 1735 502 1785 ipso
531 1726 639 1774 aditu
669 1743 788 1784 atque
817 1749 883 1773 ore
913 1742 1057 1785 portus,
1086 1735 1153 1772 ubi
1183 1735 1350 1784 primum
1382 1749 1427 1774 ex
1456 1738 1535 1774 alto

152 1819 190 1849 25
212 1801 318 1839 sinus
346 1802 396 1839 ab
422 1801 533 1839 litore
560 1802 610 1838 ad
638 1801 775 1838 urbem
805 1800 1024 1846 inflectitur,
1058 1800 1307 1838 tabernacula
1341 1801 1534 1840 carbaseis

211 1867 361 1905 intenta
381 1866 474 1904 velis
491 1866 735 1903 conlocabat.
798 1867 891 1903 Huc
917 1879 963 1903 ex
984 1866 1047 1903 illa
1068 1867 1189 1903 domo
1210 1865 1413 1914 praetoria,
1435 1879 1534 1915 quae

209 1932 307 1982 regis
326 1931 512 1969 Hieronis
533 1930 614 1976 fuit,
632 1930 686 1968 sic
708 1930 921 1980 emigrabat
942 1938 984 1968 ut
1006 1943 1095 1968 eum
1117 1943 1186 1979 per
1206 1930 1290 1967 illos
1312 1930 1395 1968 dies
1416 1944 1534 1969 nemo

209 2005 315 2036 extra
349 1997 457 2034 illum
492 1997 622 2033 locum
654 1995 787 2033 videre
818 2002 960 2045 posset.
1023 1997 1068 2032 In
1105 2008 1195 2033 eum
1234 2002 1365 2032 autem
1405 1994 1532 2044 ipsum

209 2063 339 2101 locum
368 2061 496 2100 aditus
529 2067 608 2098 erat
634 2059 792 2106 nemini,
823 2060 895 2097 nisi
922 2060 988 2109 qui
1017 2068 1083 2098 aut
1109 2060 1237 2097 socius
1269 2068 1335 2098 aut
1361 2060 1535 2098 minister

253 2176 271 2203 4
296 2164 404 2195 soleat
422 2163 537 2212 stf
563 2162 649 2192 solet
662 2164 703 2203 ῥδ
827 2164 848 2192 6
872 2163 1052 2193 vocabatur
1069 2162 1153 2202 RSp
1171 2175 1177 2193 :
1202 2163 1359 2193 veniebat
1377 2164 1392 2192 δ
1515 2173 1532 2202 7

524 2217 532 2233 Ι

208 2242 265 2281 qui
284 2253 349 2273 om.
370 2241 432 2273 RS
522 2252 552 2280 p·
571 2252 596 2271 r·
611 2247 633 2280 p
649 2252 654 2271 :
679 2251 710 2280 p.
731 2251 756 2272 r.
778 2247 968 2281 praetorum
984 2242 1069 2273 RS:
1094 2248 1287 2282 praetorum
1305 2245 1321 2272 δ
1343 2243 1401 2283 (iv,
1419 2246 1433 2281 ξ
1452 2245 1512 2282 146
1528 2255 1535 2282 ;

209 2296 241 2325 v,
274 2288 289 2322 ξ
319 2286 378 2322 8Ι)
521 2294 554 2313 11
583 2289 617 2314 ut
645 2283 728 2314 RS:
763 2295 829 2315 om.
855 2287 896 2324 ῥδ
1033 2295 1071 2315 12
1096 2288 1206 2324 quivis
1235 2293 1268 2317 ut
1295 2288 1391 2324 Nohl,
1420 2288 1535 2322 Muell.

213 2338 250 2366 13
276 2338 341 2358 non
371 2332 406 2357 ut
433 2338 469 2357 se
501 2326 588 2356 RSW
721 2328 781 2357 sed
810 2328 914 2358 Cann.
947 2327 1092 2359 Lama:
1121 2331 1181 2360 sed
1210 2335 1246 2360 ut
1272 2331 1377 2362 Cann.
1397 2332 1532 2374 stp:

209 2372 269 2401 sed
286 2371 338 2400 vel
356 2370 459 2401 Canu.
480 2369 593 2400 Eberh.
699 2380 736 2408 15
761 2380 836 2400 esse
855 2372 919 2400 iam
932 2373 975 2410 ρδ
1089 2382 1123 2410 17
1150 2378 1229 2402 tunc
1247 2373 1311 2403 RS
1422 2387 1462 2406 22
1489 2387 1531 2406 ex

210 2424 335 2452 genere
347 2415 388 2453 pb
521 2424 561 2451 24
588 2417 620 2442 ut
640 2413 781 2452 primum
800 2413 916 2453 stp

1556 133 1596 164 28

1555 1125 1598 1153 12

1557 1186 1597 1216 29

1556 1748 1596 1779 30
