1715 2734
136 61 192 108 46
215 76 274 98 111
577 63 633 99 M.
665 63 833 100 TVLLI
865 63 1173 102 CICERONIS

135 674 187 713 47

127 735 184 757 112

209 180 318 211 tanta
355 175 500 223 praeda
539 174 716 223 quaesita
759 173 840 211 sit?
898 175 1085 223 Iniquum
1116 187 1179 212 me
1218 188 1304 213 esse
1347 174 1542 225 quispiam

208 237 324 283 dicet,
367 237 434 288 qui
469 252 515 276 ex
546 238 642 276 lucri
678 238 949 287 magnitudine
981 238 1247 277 coniecturam
1276 239 1428 289 capiam
1454 239 1543 277 furti

207 310 326 353 atque
348 305 525 353 praedae.
585 303 707 352 Quid,
730 303 760 341 si
783 305 921 351 doceo,
942 303 1101 350 iudices,
1122 318 1189 343 eos
1211 304 1278 355 qui
1308 316 1410 343 cccc
1436 306 1540 343 mod.

208 367 304 406 lucri
326 368 471 406 faciunt
493 369 685 406 damnum
708 369 878 406 facturos
908 368 1038 415 fuisse,
1061 369 1091 406 si
1113 377 1179 407 tua
1209 369 1406 419 iniquitas,
1429 368 1459 406 si
1487 368 1543 407 tui

207 447 255 471 ex
274 435 435 471 cohorte
450 440 744 483 recuperatores
766 446 847 471 non
864 432 1162 480 intercederent,
1181 447 1275 471 num
1298 433 1384 483 quis
1401 433 1542 483 poterit

207 497 247 536 in
265 506 373 536 tanto
402 499 509 535 lucro
532 505 720 547 tantaque
743 497 949 547 iniquitate
966 498 1146 537 dubitare
1168 498 1262 548 quin
1291 506 1448 548 propter
1475 498 1542 535 im·

207 563 443 613 probitatem
485 570 592 600 tuam
634 570 713 600 tam
754 576 917 612 magnos
957 571 1143 613 quaestus
1187 563 1334 609 feceris,
1386 570 1543 613 propter

209 626 521 677 magnitudinem
553 635 738 677 quaestus
770 626 972 677 improbus
1004 642 1088 666 esse
1118 627 1314 666 volueris?

264 694 357 741 Quo
371 693 493 731 modo
514 691 628 742 igitur
649 692 725 729 hoc
747 693 952 742 adsequar,
971 692 1131 739 iudices,
1149 700 1191 730 ut
1212 692 1331 730 sciam
1349 701 1540 742 quantum

207 758 301 796 lucri
339 758 485 795 factum
519 756 588 795 sit?
648 757 742 794 Non
774 770 821 795 ex
853 757 1005 807 Aproni
1041 757 1193 804 tabulis,
1218 771 1315 807 quas
1346 770 1419 807 ego
1451 772 1539 796 cum

208 823 480 871 conquirerem
503 835 582 859 non
604 820 747 867 inveni,
771 829 809 859 et
830 835 921 859 cum
943 821 982 859 in
1004 821 1063 859 ius
1084 821 1211 871 ipsum
1234 822 1351 860 eduxi
1371 822 1538 872 expressi

208 894 249 925 ut
275 888 470 925 conficere
498 886 651 925 tabulas
679 901 721 925 se
751 895 917 937 negaret.
979 887 1017 926 Si
1049 888 1320 933 mentiebatur,
1344 902 1463 937 quam
1489 889 1541 926 ob

207 965 287 990 rem
322 952 559 999 removebat,
590 951 621 989 si
651 953 725 990 liae
755 953 912 991 tabulae
944 952 1041 990 nihil
1069 952 1139 991 tibi
1167 961 1275 991 erant
1305 953 1541 992 obfuturae?

208 1017 238 1055 si
284 1017 449 1056 omnino
488 1019 615 1055 nullas
650 1019 874 1055 confecerat
909 1017 1066 1064 litteras,
1090 1032 1139 1056 ne
1173 1017 1213 1056 id
1252 1017 1414 1068 quidem
1449 1018 1540 1056 satis

208 1081 399 1132 significat
421 1083 529 1120 illum
560 1096 641 1120 non
663 1096 778 1120 suum
800 1082 1002 1132 negotium
1031 1082 1221 1132 gessisse?
1278 1085 1337 1121 Ea
1356 1091 1414 1121 est
1434 1083 1538 1121 enim

206 1146 304 1185 ratio
339 1148 651 1185 decumanorum
684 1154 726 1184 ut
765 1146 849 1185 sine
887 1147 1064 1197 plurimis
1103 1147 1240 1186 litteris
1279 1148 1419 1186 confici
1459 1163 1539 1187 non

206 1212 357 1262 possit3
387 1212 538 1262 singula
565 1212 670 1250 enim
700 1212 865 1250 nomina
894 1220 1090 1251 aratorum
1111 1221 1149 1251 et
1176 1227 1267 1251 cum
1292 1213 1453 1263 singulis
1478 1228 1539 1264 pa-

207 1280 357 1316 ctiones
369 1279 681 1316 decumanorum
694 1278 832 1316 litteris
843 1277 1027 1329 persequi
1038 1286 1077 1316 et
1089 1280 1284 1317 conficere
1298 1293 1458 1317 necesse
1469 1287 1536 1317 est.

208 1345 347 1394 Iugera
371 1343 533 1394 professi
555 1351 645 1381 sunt
665 1351 836 1382 aratores
857 1358 996 1382 omnes
1024 1342 1188 1393 imperio
1215 1352 1334 1393 atque
1361 1343 1539 1382 instituto

206 1417 299 1448 tuo:
330 1423 410 1448 non
445 1409 586 1459 opinor
620 1422 861 1459 quemquam
895 1409 1024 1447 minus
1056 1424 1142 1448 esse
1176 1411 1394 1460 professum
1420 1423 1537 1459 quam

206 1482 397 1526 quantum
414 1483 571 1521 arasset‚
589 1489 680 1513 cum
702 1482 759 1513 tot
780 1489 925 1522 cruces,
946 1483 1003 1513 tot
1019 1474 1222 1525 supplicia,
1236 1481 1294 1512 tot
1311 1489 1357 1513 ex
1377 1476 1538 1513 cohorte

206 1548 496 1591 recuperatores
525 1548 848 1591 proponerentur.
910 1542 957 1578 In
989 1540 1122 1590 iugero
1149 1539 1331 1578 Leontini
1358 1539 1437 1590 agri
1463 1554 1538 1578 me-

205 1606 385 1645 dimnum
409 1607 486 1644 fere
507 1605 622 1643 tritici
640 1605 776 1643 seritur
797 1613 986 1656 perpetua
1006 1614 1124 1655 atque
1144 1604 1340 1655 aequabili
1362 1604 1512 1643 satione
1530 1620 1539 1652 3

204 1685 294 1721 ager
315 1671 431 1710 efficit
452 1685 543 1709 cum
565 1679 716 1718 octavo,
740 1671 842 1709 bene
863 1679 905 1709 ut
925 1679 1084 1721 agaturg
1114 1684 1247 1709 verum
1271 1677 1312 1708 ut
1339 1683 1477 1708 omnes
1497 1669 1537 1708 di

204 1736 402 1782 adiuvent,
421 1750 512 1774 cum
535 1737 716 1774 decumo.
778 1737 899 1785 Quod
917 1735 946 1773 si
969 1737 1132 1785 quando
1151 1735 1306 1781 accidit,
1330 1742 1413 1772 tum
1436 1735 1477 1771 fit
1496 1741 1537 1772 ut

206 1809 358 1839 tantum
380 1803 571 1839 decumae
593 1801 640 1839 sit
662 1809 853 1851 quantum
872 1801 1025 1847 severis,
1044 1802 1119 1838 hoc
1142 1808 1267 1846 estut,
1292 1808 1388 1850 quot
1408 1799 1539 1850 iugera

125 1881 185 1911 113
206 1866 283 1904 sint
304 1874 396 1912 sata,
420 1865 584 1904 totidem
609 1865 809 1904 medimna
831 1867 1023 1904 decumae
1044 1866 1272 1903 debeantur.
1335 1867 1427 1902 Hoc
1447 1878 1537 1902 cum

207 1931 259 1968 ita
288 1939 400 1977 esset,
433 1931 602 1981 primum
634 1930 731 1968 illud
760 1930 863 1976 dico,
897 1930 1073 1980 pluribus
1104 1929 1262 1967 milibus
1291 1929 1537 1968 medimnum

207 1995 360 2034 venisse
392 1997 578 2034 decumas
610 1994 689 2045 agri
726 1994 909 2033 Leontini
942 2009 1061 2044 quam
1093 2002 1190 2044 quot
1222 1994 1329 2032 milia
1362 1994 1538 2044 iugerum

253 2112 270 2130 2
295 2102 424 2140 capiam
443 2101 489 2131 cO
509 2113 514 2131 :
540 2101 657 2131 faciam
677 2100 741 2131 rell.
881 2101 901 2129 6
925 2099 1172 2138 improbitatem
1195 2100 1263 2130 1·():
1292 2099 1501 2138 iniquitatem
1515 2103 1538 2139 p

210 2144 274 2176 rell.
430 2155 446 2182 7
474 2150 561 2174 tuam
582 2150 647 2174 tam
666 2143 783 2174 Lamb.
801 2155 807 2173 :
833 2149 920 2173 tuam
941 2144 970 2172 O
987 2154 994 2172 ι
1020 2148 1122 2183 tamp
1141 2143 1206 2173 wll.
1370 2153 1392 2182 9
1411 2143 1538 2173 iudices

208 2198 273 2219 om.
296 2189 326 2218 O
415 2194 574 2227 quantum
594 2187 676 2217 lucri
694 2187 741 2217 cO
760 2197 765 2216 :
791 2186 872 2217 lucri
891 2192 1051 2226 quantum
1065 2191 1090 2226 p
1108 2186 1170 2217 rell.
1294 2197 1329 2215 12
1355 2197 1391 2216 se
1409 2185 1538 2217 tabulas

214 2235 244 2265 Ο
408 2235 447 2264 16
472 2235 684 2264 decumarum
700 2232 736 2270 J.
753 2233 788 2270 J.
808 2231 983 2262 Hartman
1144 2241 1182 2270 19
1205 2242 1324 2262 omnes
1342 2236 1492 2262 aratores
1513 2231 1542 2261 O

213 2289 249 2307 21
279 2277 445 2316 supplicia
463 2277 531 2307 cO:
558 2276 679 2306 indicia
693 2279 735 2315 ρδ
897 2286 935 2314 24
962 2275 1060 2306 effert
1073 2274 1108 2313 J.
1124 2275 1160 2312 J.
1179 2275 1353 2305 Ilat'tman
1380 2275 1424 2313 xcf.
1445 2279 1540 2305 extu-

214 2322 305 2352 lisset
327 2324 340 2357 ξ
364 2326 440 2359 ¹¹3)
575 2321 616 2350 28
642 2318 788 2349 modium
807 2318 855 2348 cO

1564 774 1603 796 10

1565 1100 1600 1131 ¹5

1562 1425 1600 1446 20

1561 1749 1598 1780 ²5
