1715 2734
8 2604 15 2620 ,-
7 2487 13 2576 ---*--·--v
7 2435 12 2478 -μμ

171 138 438 177 ACTIONIS
461 138 520 175 IN
543 138 588 176 C.
606 138 847 174 VERREM
868 138 1166 176 SECVNDAE
1189 138 1293 175 LIB.
1317 138 1382 174 III
1442 136 1493 183 38
1513 143 1554 182 87

170 251 246 288 hoc
277 248 487 288 discrimen
527 256 565 287 te
603 256 782 298 praetore
817 250 897 295 fuit,
934 256 975 286 ut
1009 256 1178 286 aratores
1211 247 1252 286 in
1293 261 1491 286 servorum

169 328 334 352 numero
354 321 494 360 essent,
517 313 615 351 servi
637 313 675 350 in
697 313 1008 363 publicanorum.

225 379 366 427 Quid?
421 378 674 416 Amestratini
697 378 840 426 miseri,
861 378 1053 428 impositis
1075 378 1127 416 ita
1148 378 1297 427 magnis
1314 377 1491 415 decumis
1514 366 1568 446 ἐξ

170 451 212 480 ut
233 443 326 492 ipsis
347 443 483 493 reliqui
506 443 602 480 nihil
624 445 742 490 fieret,
766 457 899 481 nonne
920 451 1051 480 tamen
1076 457 1280 481 numerare
1306 441 1492 492 pecunias

132 522 148 552 5
170 507 297 545 coacti
317 516 407 546 sunt
424 511 442 546 ?
481 508 733 546 Addicuntur
749 510 940 546 decumae
958 510 1014 547 M.
1034 509 1187 554 Caesio,
1203 522 1293 545 cum
1310 509 1493 545 adessent

170 573 285 622 legati
306 573 588 620 Amestratini3
618 573 748 611 statim
777 573 927 622 cogitur
959 573 1166 611 Heraclius
1192 575 1340 621 legatus
1361 586 1494 609 nume-

170 651 252 675 rare
275 639 345 675 HS
367 650 470 676 xxn.
532 638 641 686 Quid
672 640 748 675 hoc
778 640 867 676 est?
896 652 997 687 quae
1027 645 1084 676 est
1114 637 1186 675 ista
1217 638 1371 686 praeda,
1395 650 1495 686 quae

170 702 237 749 vis,
269 716 371 752 quae
400 703 568 752 direptio
598 703 825 741 sociorum?
882 702 921 740 Si
952 710 1032 740 erat
1063 702 1249 741 Heraclio
1278 703 1328 740 ab
1359 709 1494 740 senatu

173 769 402 805 mandatum
424 776 466 806 ut
487 776 644 815 emeret,
668 768 826 806 emisset
845 783 852 806 :
883 768 915 805 si
939 782 1020 806 non
1041 776 1135 816 erat,
1156 768 1223 817 qui
1252 775 1403 817 poterat
1428 780 1496 804 sua

115 847 153 870 10
172 840 313 881 sponte
342 832 551 882 pecuniam
581 834 818 871 numerare?
877 833 1019 871 Caesio
1044 832 1239 870 renuntiat
1265 846 1305 870 se
1326 831 1492 870 dedisse.

172 897 410 947 Cognoscite
457 897 789 936 renuntiationem
837 911 883 935 ex
931 897 1066 935 litteris
1105 897 1282 948 publicis.
1344 896 1494 934 Recita.
1517 903 1557 943 89

170 962 234 1000 Ex
273 974 461 1000 L1TTER1s
502 975 695 1001 PvssL1C1s.
757 964 849 1012 Quo
888 971 1045 1000 senatus
1085 964 1267 1001 consulto
1301 970 1381 1001 erat
1421 963 1497 1000 hoc

170 1029 299 1077 legato
319 1027 583 1078 permissum?
630 1029 762 1065 Nullo.
824 1028 904 1066 Cur
925 1027 1048 1065 fecit?
1089 1028 1260 1067 Coactus
1282 1035 1350 1066 est.
1398 1027 1497 1075 Quis

172 1094 248 1131 hoc
280 1093 406 1131 dicit?
462 1095 565 1131 Tota
595 1093 740 1130 civitas.
803 1092 943 1130 Recita
975 1092 1243 1130 testimonium
1279 1093 1493 1142 publicum.

117 1172 152 1202 15
174 1160 476 1196 TESTffloNivM
517 1170 734 1195 PVBLICVM.
805 1158 870 1195 Ab
908 1159 982 1195 hac
1021 1159 1159 1196 eadem
1197 1157 1354 1195 civitate
1392 1171 1497 1195 anno

174 1225 349 1261 secundo
388 1223 504 1260 simili
552 1224 702 1261 ratione
741 1230 931 1261 extortam
971 1236 1056 1260 esse
1095 1222 1304 1272 pecuniam
1337 1230 1374 1260 et
1409 1224 1493 1260 Sex.

172 1287 385 1327 Vennonio
424 1290 556 1326 datam
595 1302 642 1326 ex
680 1289 822 1326 eodem
862 1287 1088 1326 testimonio
1136 1287 1384 1336 cognovistis.
1443 1289 1496 1324 At

172 1353 472 1400 Amestratinos,
511 1353 690 1390 homines
730 1352 869 1399 tenuis,
907 1366 997 1389 cum
1030 1366 1165 1390 eorum
1200 1353 1388 1390 decumas
1421 1365 1497 1389 me-

172 1418 316 1455 dimnis
356 1429 460 1455 DCCC
498 1417 743 1455 vendidisses
784 1417 981 1455 Bariobali
1030 1417 1496 1466 Venerio-—cognoscite

113 1498 152 1520 20
170 1483 332 1520 nomina
352 1482 651 1532 publicanorum
673 1482 843 1531 l—cogis
873 1496 941 1520 eos
966 1484 1053 1531 plus
1081 1482 1175 1520 lucri
1203 1484 1348 1520 addere
1377 1496 1493 1531 quam

170 1547 307 1596 quanti
335 1546 548 1593 venierant‚
583 1560 673 1584 cum
709 1560 853 1596 magno
885 1547 1094 1584 venissent.
1158 1549 1264 1584 Dant
1299 1547 1494 1584 Bariobali

172 1612 372 1650 medimna
410 1623 550 1658 DCCCL,
588 1613 658 1649 HS
694 1624 766 1649 MD.
828 1613 1010 1649 Profecto
1048 1625 1266 1661 numquam
1306 1612 1376 1649 iste
1416 1619 1493 1649 tam

170 1691 306 1715 amens
327 1677 462 1715 fuisset
483 1685 524 1715 ut
545 1691 591 1715 ex
610 1690 703 1726 agro
723 1676 860 1726 populi
883 1677 1055 1714 Romani
1077 1679 1163 1726 plus
1185 1677 1366 1714 frumenti
1386 1691 1495 1714 servo

171 1742 341 1780 Venerio
362 1756 480 1792 quam
511 1743 659 1792 populo
689 1744 874 1779 Romano
903 1742 1018 1779 tribui
1041 1750 1247 1792 pateretur,
1272 1742 1344 1779 nisi
1367 1742 1495 1779 omnis

113 1822 150 1852 25
171 1821 216 1845 ea
236 1808 381 1857 praeda
401 1807 499 1845 servi
521 1806 683 1844 nomine
699 1808 749 1845 ad
771 1807 889 1844 istum
911 1806 1039 1856 ipsum
1063 1807 1289 1856 perveniret.
1337 1806 1493 1852 Petrini‚
1516 1819 1557 1850 90

171 1886 260 1909 cum
294 1886 428 1910 eorum
456 1873 648 1910 decumae
681 1886 824 1921 magno
859 1871 1041 1910 addictae
1070 1879 1210 1917 essent,
1241 1879 1374 1909 tamen
1404 1871 1496 1909 invi-

171 1937 309 1975 tissimi
348 1940 388 1975 P.
432 1937 584 1976 Naevio
623 1937 825 1987 Turpioni,
876 1937 1027 1975 homini
1076 1936 1377 1986 improbissimo,
1428 1936 1492 1985 qui

171 2002 395 2041 iniuriarum
433 2004 645 2041 Sacerdote
676 2011 854 2051 praetore
881 2004 1091 2040 damnatus
1122 2010 1189 2047 est,
1225 2001 1293 2038 HS
1316 2003 1371 2038 ffi
1403 2003 1495 2038 dare

171 2068 297 2106 coacti
327 2076 427 2106 sunt.
490 2070 602 2105 Itane
632 2067 823 2105 dissolute
859 2068 1046 2105 decumas
1075 2066 1287 2104 vendidisti
1321 2074 1373 2112 ut,
1404 2080 1493 2103 cum

111 2146 153 2176 30
171 2141 271 2171 esset
306 2133 552 2171 medimnum
586 2133 654 2169 HS
687 2144 752 2178 XV,
788 2132 986 2170 venissent
1025 2140 1158 2169 autem
1190 2132 1383 2169 decumae
1418 2145 1494 2169 me-

171 2197 350 2235 dimnum
378 2201 436 2243 ffi,
471 2199 547 2235 hoc
582 2205 639 2235 est
666 2197 734 2234 HS
765 2209 924 2243 XXXXV,
956 2196 1051 2234 lucri
1082 2198 1305 2234 decumano
1338 2196 1405 2231 HS
1437 2198 1493 2232 Π

218 2312 267 2339 11,
289 2312 325 2331 12
352 2302 472 2332 Recita
491 2325 497 2332 .
519 2326 526 2332 .
548 2326 554 2333 .
577 2301 715 2340 publicis
734 2300 780 2331 O:
806 2300 937 2330 litterae
956 2300 1147 2339 publicaep
1164 2300 1253 2339 vulg.
1349 2301 1387 2329 16
1413 2299 1490 2330 SeX.

170 2345 347 2375 Vennonio
361 2350 385 2384 p
398 2345 440 2376 cil.
457 2356 463 2374 τ
490 2345 594 2375 Sexto
615 2344 716 2374 Mimo
734 2344 780 2374 cO
871 2354 911 2373 22
937 2353 1041 2373 DCCCL
1061 2343 1106 2373 cO
1125 2354 1131 2372 τ
1159 2353 1240 2373 DCCC
1252 2348 1277 2382 p
1294 2343 1359 2374 rell.
1453 2344 1493 2371 28

173 2388 234 2418 HS
252 2389 302 2419 ΓΠ
319 2388 387 2418 cO:
415 2388 476 2418 HS
496 2397 544 2418 vn
559 2393 583 2427 p
600 2388 665 2419 rell.

213 2459 276 2480 cic.
297 2459 375 2479 νεα.
1368 2447 1405 2476 16
