1715 2734
117 775 153 797 10

113 1101 147 1132 15

109 1424 150 1446 20

103 2073 144 2102 30

177 71 444 110 ACTIONIS
467 71 528 108 IN
550 70 593 109 C.
612 70 852 107 VERREM
874 69 1172 107 SECVNDAE
1196 68 1297 105 LIB.
1323 69 1388 105 III
1450 77 1500 115 25

231 181 334 218 Nam
362 179 457 230 quid
487 193 559 229 ego
589 181 638 218 (16
661 180 708 227 Q.
734 179 873 226 Lollio,
904 178 1064 225 iudices,
1094 178 1235 225 dicam,
1266 178 1397 228 equite
1424 181 1500 217 Ro-

177 259 293 284 mano
314 252 490 295 spectato
510 252 627 294 atque
649 245 848 282 honesto?
906 245 1021 282 Clara
1042 256 1100 281 res
1118 251 1173 281 est
1188 257 1305 292 quam
1326 243 1500 282 dicturus

176 324 273 355 sum,
307 318 388 348 tota
422 309 552 348 Sicilia
586 308 840 347 celeberrima
871 316 988 358 atque
1021 307 1234 345 notissima.
1296 309 1374 356 Qui
1409 322 1499 346 cum

174 383 297 413 araret
331 375 370 412 in
398 373 600 420 Aetnensi,
630 387 801 423 cumque
836 373 868 411 is
902 387 992 423 ager
1026 373 1204 422 Apronio
1237 386 1325 410 cum
1362 373 1499 411 ceteris

174 439 273 489 agris
294 447 395 477 esset
420 438 594 485 traditus,
617 438 786 488 equestri
808 446 935 476 vetere
963 437 1026 475 illa
1055 437 1284 475 auctoritate
1315 445 1351 475 et
1379 438 1500 487 gratia

175 506 293 542 fretus
331 503 551 542 adfirmavit
590 517 631 541 se
670 502 900 541 decumanis
940 504 1026 552 plus
1066 515 1183 551 quam
1224 502 1385 540 deberet
1419 516 1497 540 non

174 570 367 606 daturum.
429 569 610 606 Refertur
637 567 719 605 eius
745 581 874 605 sermo
901 568 951 605 ad
975 566 1203 616 Apronium.
1267 567 1384 603 Enim
1406 580 1498 604 vero

174 634 245 671 iste
274 633 399 671 ridere
427 647 473 670 ac
506 632 633 670 mirari
668 632 838 670 Lollium
870 631 966 669 nihil
997 633 1046 669 de
1084 631 1280 677 Matrinio,
1318 631 1413 669 nihil
1448 633 1498 670 (16

173 698 309 736 ceteris
331 698 446 735 rebus
467 697 633 735 audisse.
696 697 819 735 Mittit
839 698 889 735 ad
918 696 1119 734 hominem
1141 696 1344 734 Venerios.
1406 699 1497 735 Hoc

173 776 332 812 quoque
353 762 553 809 attendite,
573 762 812 812 apparitores
834 776 857 800 a
878 769 1054 812 praetore
1071 761 1296 811 adsignatos
1313 762 1497 801 habuisse

172 829 449 873 decumanum,
486 827 515 865 si
553 828 629 865 hoc
664 827 861 865 mediocre
893 834 1167 876 argumentum
1205 827 1325 865 videri
1367 834 1496 877 potest

171 892 288 930 istum
310 894 620 931 decumanorum
643 893 803 931 nomine
824 894 874 930 ad
896 906 987 930 suos
1009 899 1193 941 quaestus
1216 906 1299 930 esse
1313 892 1492 931 abusum.

171 957 394 995 Adducitur
422 971 444 995 a
474 957 652 995 Veneriis
682 966 800 1007 atque
830 958 931 995 adeo
961 957 1164 995 attrahitur
1200 957 1360 999 Lollius.
1391 971 1495 996 com-

170 1023 334 1060 modum
364 1036 453 1060 cum
485 1022 683 1071 Apronius
714 1038 735 1060 e
765 1024 954 1072 palaestra
984 1022 1157 1067 redisset,
1190 1029 1227 1059 et
1257 1021 1295 1059 in
1327 1022 1494 1060 triclinio

169 1089 277 1136 quod
307 1086 345 1124 in
377 1089 461 1124 foro
490 1089 643 1125 Aetnae
673 1094 857 1125 straverat
887 1086 1139 1124 recubuisset.
1198 1087 1386 1125 Statuitur
1408 1089 1494 1125 Lol-

168 1151 241 1189 lius
271 1151 310 1189 in
340 1152 407 1189 illo
437 1152 669 1202 tempestivo
699 1151 959 1202 gladiatorum
981 1151 1171 1189 convivio.
1232 1153 1324 1189 Non
1346 1153 1493 1190 meher-

168 1218 255 1254 cule
289 1218 385 1254 haec
420 1231 521 1266 quae
556 1218 696 1266 loquor
735 1217 946 1262 crederem,
984 1215 1144 1262 iudices,
1188 1216 1342 1254 tametsi
1376 1218 1492 1266 vulgo

166 1281 377 1328 audieram,
416 1282 487 1320 nisi
522 1295 677 1320 mecum
713 1281 795 1331 ipse
826 1295 955 1326 senex,
991 1295 1082 1319 cum
1115 1281 1210 1319 mihi
1243 1289 1361 1331 atque
1401 1282 1491 1320 huic

167 1347 357 1384 voluntati
378 1347 639 1385 accusationis
662 1361 771 1385 meae
794 1346 1000 1384 lacrimans
1021 1346 1160 1396 gratias
1181 1355 1321 1396 ageret,
1338 1361 1492 1386 summa

168 1425 257 1449 curn
292 1412 522 1450 auctoritate
554 1420 655 1450 esset
690 1414 855 1450 locutus.
916 1412 1115 1458 Statuitur,
1151 1420 1192 1449 ut
1227 1412 1328 1458 dico,
1370 1427 1491 1463 eques

169 1479 373 1515 Romanus
404 1491 529 1515 annos
563 1491 684 1527 prope
717 1490 862 1515 Lxxxx
894 1485 1008 1515 natus
1040 1478 1079 1515 in
1111 1477 1260 1527 Aproni
1296 1478 1488 1525 convivio,

167 1555 255 1579 curn
278 1542 425 1580 interea
444 1542 642 1591 Apronius
673 1550 791 1591 caput
820 1550 938 1592 atque
968 1556 1011 1580 os
1040 1556 1154 1580 suum
1179 1551 1381 1593 unguento
1401 1557 1491 1582 con-

166 1606 327 1645 fricaret.
389 1607 518 1656 ‘Quid
546 1615 615 1653 est,
638 1608 791 1646 Lolli?'
821 1607 972 1657 inquit3
1007 1612 1071 1645 ‘tu
1099 1607 1171 1645 nisi
1200 1610 1303 1646 malo
1330 1617 1490 1647 coactus

165 1679 268 1709 recte
298 1674 424 1710 facere
453 1672 633 1710 nescis?'
691 1675 828 1711 Homo
857 1672 953 1722 quid
987 1681 1128 1722 ageret,
1161 1681 1304 1711 taceret
1335 1687 1490 1724 respon-

129 1737 283 1781 :deren
307 1737 402 1786 quid
433 1739 576 1775 faceret
605 1737 778 1787 denique
808 1738 872 1775 illa
901 1745 1028 1776 aetate
1058 1745 1095 1776 et
1125 1738 1355 1776 auctoritate
1385 1752 1490 1788 prae-

164 1801 268 1839 ditus
316 1801 526 1839 nesciebat.
615 1801 814 1851 Apronius
868 1801 1015 1840 interea
1069 1815 1205 1839 cenam
1255 1816 1300 1840 ac
1348 1806 1490 1853 pocula

163 1867 378 1915 poscebat:
409 1866 507 1904 servi
537 1874 668 1904 autern
700 1867 792 1911 eius,
825 1867 892 1917 qui
923 1874 960 1905 et
991 1867 1165 1905 moribus
1198 1867 1322 1906 isdem
1358 1877 1488 1907 essent

164 1931 306 1980 quibus
346 1930 531 1969 dominus
571 1938 609 1969 et
649 1933 790 1969 eodem
823 1945 965 1981 genere
997 1945 1043 1969 ac
1077 1933 1166 1970 loco
1205 1932 1295 1978 nati,
1338 1941 1489 1981 praeter

164 1997 299 2033 oculos
335 1995 435 2032 Lolli
468 1996 565 2033 haec
599 1996 732 2033 omnia
764 1997 949 2034 ferebant.
1012 1996 1157 2034 Ridere
1193 1996 1391 2043 convivae,
1429 2011 1487 2035 ca-

163 2060 348 2099 chinnare
373 2060 455 2110 ipse
477 2060 686 2110 Apronius,
711 2061 783 2098 nisi
815 2063 913 2100 forte
944 2061 1171 2100 existimatis
1203 2076 1292 2099 eum
1325 2062 1363 2099 in
1395 2062 1486 2101 vino

211 2176 220 2193 r
252 2165 356 2194 (licam
377 2165 501 2195 iudices
525 2165 554 2194 O
573 2168 625 2203 (ἐξ
648 2176 698 2203 25.
720 2167 774 2197 805
886 2177 918 2196 11
947 2167 1009 2197 hoc
1033 2166 1127 2197 l'cO:
1152 2177 1215 2196 om.
1232 2171 1255 2205 p
1275 2166 1339 2196 rcll.
1450 2177 1485 2205 13

164 2209 373 2237 commodum
399 2207 517 2239 Lamh.
540 2220 645 2248 marg.
670 2211 749 2247 1584
769 2221 775 2239 ε
808 2211 980 2240 commodo
1001 2209 1030 2239 O
1049 2212 1116 2249 (ιζε.
1140 2211 1196 2239 -dt’i
1230 2221 1235 2239 ε
1272 2210 1485 2249 commodes)

165 2251 227 2280 rell.
238 2255 365 2289 praefer
378 2251 408 2279 V
421 2253 641 2290 postmodum.
661 2253 893 2283 =Postmodum
913 2264 985 2283 cum
1004 2277 1011 2284 .
1032 2276 1039 2283 .
1058 2277 1064 2284 .
1087 2254 1305 2287 recubuisset,
1326 2254 1486 2283 statuitur

162 2293 271 2325 Klotz]
368 2296 405 2323 16
430 2295 597 2325 mehercle
617 2295 647 2325 O
749 2307 787 2334 19
811 2296 997 2327 lacrumans
1020 2297 1051 2325 V
1147 2307 1187 2326 22
1212 2293 1411 2326 confricaret
1432 2297 1486 2326 O:

163 2335 398 2376 perfricaretp
415 2338 480 2367 rell.
613 2348 653 2377 23
677 2339 763 2377 Quid
782 2344 833 2369 est
850 2363 856 2369 .
878 2362 885 2369 .
905 2363 912 2370 .
933 2344 1059 2370 taceret
1077 2340 1111 2368 in
1130 2351 1195 2379 mg.
1211 2340 1247 2378 p'2
1263 2351 1270 2369 τ
1294 2351 1359 2370 om.
1380 2351 1398 2378 q

1336 2385 1395 2413 15*

1520 72 1558 104 61

1520 164 1568 201 25

1520 214 1557 246 61

1514 1155 1552 1186 62
