1769 2739
419 116 479 154 IN
511 115 560 163 Q.
593 115 910 155 CAECILIVM
942 115 1159 155 ORATIO
1404 126 1451 155 10
1471 132 1510 163 31

119 220 328 267 accusatio,
345 233 445 270 quae
466 219 673 258 domestici
695 220 856 270 periculi
879 227 985 258 metu
1008 219 1212 258 certissimi
1233 228 1271 260 et
1292 221 1449 259 maximi

119 286 292 325 criminis
327 299 407 324 non
442 287 563 324 modo
598 286 857 335 sponsionem,
888 300 1021 324 verum
1054 286 1171 324 etiam
1208 287 1449 325 mentionem

121 350 245 400 ipsam
277 350 557 400 pertimescat?
604 352 795 400 Emptum
826 358 884 389 est
914 365 960 389 ex
991 359 1147 389 senatus
1175 354 1357 390 consulto
1378 354 1450 389 fru-
1471 366 1508 396 32

121 422 298 453 mentum
329 416 379 453 ab
414 414 553 453 Siculis
583 423 759 465 praetore
789 417 921 462 Verre,
945 429 1014 465 pro
1045 429 1125 465 quo
1159 417 1355 454 frumento
1388 430 1450 466 pe—

81 479 233 528 5cunia
271 479 399 517 omnis
439 481 566 518 soluta
605 493 686 517 non
725 488 793 518 est.
855 482 982 518 Grave
1022 488 1079 518 est
1118 482 1194 519 hoc
1229 481 1375 519 crimen
1409 481 1448 518 in

116 545 290 591 Verrem,
312 558 426 595 grave
457 558 519 582 me
546 553 697 594 agente,
721 553 758 583 te
785 553 995 583 accusante
1024 547 1203 594 nullum,
1233 560 1316 584 eras
1343 546 1447 583 enim

117 616 159 646 tu
198 617 391 658 quaestor,
432 609 641 658 pecuniam
686 609 885 659 publicam
934 618 974 647 tu
1021 611 1225 657 tractabas,
1266 625 1312 648 ex
1357 624 1444 659 qua,

117 675 269 713 etiamsi
308 683 467 724 cuperet
506 683 670 724 praetor,
712 682 844 712 tamen
884 688 933 712 ne
979 688 1057 724 qua
1102 675 1291 713 deductio
1339 676 1447 712 fieret

116 753 257 789 magna
289 754 335 778 ex
369 747 476 789 parte
509 747 574 777 tua
606 747 779 790 potestas
815 746 905 778 erat.
968 739 1099 777 Huius
1139 753 1298 789 quoque
1334 740 1448 789 igitur

59 821 97 844 10
115 804 287 842 criminis
308 813 346 843 te
366 813 577 842 accusante
594 805 743 843 mentio
760 806 867 842 nulla
887 806 953 842 fiet
970 820 976 842 :
1007 805 1182 843 silebitur
1198 813 1282 842 toto
1298 805 1445 843 iudicio

114 870 164 907 de
204 869 380 907 maximis
419 877 456 907 et
496 870 710 908 notissimis
750 870 851 908 illius
891 870 1000 907 furtis
1039 878 1077 908 et
1122 870 1280 908 iniuriis.
1343 860 1443 907 Mihi

113 936 244 982 crede,
277 935 435 982 Caecili,
470 949 549 973 non
585 944 714 985 potest
754 935 793 973 in
825 937 1050 973 accusando
1090 936 1216 974 socios
1252 949 1340 973 vere
1379 937 1443 973 de—

113 1001 272 1037 fendere
293 1000 324 1038 is
345 1000 524 1050 quicum
555 1013 621 1038 reo
651 1000 858 1038 criminum
890 1000 1076 1038 societate
1106 1000 1341 1038 coniunctus
1371 1008 1439 1038 est.

113 1065 319 1115 Mancipes
350 1079 373 1103 a
402 1065 623 1103 civitatibus
653 1078 723 1114 pro
754 1067 950 1103 frumento
980 1065 1188 1114 pecuniam
1219 1073 1440 1115 exegerunt.
1463 1080 1500 1111 33

53 1146 90 1178 15
112 1129 252 1177 Quid?
281 1131 357 1168 hoc
390 1131 510 1168 Verre
544 1138 720 1179 praetore
755 1131 901 1168 factum
935 1139 992 1168 est
1024 1132 1182 1169 solum?
1236 1133 1340 1178 Non,
1373 1133 1442 1169 sed

109 1194 226 1232 etiam
259 1202 466 1244 quaestore
503 1194 687 1233 Caecilio.
748 1195 856 1243 Quid
892 1195 1033 1244 igitur?
1077 1197 1237 1234 daturus
1270 1210 1310 1234 es
1350 1197 1440 1235 huic

109 1258 259 1296 crimini
282 1260 390 1309 quod
418 1267 455 1297 et
483 1258 643 1309 potuisti
675 1259 881 1308 prohibere
912 1273 961 1297 ne
991 1261 1099 1298 fieret
1126 1268 1164 1298 et
1185 1261 1369 1309 debuisti,
1390 1276 1438 1299 an

108 1332 234 1362 totum
256 1325 296 1362 id
318 1324 545 1374 relinques?
596 1326 700 1374 Ergo
725 1324 765 1362 id
792 1324 956 1362 omnino
977 1327 1117 1363 Verres
1139 1325 1178 1362 in
1200 1325 1346 1364 iudicio
1367 1341 1439 1365 suo

108 1403 187 1427 non
208 1390 341 1428 audiet
363 1391 482 1440 quod,
499 1403 588 1428 cum
612 1389 791 1435 faciebat,
808 1402 925 1438 quem
947 1391 997 1428 ad
1020 1391 1183 1428 modum
1205 1392 1436 1429 defensurus

50 1472 88 1494 20
106 1462 207 1492 esset
228 1468 308 1493 non
330 1455 557 1504 reperiebat.

160 1522 291 1570 Atque
312 1534 384 1569 ego
405 1521 502 1558 haec
524 1533 624 1569 quae
646 1519 685 1557 in
716 1519 848 1557 medio
878 1520 1005 1570 posita
1026 1528 1116 1558 sunt
1137 1534 1407 1561 commemoro
1427 1538 1433 1560 ε
1454 1536 1489 1561 11

106 1594 195 1623 sunt
229 1585 304 1623 alia
343 1585 465 1635 magis
500 1587 655 1623 occulta
690 1587 799 1631 furta,
833 1599 933 1635 quae
968 1586 1042 1632 ille,
1075 1594 1118 1624 ut
1152 1586 1272 1633 istius,
1302 1589 1431 1633 credo,

103 1651 256 1690 animos
285 1659 402 1701 atque
432 1651 601 1701 impetus
631 1652 851 1697 retardaret,
885 1652 1165 1701 benignissime
1194 1666 1284 1690 cum
1319 1667 1433 1702 quae-

105 1724 207 1755 store
228 1729 299 1754 suo
320 1716 638 1754 communicavit.
698 1718 811 1754 Haec
837 1724 877 1754 tu
908 1717 982 1755 scis
1009 1719 1059 1755 ad
1081 1731 1144 1755 me
1165 1731 1249 1755 esse
1276 1719 1405 1756 delata
1425 1733 1431 1763 ;
1452 1735 1494 1766 34

46 1797 83 1829 25
104 1794 205 1831 quae
232 1781 260 1819 si
284 1781 399 1819 velim
429 1782 610 1831 proferre,
634 1781 746 1819 facile
776 1795 914 1819 omnes
945 1781 1171 1831 intellegent
1192 1782 1302 1820 vobis
1333 1783 1432 1821 inter

104 1860 173 1884 vos
194 1860 274 1885 non
296 1848 417 1885 modo
438 1848 680 1884 voluntatem
711 1846 829 1885 fuisse
860 1846 1124 1893 coniunctam,
1148 1849 1218 1886 sed
1248 1862 1297 1886 ne
1326 1862 1432 1898 prae-

103 1912 194 1949 dam
234 1911 395 1961 quidem
434 1913 566 1950 adhuc
605 1925 690 1950 esse
734 1911 910 1950 divisam.
990 1914 1241 1963 Quapropter
1285 1913 1315 1950 si
1361 1913 1431 1951 tibi

103 1976 293 2015 indicium
328 1978 501 2026 postulas
532 1976 614 2014 dari
645 1978 753 2026 quod
788 1984 917 2014 tecum
954 1991 1032 2015 una
1062 1979 1205 2023 fecerit,
1239 1979 1428 2024 concedo,

103 2041 133 2078 si
166 2041 206 2079 id
235 2043 319 2090 lege
348 2041 606 2091 permittiturj
636 2040 695 2078 sin
724 2049 855 2079 autem
888 2043 937 2080 de
968 2043 1220 2080 accusatione
1249 2042 1427 2087 dicimus,

45 2121 83 2152 30
103 2108 298 2144 concedas
320 2114 473 2156 oportet
494 2106 539 2144 iis
560 2106 627 2156 qui
649 2107 758 2144 nullo
778 2120 850 2145 suo
870 2116 1034 2157 peccato
1063 2108 1329 2157 impediuntur
1350 2121 1430 2156 quo

104 2170 232 2209 minus
252 2171 409 2209 alterius
430 2178 592 2221 peccata
613 2172 881 2209 demonstrare
902 2172 1064 2222 possint.
1125 2175 1183 2210 Ac
1201 2173 1289 2211 vide
1310 2185 1429 2222 quan·
1450 2186 1486 2217 35

150 2284 169 2303 2
194 2274 411 2313 sponsionem
445 2275 558 2314 scripsi
589 2273 654 2314 (Cl.
683 2274 762 2306 Rev.
797 2276 876 2307 xvii.
910 2277 1015 2314 1995:
1054 2276 1280 2315 suspicionem
1313 2276 1429 2307 codd:

103 2319 383 2358 subscriptionem
410 2319 569 2360 Madvzssg:
605 2322 855 2360 susceptionem
881 2321 924 2352 A.
953 2322 1142 2353 Eberhard:
1180 2321 1427 2361 expositionem

107 2361 341 2392 Luterbacher:
367 2364 595 2402 suspicionem
616 2369 642 2395 et
659 2365 861 2395 mentionem
879 2365 982 2396 voluit
998 2370 1205 2405 transponere
1220 2365 1378 2405 Pluygers
