1715 2734
163 820 199 841 10

154 1469 195 1490 20

221 114 487 153 ACTIONIS
519 115 579 152 IN
611 114 656 155 C.
678 114 919 151 VERREM
948 113 1248 152 SECVNDAE
1279 113 1382 150 LIB.
1405 114 1442 149 V
1482 112 1539 158 64
1565 115 1627 148 166

223 226 448 262 Romanum
469 238 554 262 esse
575 223 731 271 diceret,
754 224 860 273 apud
880 230 918 261 te
942 230 1161 272 praetorem
1188 222 1218 260 si
1244 235 1324 261 non
1353 221 1540 272 effugium

220 303 270 327 ne
300 303 448 327 moram
478 289 638 338 quidem
666 288 799 327 mortis
821 287 1022 326 mentione
1041 295 1159 336 atque
1180 286 1433 336 usurpatione
1453 286 1541 324 civi-

220 354 308 393 tatis
334 354 497 404 adsequi
520 354 676 404 potuit?
734 353 929 391 Homines
959 360 1108 399 tenueS‚
1131 353 1299 390 obscuro
1329 353 1417 390 loco
1447 351 1541 399 nati,

220 419 412 469 navigant,
430 420 577 456 adeunt
597 420 648 457 ad
669 432 715 458 ea
734 420 821 457 loca
841 431 941 467 quae
969 430 1186 466 numquam
1210 424 1325 454 antea
1345 416 1538 463 viderunt,

219 483 287 521 ubi
321 496 449 532 neque
479 482 561 521 noti
592 496 675 521 esse
702 483 747 520 iis
777 497 856 532 quo
883 490 1083 529 venerunt,
1114 496 1242 532 neque
1269 495 1423 531 semper
1449 495 1540 520 curn

219 547 483 597 cognitoribus
505 561 589 586 esse
609 556 783 599 possunt.
844 550 933 586 Hac
954 562 1032 586 una
1052 555 1184 586 tamen
1205 547 1349 586 fiducia
1375 547 1539 586 civitatis

218 626 297 650 non
320 614 440 650 modo
459 614 565 663 apud
585 620 738 651 nostros
763 612 1022 662 magistratus,
1043 612 1109 662 qui
1130 620 1168 650 et
1189 614 1317 662 legum
1348 620 1385 650 et
1416 612 1540 650 existi-

219 677 399 715 mationis
438 677 611 727 periculo
656 677 915 723 continentur,
957 691 1086 727 neque
1133 678 1240 727 apud
1278 676 1371 715 civis
1411 678 1538 715 solum

219 743 432 789 Romanos,
473 741 541 791 qui
579 749 617 780 et
655 741 845 780 sermonis
884 749 922 780 et
960 741 1051 779 iuris
1090 749 1128 780 et
1162 743 1372 779 multarum
1411 756 1537 780 rerum

217 806 402 844 societate
436 806 557 844 iuncti
596 814 697 853 sunt,
732 807 814 845 fore
847 820 888 844 se
917 813 1022 844 tutos
1052 806 1296 852 arbitrantur,
1332 807 1416 853 sed,
1445 820 1537 856 quo-

217 884 386 920 cumque
413 871 599 918 venerint,
623 873 725 909 hanc
752 871 825 909 sibi
853 885 933 909 rem
962 871 1158 921 praesidio
1178 879 1333 921 sperant
1354 864 1534 909 futuram.

216 937 329 973 Tolle
360 936 461 973 hanc
493 949 613 985 spem,
649 937 741 974 tolle
775 937 851 974 hoc
886 935 1123 985 praesidium
1151 935 1300 973 civibus
1332 935 1534 982 Romanis,

215 1000 408 1038 constitue
430 1000 525 1038 nihil
546 1014 630 1039 esse
650 1000 735 1050 opis
756 1000 794 1038 in
813 1002 886 1039 hac
910 1014 1020 1048 voce,
1043 1004 1051 1020 ‘
1065 1000 1171 1040 Civis
1199 1002 1404 1038 Romanus
1426 1003 1536 1046 sum,'

214 1078 329 1114 posse
359 1065 519 1115 impune
548 1073 765 1115 praetorem
794 1073 861 1103 aut
894 1065 1013 1103 alium
1044 1064 1269 1115 quempiam
1300 1065 1535 1115 supplicium

214 1131 322 1179 quod
343 1130 433 1168 velit
455 1130 493 1167 in
514 1143 604 1167 eum
626 1129 863 1168 constituere
892 1130 959 1180 qui
986 1144 1027 1168 se
1054 1130 1179 1168 civem
1202 1132 1429 1168 Romanum
1450 1143 1534 1168 esse

214 1193 329 1240 dicat,
365 1195 473 1244 quod
505 1194 572 1244 qui
604 1194 651 1232 sit
689 1194 864 1244 ignoret:
908 1195 982 1233 iam
1024 1195 1151 1233 omnis
1186 1194 1415 1244 provincias,
1457 1194 1534 1232 iam

214 1259 346 1297 omnia
385 1272 511 1309 regna,
553 1259 630 1297 iam
669 1259 797 1298 omnis
842 1259 981 1298 liberas
1028 1259 1216 1307 civitates,
1254 1259 1332 1296 iam
1372 1272 1533 1298 omnem

214 1324 350 1361 orbem
385 1331 582 1371 terrarum,
622 1323 688 1374 qui
727 1337 880 1374 semper
918 1324 1059 1362 nostris
1098 1324 1325 1363 hominibus
1364 1324 1533 1363 maxime

213 1388 349 1437 patuit,
366 1388 515 1427 civibus
537 1388 728 1427 Romanis
749 1388 820 1426 ista
836 1389 1065 1427 defensione
1081 1388 1343 1439 praecluseris.
1395 1388 1534 1437 Quid?

213 1452 244 1490 si
267 1454 307 1490 L.
333 1453 534 1500 Raecium,
558 1453 730 1503 equitem
752 1455 990 1501 Romanum,
1013 1453 1079 1503 qui
1104 1462 1187 1491 tum
1218 1461 1297 1492 erat
1321 1453 1361 1491 in
1389 1453 1528 1499 Sicilia,

212 1518 450 1565 nominabat,
485 1518 653 1557 etiamne
684 1519 725 1557 id
756 1532 941 1569 magnum
971 1519 1053 1565 fuit,
1089 1520 1355 1557 Panhormum
1385 1520 1529 1556 litteras

212 1582 394 1620 mittere?
450 1584 708 1622 Adservasses
741 1583 944 1621 hominem
980 1583 1167 1621 custodiis
1203 1583 1529 1622 Mamertinorum

210 1654 375 1693 tuorum,
408 1647 581 1686 vinctum
611 1649 786 1686 clausum
814 1648 1029 1695 habuisses,
1052 1649 1146 1686 dum
1176 1649 1400 1686 Panhormo
1431 1650 1529 1686 Rae-

209 1711 291 1750 cius
330 1712 504 1759 veniret3
550 1721 802 1762 cognosceret
840 1713 1054 1760 hominem,
1098 1713 1247 1762 aliquid
1285 1714 1335 1751 de
1373 1727 1529 1752 summo

173 1792 187 1822 ς
210 1776 402 1826 supplicio
427 1776 666 1825 remitteres,
695 1778 725 1816 si
750 1778 954 1827 ignoraret,
976 1785 1072 1825 tum,
1093 1777 1123 1815 si
1153 1777 1205 1815 ita
1232 1776 1302 1815 tibi
1320 1777 1525 1824 videretur,

209 1841 284 1877 hoc
316 1840 406 1878 iuris
437 1840 477 1878 in
506 1842 634 1880 omnis
664 1842 930 1889 constitueres,
962 1850 1015 1889 ut,
1047 1841 1113 1892 qui
1144 1854 1272 1890 neque
1306 1841 1376 1879 tibi
1411 1849 1527 1879 notus

208 1912 308 1942 esset
342 1919 470 1955 neque
505 1906 745 1956 cognitorem
784 1909 1021 1957 locupletem
1060 1908 1180 1953 daret,
1216 1906 1393 1957 quamvis
1432 1906 1526 1944 civis

209 1970 413 2007 Romanus
443 1977 554 2017 esset,
586 1970 626 2008 in
655 1984 810 2010 crucem
840 1973 1047 2010 tolleretur.

254 2084 267 2104 1
295 2078 399 2113 praet.
419 2073 531 2114 populi
552 2074 697 2105 Romani
718 2075 833 2106 Ebcrh.
853 2075 897 2116 (v,
921 2079 956 2113 ἐξ
976 2077 1027 2114 28,
1049 2077 1125 2115 136)
1268 2085 1287 2112 4
1312 2079 1389 2105 ante
1407 2075 1449 2104 rrk
1467 2075 1522 2115 (iv,

209 2120 245 2154 ἐξ
268 2127 337 2155 104,
362 2127 443 2155 132;
468 2128 496 2155 V,
516 2119 553 2154 ἐξ
572 2128 623 2156 20,
646 2119 717 2157 167)
737 2130 744 2148 t
767 2124 867 2149 antea
884 2120 1038 2149 adierant
1056 2130 1165 2159 neque
1185 2119 1261 2150 Gell.
1283 2119 1303 2149 i.
1323 2129 1350 2157 7,
1369 2129 1388 2148 2
1505 2128 1525 2157 5

206 2170 341 2200 semper
357 2172 425 2191 om.
444 2160 484 2189 rrk
614 2172 634 2200 9
658 2172 767 2192 rerum
785 2173 849 2193 om.
864 2163 928 2202 prk
1062 2173 1097 2192 11
1125 2164 1268 2192 futuram
1280 2163 1344 2201 prk
1362 2163 1524 2202 (futurum

209 2203 282 2234 Gell.
303 2204 321 2234 l.
336 2204 376 2242 c.)
392 2215 397 2233 ι
423 2214 498 2234 6556
515 2203 657 2234 futuram
674 2216 694 2244 q
848 2216 885 2243 14
910 2206 1099 2245 quempiam
1116 2207 1176 2235 ule:
1203 2205 1383 2244 quemlibet
1401 2207 1416 2234 δ
1433 2205 1523 2244 vulg.

209 2249 247 2276 16
270 2247 325 2285 qui
346 2248 387 2277 sit
411 2245 542 2277 Halm:
565 2248 641 2286 quis
664 2250 701 2277 δε
725 2258 800 2278 eum
825 2250 899 2288 quis
923 2250 988 2280 rrk:
1013 2260 1087 2279 eum
1113 2249 1168 2288 qui
1193 2249 1236 2279 sit
1260 2249 1379 2285 Richt„
1407 2247 1522 2278 Eberlz.

212 2300 247 2328 19
272 2291 334 2320 ista
348 2290 395 2330 pk
412 2301 418 2320 z
442 2291 504 2320 hac
523 2301 563 2330 qr
699 2302 741 2322 20
767 2292 925 2322 Raecium
943 2292 1049 2322 Halm
1070 2296 1100 2332 k&
1124 2295 1179 2323 161
1199 2293 1338 2332 supra):
1367 2291 1523 2328 Recium,

208 2333 354 2363 Pretium
375 2333 463 2364 codd.
556 2339 628 2364 erat
644 2344 707 2365 om.
729 2336 744 2364 δ
761 2346 766 2364 :
792 2335 824 2365 in
844 2336 960 2367 Sicilia
977 2341 1048 2366 erat
1065 2347 1085 2375 q

1561 333 1616 377 65

1565 391 1624 433 167

1561 942 1620 975 168
