1715 2734
212 120 479 161 ACTIONIS
510 123 570 160 IN
601 123 643 161 C.
668 123 908 159 VERREM
938 122 1237 161 SECVNDAE
1267 122 1369 159 LIB.
1392 122 1430 157 V
1508 130 1534 167 4
1557 136 1596 159 10

212 231 415 270 Leonidae
436 231 639 270 cuiusdam
662 231 781 270 Siculi
802 231 947 269 familia
966 231 1005 269 in
1034 230 1299 281 suspicionem
1320 238 1378 269 est
1398 237 1536 270 vocata

212 296 501 336 coniurationis.
563 298 643 335 Res
675 298 804 335 delata
833 298 884 335 ad
914 296 1041 334 istum.
1101 295 1251 342 Statim,
1283 303 1325 333 ut
1355 310 1422 346 par
1450 295 1533 342 fuit,

211 362 317 400 iussu
339 362 421 401 eius
443 361 622 400 homines
651 362 716 412 qui
745 363 895 400 fuerant
923 361 1114 400 nominati
1145 361 1418 411 comprehensi
1446 368 1536 399 sunt

210 427 452 477 adductique
485 427 743 476 Lilybaeum3
792 427 956 466 domino
994 425 1269 465 denuntiatum
1309 434 1376 473 est,
1419 440 1536 464 causa

175 492 326 538 5dicta,
371 491 556 530 damnati.
636 491 743 538 Quid
783 491 960 530 deinde?
1008 490 1103 540 quid
1143 490 1343 529 censetis?
1390 493 1578 536 furtum5

211 558 372 595 fortasse
403 564 469 595 aut
504 558 689 606 praedam
723 556 954 607 exspectatis
993 555 1177 606 aliquam.
1237 555 1371 594 Nolite
1410 569 1535 606 usque

210 635 367 671 quaque
392 621 496 660 idem
530 635 725 671 quaerere.
787 623 834 659 In
869 628 976 659 metu
1011 620 1103 659 belli
1136 620 1289 659 furandi
1324 623 1433 660 locus
1467 620 1535 670 qui

210 694 338 736 potest
356 689 470 725 esse?
499 686 615 724 etiam
637 686 667 724 si
689 700 766 736 qua
786 686 858 724 fuit
879 686 918 724 in
939 688 1012 724 hac
1033 700 1072 724 re
1089 686 1245 725 occasio
1265 686 1535 736 praetermissa

210 758 278 789 est.
338 753 441 789 Tum
475 751 599 801 potuit
634 765 656 789 a
689 751 867 790 Leonida
898 765 1150 789 nummorum
1190 751 1337 802 aliquid
1373 753 1535 800 auferre,

152 831 192 853 10
211 829 301 853 cum
331 815 575 854 denuntiavit
605 824 646 854 ut
675 817 855 863 adesset3
885 816 956 854 fuit
985 815 1221 854 nundinatio
1248 816 1390 866 aliqua,
1414 824 1452 859 et
1473 816 1535 856 isti

210 894 291 917 non
320 894 432 927 nova,
465 895 515 919 ne
545 894 702 918 causam
732 882 936 928 dicerent3
965 881 1082 919 etiam
1114 882 1210 918 alter
1241 882 1361 927 locus,
1396 889 1440 919 ut
1471 882 1536 920 ab-

209 946 473 983 solverentur:
503 947 698 984 damnatis
720 947 881 995 quidem
907 947 1024 984 servis
1046 959 1147 996 quae
1171 946 1385 996 praedandi
1407 955 1536 997 potest

209 1024 293 1049 esse
331 1011 460 1050 ratio?
507 1013 670 1061 produci
710 1014 759 1050 ad
799 1013 1035 1061 supplicium
1074 1025 1235 1050 necesse
1267 1019 1335 1050 est.
1394 1014 1535 1051 Testes

209 1075 314 1114 enim
344 1084 434 1114 sunt
464 1077 529 1126 qui
561 1078 600 1114 in
630 1078 795 1114 consilio
825 1078 991 1123 fuerunt,
1016 1083 1133 1115 testes
1163 1077 1345 1126 publicae
1366 1078 1532 1125 tabulae,

153 1155 190 1186 15
209 1142 317 1178 testis
339 1141 657 1191 splendidissima
682 1141 816 1179 civitas
846 1141 1078 1190 Lilybitana,
1103 1141 1210 1179 testis
1235 1142 1535 1180 honestissimus

209 1206 480 1256 maximusque
520 1214 737 1245 conventus
783 1206 927 1244 civium
969 1209 1267 1245 Romanorum:
1318 1207 1398 1246 fieri
1438 1209 1534 1245 nihil

207 1279 350 1322 potest,
370 1273 614 1321 producendi
637 1279 737 1309 sunt.
798 1273 938 1321 Itaque
969 1273 1240 1321 producuntur
1268 1279 1305 1310 et
1330 1273 1380 1311 ad
1401 1273 1534 1322 palum

206 1337 424 1387 alligantur.
483 1338 612 1375 Etiam
642 1350 747 1374 nunc
776 1337 871 1373 mihi
900 1344 1124 1386 exspectare
1149 1336 1348 1384 videmini,
1372 1337 1531 1383 iudices,

207 1402 303 1452 quid
325 1402 469 1440 deinde
498 1404 643 1440 sactum
674 1401 731 1448 sit,
755 1403 863 1451 quod
894 1402 965 1439 iste
994 1401 1090 1439 nihil
1120 1415 1309 1451 umquam
1339 1402 1430 1441 fecit
1451 1404 1535 1442 sine

149 1481 189 1503 20
207 1470 341 1518 aliquo
369 1476 533 1518 quaestu
563 1475 680 1517 atque
710 1469 865 1517 praeda.
923 1466 1032 1513 Quid
1068 1468 1106 1504 in
1139 1468 1221 1505 eius
1251 1469 1359 1506 modi
1387 1482 1426 1507 re
1454 1469 1534 1506 fieri

206 1533 364 1583 potuit?
420 1533 540 1579 Quod
575 1533 830 1570 commodum
863 1539 930 1578 est,
973 1540 1195 1582 exspectate
1235 1533 1384 1570 facinus
1416 1547 1534 1582 quam

206 1600 324 1636 vultis
351 1598 600 1648 improbum3
637 1597 790 1635 vincam
819 1604 953 1634 tamen
981 1596 1313 1646 exspectationem
1342 1597 1532 1636 omnium.

210 1662 407 1702 Homines
434 1662 588 1701 sceleris
614 1661 974 1711 coniurationisque
1003 1663 1190 1708 damnati,
1218 1664 1268 1700 ad
1298 1662 1533 1712 supplicium

207 1729 347 1776 traditi,
371 1729 420 1767 ad
450 1730 581 1778 palum
614 1727 767 1777 alligati,
793 1735 953 1777 repente
982 1727 1111 1765 multis
1138 1727 1295 1765 milibus
1325 1729 1532 1766 hominum

148 1810 187 1841 25
208 1794 516 1845 inspectantibus
538 1793 654 1831 soluti
675 1800 764 1830 sunt
785 1800 823 1831 et
845 1792 1070 1830 Triocalino
1091 1791 1143 1829 illi
1166 1792 1330 1831 domino
1351 1793 1504 1831 redditi.

261 1859 369 1905 Quid
399 1860 475 1896 hoc
504 1859 593 1896 loco
622 1865 734 1907 potes
764 1856 905 1902 dicere,
937 1858 1058 1895 homo
1088 1858 1366 1905 amentissime,
1398 1858 1472 1896 nisi
1493 1859 1533 1897 id

206 1926 313 1974 quod
349 1937 420 1974 ego
452 1937 532 1961 non
567 1936 727 1972 quaero,
763 1923 870 1971 quod
904 1922 1076 1971 denique
1111 1922 1150 1960 in
1190 1936 1229 1961 re
1262 1930 1341 1960 tam
1374 1923 1529 1970 nefaria,

205 1991 358 2028 tametsi
388 1989 556 2028 dubitari
586 2002 665 2026 non
697 1995 835 2037 potest,
861 1995 993 2026 tamen
1021 2001 1070 2026 ne
1094 1989 1124 2025 si
1150 1989 1351 2026 dubitetur
1371 1988 1531 2042 quidem

205 2055 337 2105 quaeri
359 2062 546 2105 oporteat,
570 2055 665 2103 quid
686 2061 751 2091 aut
773 2060 963 2102 quantum
984 2061 1051 2091 aut
1065 2067 1144 2103 quo
1167 2055 1286 2091 modo
1308 2053 1533 2104 acceperis?

147 2134 187 2164 30
207 2120 386 2159 Remitto
411 2120 482 2158 tibi
512 2121 588 2157 hoc
619 2126 744 2156 totum
774 2125 892 2167 atque
922 2118 993 2155 ista
1028 2125 1065 2157 te
1098 2132 1189 2156 cura
1224 2118 1374 2166 libero3
1404 2133 1532 2169 neque

205 2185 310 2223 enim
346 2192 479 2223 metuo
514 2197 562 2222 ne
595 2184 670 2221 hoc
705 2182 888 2232 cuiquam
924 2185 1212 2232 persuadeatur,
1249 2192 1300 2229 ut,
1335 2185 1385 2222 ad
1424 2186 1532 2234 quod

252 2298 271 2326 3
296 2287 427 2317 fuerant
444 2286 526 2317 RS:
550 2289 700 2327 eranth
831 2289 852 2317 6
876 2288 1034 2326 spectatis
1051 2287 1115 2318 RS
1133 2300 1140 2318 :
1163 2299 1227 2320 om.
1249 2288 1364 2328 Quint.
1385 2289 1427 2320 ix,
1447 2300 1477 2320 2.
1491 2299 1532 2318 22

213 2340 247 2360 11
275 2331 400 2360 diceret
418 2332 460 2370 pb
618 2340 654 2360 12
680 2335 789 2369 potest
807 2330 902 2370 Kpa:
928 2336 1041 2370 posset
1058 2331 1124 2361 RS
1278 2342 1315 2371 15
1341 2332 1531 2371 Lilybitana

210 2372 411 2412 Mommsen,
430 2378 466 2404 ut
480 2373 556 2405 Dz‘v.
578 2376 592 2410 ξ
611 2383 674 2413 55:
700 2374 919 2412 Lilybaetana
936 2375 1026 2414 vulg.

1383 2419 1444 2449 25*

1557 1351 1591 1373 11
