1715 2734
442 106 502 144 IN
533 105 582 153 Q.
614 103 931 143 CAECILIVM
960 102 1180 141 ORATIO
1421 110 1472 149 19
1486 105 1531 140 62

147 215 187 255 id
217 214 279 266 pie
308 216 433 252 facere
463 226 543 250 non
574 224 730 262 posses;
766 224 856 249 cum
878 224 970 248 vero
999 223 1129 260 neque
1158 208 1338 247 iniuriam
1364 222 1473 247 acce-

146 280 247 331 peris
276 287 314 317 et
343 277 509 328 praetori
538 285 608 314 tuo
638 276 853 326 periculum
883 289 1002 321 crees,
1034 273 1188 313 fatearis
1222 288 1382 312 necesse
1413 281 1472 311 est

146 353 184 383 te
212 344 266 382 illi
293 343 481 381 iniustum
509 342 756 392 impiumque
776 342 924 379 bellum
946 341 1086 379 inferre
1106 339 1250 378 conari.
1312 338 1470 377 Etenim

143 409 217 447 ista
245 416 454 459 quaestura
486 408 537 446 ad
566 420 653 445 eam
688 420 769 444 rem
799 407 912 452 valet,
944 414 985 443 ut
1015 405 1300 443 elaborandum
1330 403 1401 441 tibi
1430 403 1471 440 in

105 491 122 521 5
142 473 292 512 ratione
318 472 522 511 reddenda
547 471 595 509 sit
616 484 735 520 quam
762 470 814 508 ob
842 483 923 507 rem
945 469 1012 519 qui
1032 476 1216 519 quaestor
1242 468 1324 506 eius
1354 468 1471 505 fueris

115 564 116 570 η
141 551 313 584 accuses,
336 550 416 575 non
443 544 486 574 ut
512 536 564 574 ob
591 549 678 573 eam
705 535 830 585 ipsam
858 547 1017 572 causam
1045 534 1326 583 postulandum
1354 532 1401 569 sit
1429 540 1470 570 ut

141 603 212 640 tibi
251 602 499 653 potissimum
537 600 737 638 accusatio
774 601 898 638 detur.
976 600 1120 648 Neque
1162 599 1241 636 fere
1279 610 1468 646 umquam

141 668 247 706 venit
276 668 315 705 in
345 666 642 705 contentionem
672 667 722 704 de
750 665 977 703 accusando
1006 663 1074 713 qui
1103 671 1287 713 quaestor
1320 663 1466 709 fuisset,

141 731 533 783 quinprepudiaretur.
585 731 725 780 Itaque
745 742 875 778 neque
896 730 938 767 L.
963 727 1120 766 Philoni
1141 727 1181 765 in
1198 729 1243 766 C.
1262 727 1467 766 Servilium
1487 731 1530 772 63

83 812 123 834 10
142 797 313 836 nominis
351 795 554 835 deferendi
592 802 765 845 potestas
804 802 862 832 est
901 795 1002 840 data,
1044 807 1174 843 neque
1213 794 1270 831 M.
1307 792 1468 830 Aurelio

141 864 286 901 Scauro
307 861 346 899 in
368 863 411 899 L.
432 862 628 906 Flaccum,
652 873 782 909 neque
799 860 872 898 Cn.
892 858 1084 909 Pompeio
1104 858 1145 896 in
1165 859 1211 896 T.
1228 855 1442 896 Albucium
1458 872 1469 905 3

139 941 306 977 quorum
337 939 455 965 nemo
485 933 643 976 propter
668 924 943 974 indignitatem
972 923 1200 974 repudiatus
1227 932 1296 971 est,
1319 924 1389 962 sed
1416 937 1466 961 ne

137 993 261 1031 libido
294 992 502 1030 violandae
540 990 841 1029 necessitudinis
879 989 1110 1028 auctoritate
1148 989 1324 1027 iudicum
1362 1002 1467 1027 com—

137 1059 376 1108 probaretur.
440 1059 573 1106 Atque
611 1056 675 1094 ille
710 1056 783 1094 Cn.
820 1054 1034 1105 Pompeius
1068 1054 1121 1092 ita
1154 1068 1245 1092 cum
1281 1055 1325 1093 C.
1363 1054 1466 1092 Iulio

80 1136 116 1167 15
137 1123 352 1169 contendit,
382 1130 424 1160 ut
454 1130 496 1160 tu
527 1134 707 1167 mecum,
737 1127 921 1170 quaestor
949 1119 1055 1157 enim
1082 1118 1228 1157 Albuci
1257 1120 1391 1165 fuerat,
1423 1127 1465 1157 ut

136 1196 177 1226 tu
208 1188 364 1235 Verris,
403 1187 526 1225 Iulius
560 1187 637 1224 hoc
671 1199 806 1224 secum
840 1184 1082 1223 auctoritatis
1115 1185 1167 1222 ad
1195 1185 1463 1222 accusandum

134 1254 335 1292 adferebat
356 1253 476 1302 quod,
499 1259 541 1289 ut
562 1253 639 1289 hoc
666 1258 844 1300 tempore
870 1263 943 1287 nos
969 1250 1020 1287 ab
1042 1249 1194 1295 Siculis,
1218 1249 1273 1287 sic
1294 1256 1378 1287 tum
1399 1248 1464 1286 ille

133 1319 184 1357 ab
205 1318 335 1357 Sardis
357 1324 513 1367 rogatus
533 1318 583 1354 ad
604 1329 763 1354 causam
783 1322 1010 1353 accesserat.

188 1386 351 1433 Semper
379 1384 477 1420 haec
506 1395 624 1420 causa
653 1380 864 1431 plurimum
895 1380 1026 1427 valuit,
1053 1393 1208 1430 semper
1235 1382 1335 1418 haec
1364 1380 1462 1418 ratio

75 1465 115 1485 20
133 1448 345 1487 accusandi
384 1447 455 1485 fuit
500 1445 786 1493 honestissima,
828 1459 899 1495 pro
937 1445 1065 1492 sociis,
1106 1459 1176 1496 pro
1215 1447 1338 1483 salute
1377 1458 1461 1495 pro-

132 1513 294 1560 vinciae,
316 1526 387 1562 pro
411 1520 631 1550 exterarum
658 1510 863 1548 nationum
891 1510 1113 1548 commodis
1138 1509 1361 1547 inimicitias
1380 1524 1460 1548 sus-

132 1578 270 1628 cipere,
301 1579 352 1616 ad
382 1577 597 1628 periculum
627 1577 830 1622 accedere,
861 1588 1033 1624 operam,
1065 1575 1251 1621 studium,
1282 1575 1457 1613 laborem

131 1643 388 1693 interponere.
449 1641 608 1680 Etenim
648 1641 679 1678 si
718 1639 932 1690 probabilis
971 1648 1029 1678 est
1068 1654 1204 1678 eorum
1238 1653 1356 1678 causa
1389 1641 1457 1690 qui
1477 1676 1497 1707 6

131 1708 288 1746 iniurias
310 1722 398 1746 suas
419 1707 600 1758 persequi
620 1708 757 1744 volunt
779 1708 874 1756 (qua
902 1705 942 1743 in
970 1720 1010 1744 re
1037 1706 1163 1743 dolori
1193 1719 1274 1752 suo,
1298 1719 1379 1743 non
1403 1705 1456 1744 rei
1499 1688 1519 1717 4

73 1786 111 1817 25
132 1773 313 1824 publicae
346 1772 568 1811 commodis
602 1771 805 1819 serviunt),
833 1779 984 1821 quanto
1013 1771 1077 1808 illa
1111 1770 1311 1808 honestior
1339 1784 1458 1808 causa

131 1847 199 1886 est,
223 1852 324 1889 quae
350 1852 431 1876 non
461 1839 589 1875 solum
616 1835 830 1887 probabilis
852 1835 974 1874 videri
999 1837 1069 1874 sed
1093 1836 1211 1873 etiam
1234 1843 1342 1885 grata
1370 1849 1456 1874 esse

129 1905 259 1951 debet,
288 1906 395 1942 nulla
425 1903 602 1954 privatim
631 1910 794 1952 accepta
823 1901 962 1939 iniuria
990 1901 1187 1939 sociorum
1215 1909 1334 1950 atque
1363 1902 1457 1938 ami-

128 1982 263 2007 corum
303 1968 439 2019 populi
478 1967 650 2006 Romani
685 1968 820 2005 dolore
854 1974 973 2016 atque
1007 1966 1156 2004 iniuriis
1189 1966 1454 2004 commoveri!

130 2035 266 2084 Nuper
285 2048 375 2072 cum
410 2033 449 2070 in
486 2035 525 2070 P.
560 2032 775 2071 Gabinium
805 2031 861 2069 vir
890 2031 1123 2069 fortissimus
1153 2039 1190 2069 et
1220 2031 1456 2069 innocentis-

71 2109 110 2139 30
129 2098 249 2136 simus
289 2100 331 2136 L.
370 2098 460 2135 Piso
494 2097 735 2136 delationem
774 2096 947 2134 nominis
986 2097 1211 2146 postularet,
1248 2104 1286 2134 et
1317 2104 1455 2134 contra

173 2211 191 2240 5
215 2202 269 2240 qui
295 2205 456 2240 quaestor
479 2201 551 2231 eius
576 2200 682 2230 fueris
704 2199 851 2240 Dvprb:
876 2201 928 2230 cui
950 2205 1111 2239 quaestor
1134 2199 1237 2229 fueris
1250 2199 1330 2239 pler.
1356 2198 1451 2239 ng..

131 2245 311 2284 Rau,s0rt.
332 2248 429 2275 recle:
454 2255 529 2274 cum
547 2245 601 2274 cui
619 2249 779 2282 quaestor
797 2243 911 2277 fueris,
938 2254 964 2273 s.
994 2253 1069 2273 eum
1092 2243 1145 2272 cui
1172 2253 1227 2281 qu.
1252 2243 1272 2273 f.
1299 2242 1359 2282 Lg.
1384 2253 1402 2280 5
1427 2247 1456 2272 et

130 2287 331 2318 Matritensis
345 2288 487 2318 Asconii
566 2298 587 2326 9
613 2286 745 2316 Philoni
760 2286 791 2322 b,
805 2286 851 2317 ed.
873 2287 963 2317 Rom
980 2298 987 2316 :
1010 2286 1143 2316 Pithoni
1162 2286 1264 2316 DKZ
1281 2298 1288 2316 :
1312 2286 1454 2325 pythoni

125 2337 191 2370 pq:
216 2332 331 2370 pyloni
349 2342 367 2361 r
497 2340 538 2368 25
562 2340 662 2361 causa
679 2335 732 2360 est
751 2329 875 2364 qupr:
902 2334 954 2360 est
971 2339 1072 2360 causa
1089 2341 1108 2369 q
1124 2341 1130 2359 :
1156 2335 1206 2359 est
1223 2340 1287 2359 om.
1309 2331 1323 2357 δ
