1715 2734
174 84 440 123 ACTIONIS
464 86 523 122 IN
545 85 592 123 C.
608 86 850 122 VERREM
871 86 1168 125 SECVNDAE
1191 88 1295 125 LIB.
1318 89 1383 124 III
1442 98 1494 134 34

176 199 233 234 ‘et
254 198 304 234 de
326 196 507 243 Docimo,
531 196 703 235 amiculo
723 211 823 243 meo,
847 197 943 247 quid
964 197 1142 247 cogitatis
1159 200 1196 237 ?'
1253 200 1386 248 Atque
1415 200 1492 237 hoc

171 262 310 311 agebat
340 262 378 299 in
408 262 603 309 cubiculo,
625 262 786 309 iudices,
809 271 928 313 atque
957 263 996 301 in
1018 265 1120 301 lecto
1140 278 1222 302 suo.
1283 264 1493 313 Negabant

170 326 223 363 illi
245 326 457 376 quicquam
478 326 552 365 sibi
572 341 658 365 esse
678 329 922 366 mandatum.
982 330 1099 366 ‘Non
1116 328 1259 366 audio:
1290 337 1492 367 numerate

172 393 253 429 HS.
278 393 363 429 {HJ
421 391 530 440 Quid
552 393 722 430 facerent
743 392 883 439 miseri,
899 400 965 430 aut
986 392 1081 442 quid
1104 395 1358 431 recusarent?
1386 407 1493 443 prae-

131 472 148 502 5
170 455 301 493 sertim
330 470 421 493 cum
451 456 490 493 in
521 457 623 494 lecto
652 458 896 495 decumanae
926 457 1096 495 mulieris
1126 457 1287 506 vestigia
1316 457 1493 496 viderent

169 521 349 568 recentia,
373 520 517 570 quibus
546 521 655 559 illum
685 521 918 559 inflammari
946 523 996 560 ad
1026 523 1354 571 perseverandum
1385 522 1493 561 intel-

169 586 359 634 legebant.
422 588 483 624 Ita
498 586 633 623 civitas
654 600 733 624 una
748 587 944 624 sociorum
965 594 1083 636 atque
1097 586 1313 625 amicorum
1335 588 1492 626 duabus

168 650 384 688 deterrimis
407 650 643 689 mulierculis
664 653 785 689 Verre
805 659 982 700 praetore
1003 651 1199 701 vectigalis
1221 651 1302 690 fuit.

221 717 353 765 Atque
374 730 446 766 ego
467 730 573 753 nunc
594 730 685 754 eum
710 716 894 754 frumenti
925 730 1131 754 numerum
1157 724 1195 755 et
1216 731 1280 755 eas
1301 717 1491 767 pecunias

110 796 147 817 10
167 780 325 830 publice
351 780 582 819 decumanis
605 781 657 819 ab
686 781 992 819 Herbitensibus
1017 783 1128 820 datas
1156 795 1241 820 esse
1263 782 1381 831 dico3
1410 797 1491 833 quo

166 845 219 883 illi
249 847 446 884 frumento
475 853 514 884 et
542 846 687 896 quibus
716 846 894 896 pecuniis
929 854 1061 885 tamen
1093 847 1143 885 ab
1178 848 1489 886 decumanorum

114 928 117 932 ·
166 910 313 948 iniuriis
343 910 437 949 civis
467 925 559 949 suos
588 925 670 949 non
698 913 960 950 redemerunt.
1021 912 1186 950 Perditis
1216 912 1320 951 enim
1351 913 1428 951 iam
1451 922 1490 952 et

165 975 324 1026 direptis
346 984 542 1014 aratorum
562 976 689 1023 bonis,
713 977 810 1014 haec
837 976 1068 1015 decumanis
1091 991 1238 1015 merces
1259 978 1426 1016 dabatur
1447 987 1489 1017 ut

164 1040 377 1089 aliquando
398 1055 445 1078 ex
465 1054 600 1079 eorum
620 1040 720 1090 agris
740 1049 859 1090 atque
879 1055 926 1079 ex
946 1041 1108 1079 urbibus
1128 1042 1290 1080 abirent.
1349 1045 1489 1093 Itaque
1541 1067 1546 1069 -

108 1119 145 1151 15
165 1119 254 1142 cum
278 1105 455 1143 Philinus
478 1105 740 1152 Herbitensis,
756 1107 878 1143 homo
898 1105 1065 1144 disertus
1082 1114 1120 1144 et
1137 1108 1308 1156 prudens
1325 1115 1363 1146 et
1379 1109 1488 1146 domi

164 1169 317 1216 nobilis,
341 1171 391 1208 de
411 1170 633 1208 calamitate
658 1178 856 1208 aratorum
878 1178 916 1208 et
937 1172 987 1209 de
1008 1173 1098 1221 fuga
1119 1179 1156 1209 et
1177 1173 1227 1210 de
1248 1172 1487 1222 reliquorum

163 1235 359 1285 paucitate
379 1235 537 1286 publice
562 1235 720 1283 diceret,
742 1235 1082 1284 animadvertistis,
1113 1236 1273 1284 iudices,
1296 1238 1485 1287 gemitum

163 1300 298 1351 populi
338 1300 522 1347 Romani,
556 1300 667 1339 cuius
706 1301 925 1351 frequentia
964 1301 1055 1340 huic
1087 1316 1228 1340 causae
1267 1316 1485 1353 numquam

162 1365 295 1404 defuit.
356 1368 447 1415 Qua
467 1367 516 1404 de
538 1366 734 1416 paucitate
754 1374 950 1405 aratorum
979 1367 1056 1405 alio
1086 1369 1174 1405 loco
1194 1367 1348 1407 dicam:
1380 1382 1485 1406 nunc

105 1447 143 1468 20
162 1431 258 1469 illud
297 1432 404 1481 quod
443 1430 621 1481 praeterii
660 1445 741 1470 non
780 1431 944 1470 omnino
984 1432 1286 1482 relinquendum
1319 1432 1481 1472 videtur.

163 1498 277 1543 Nam,
294 1511 363 1547 per
377 1498 475 1535 deos
492 1496 734 1544 immortalis,
758 1498 866 1547 quod
888 1498 938 1535 de
958 1497 1086 1547 capite
1107 1497 1179 1536 iste
1200 1498 1380 1548 dempsit,
1406 1512 1484 1548 quo

161 1563 319 1600 tandem
360 1564 481 1601 modo
519 1562 631 1600 vobis
670 1576 750 1600 non
790 1564 912 1601 modo
948 1564 1163 1609 ferendum,
1197 1577 1331 1601 verum
1366 1563 1483 1602 etiam

159 1626 403 1665 audiendum
434 1627 616 1666 videtur?
672 1630 784 1665 Vnus
814 1629 946 1665 adhuc
977 1627 1048 1665 fuit
1082 1635 1170 1676 post
1201 1630 1371 1665 Romam
1394 1642 1483 1666 con-

160 1691 392 1738 ditam,—di
414 1691 652 1730 immortales
673 1692 805 1737 faxint,
829 1706 878 1730 ne
900 1692 948 1730 sit
979 1694 1073 1730 alter
1090 1693 1215 1730 I—cui
1245 1706 1303 1730 res
1325 1693 1484 1743 publica

101 1771 139 1801 25
161 1762 282 1793 totam
315 1770 356 1794 se
387 1757 554 1794 traderet
589 1756 830 1806 temporibus
863 1764 901 1795 et
932 1756 1041 1794 malis
1077 1765 1212 1795 coacta
1242 1757 1479 1805 domesticis,

162 1822 202 1857 L.
226 1822 341 1858 Sulla.
404 1820 483 1858 Hic
504 1828 657 1858 tantum
678 1821 805 1870 potuit
827 1829 868 1859 ut
891 1835 1008 1859 nemo
1031 1821 1096 1859 illo
1125 1821 1245 1859 invito
1274 1835 1346 1860 nec
1375 1823 1481 1861 bona

157 1898 229 1923 nec
251 1885 413 1935 patriam
435 1899 508 1924 nec
529 1885 646 1923 vitam
665 1885 829 1924 retinere
851 1894 1007 1936 posset3
1038 1894 1188 1924 tantum
1210 1886 1328 1924 animi
1344 1888 1480 1926 habuit

156 1951 205 1987 ad
240 1950 444 1988 audaciam
476 1958 518 1988 ut
552 1950 682 1989 dicere
721 1950 760 1988 in
794 1951 978 1989 contione
1018 1964 1098 1989 non
1135 1951 1339 1998 dubitaret,
1374 1953 1480 1991 bona

155 2014 297 2052 civium
331 2018 601 2054 Romanorum
632 2030 722 2054 cum
744 2018 940 2062 venderet,
965 2031 1005 2055 se
1036 2018 1221 2066 praedam
1253 2030 1362 2055 suam
1389 2031 1478 2056 ven-

96 2095 136 2124 50
155 2080 256 2117 dere.
318 2080 411 2118 Eius
433 2081 561 2119 omnis
583 2095 641 2119 res
661 2089 788 2131 gestas
817 2096 896 2120 non
925 2084 1051 2120 solum
1084 2081 1319 2128 obtinemus,
1342 2096 1476 2121 verum

200 2193 212 2212 1
240 2188 271 2213 et
289 2184 330 2213 de
348 2184 394 2214 cO
411 2196 416 2213 ;
443 2188 475 2213 et
494 2184 558 2216 rell.
684 2195 702 2214 2
728 2184 851 2216 lectulo
869 2187 885 2215 δ
1000 2197 1018 2224 4
1042 2187 1094 2216 ἷῆ
1110 2186 1157 2216 cO
1174 2197 1179 2215 :
1205 2187 1250 2215 >W
1268 2186 1329 2216 rell.
1455 2196 1475 2226 5

154 2226 276 2256 lectulo
294 2239 315 2256 π
467 2239 488 2267 9
513 2228 674 2267 pecunias
690 2229 819 2267 publice
840 2229 892 2259 O:
918 2230 1006 2269 publ.
1028 2240 1099 2269 pce.
1121 2230 1185 2259 rell.
1348 2239 1386 2259 12
1411 2230 1474 2260 iarn

153 2269 200 2299 cO
218 2281 224 2298 :
249 2280 313 2301 ont.
329 2274 353 2309 p
371 2270 435 2301 rell.
557 2282 592 2310 17
616 2273 777 2310 gemitum
797 2273 924 2304 iudices
945 2273 974 2303 O
995 2276 1046 2311 (ἓξ
1067 2282 1117 2311 25,
1138 2273 1192 2312 61)
1300 2283 1342 2303 20
1366 2283 1474 2311 paene

153 2314 413 2352 praeteriifalso
431 2315 518 2354 vulg.
673 2325 711 2344 21
741 2316 803 2346 iste
821 2316 868 2346 cO
885 2328 890 2346 :
916 2316 977 2356 ipsi
991 2321 1016 2356 p
1033 2317 1096 2346 rell.
1250 2325 1290 2354 25
1314 2321 1418 2346 totam
1436 2327 1474 2347 se

154 2355 227 2385 Orr:
252 2366 288 2386 se
306 2361 403 2387 totam
421 2357 490 2388 cdd.

1516 101 1554 135 79

1508 1379 1554 1415 35

1507 1637 1541 1666 81
