1715 2734
203 85 258 121 26
277 88 319 129 67
648 84 704 121 M.
736 85 906 122 TVLLI
938 84 1247 124 CICERONIS

275 193 405 231 statim
436 193 680 232 exanimatus
711 194 761 232 ad
785 193 895 231 aedis
925 194 1140 241 contendit,
1164 202 1207 233 ut
1236 202 1274 234 et
1303 195 1405 234 vitae
1432 195 1550 246 patris
1571 203 1610 236 et

273 258 487 308 pudicitiae
515 259 658 297 sororis
689 265 956 306 succurreret,
991 273 1130 298 omnes
1158 262 1302 299 eodem
1330 261 1466 299 animo
1496 263 1607 300 Lam-

272 323 443 373 psaceni,
467 324 582 362 simul
612 331 655 362 ut
684 325 760 362 hoc
790 323 1010 371 audierunt,
1033 326 1143 374 quod
1166 339 1232 364 eos
1263 339 1352 364 cum
1384 325 1607 364 Philodami

271 389 440 438 dignitas
475 396 559 427 tum
590 388 753 427 iniuriae
783 389 1017 439 magnitudo
1047 390 1240 437 movebat,
1264 392 1315 429 ad
1344 390 1453 429 aedis
1484 399 1604 430 noctu

270 462 550 493 convenerunt.
614 453 694 491 Hic
734 453 846 491 lictor
884 453 994 491 istius
1035 454 1252 501 Cornelius,
1290 454 1356 504 qui
1396 468 1486 493 cum
1519 455 1638 504 eius5

269 519 387 557 servis
426 526 506 557 erat
545 532 567 556 a
608 517 760 556 Rubrio
799 518 910 568 quasi
950 518 989 556 in
1030 519 1225 568 praesidio
1262 513 1312 558 ad
1347 521 1601 559 auferendam

269 584 471 622 mulierem
487 584 729 630 conlocatus,
749 582 967 631 occiditur3
996 583 1094 621 servi
1111 597 1191 622 non
1213 583 1309 622 nulli
1327 585 1602 633 vulnerantur,

268 649 351 698 ipse
382 648 556 687 Rubrius
587 650 626 686 in
657 649 772 686 turba
801 648 1006 686 sauciatur.
1068 651 1162 696 Iste,
1189 649 1255 699 qui
1288 662 1357 687 sua
1387 650 1602 700 cupiditate

268 722 397 753 tantos
418 716 609 752 tumultus
631 713 849 752 concitatos
870 713 1030 761 videret,
1054 727 1196 764 cupere
1223 714 1355 764 aliqua
1382 716 1546 762 evolare,
1570 717 1601 754 si

194 762 246 844 ²2}
267 786 410 829 posset.
471 778 666 817 Postridie
686 778 868 817 homines
886 792 1002 817 mane
1023 778 1062 816 in
1084 779 1312 817 contionem
1334 779 1600 828 conveniunt,
1623 798 1662 821 10

266 851 460 895 quaerunt
490 844 585 894 quid
616 843 810 894 optimum
842 845 945 882 factu
976 844 1049 891 sit;
1088 858 1158 894 pro
1192 858 1234 883 se
1269 844 1447 894 quisque,
1483 852 1525 883 ut
1560 845 1599 883 in

263 924 424 961 quoque
444 917 525 949 erat
546 909 786 948 auctoritatis
808 909 1033 959 plurimum,
1055 910 1107 948 ad
1127 911 1319 959 populum
1341 910 1600 959 loquebatur,

262 976 443 1014 inventus
465 983 523 1014 est
539 988 658 1013 nemo
674 974 784 1012 cuius
805 988 885 1012 non
903 975 1001 1013 haec
1022 982 1060 1012 et
1081 974 1275 1012 sententia
1288 982 1389 1012 esset
1407 982 1444 1012 et
1461 975 1595 1022 oratio,

261 1055 341 1079 non
363 1054 449 1080 esse
469 1041 742 1086 metuendum,
770 1039 800 1077 si
830 1039 939 1077 istius
968 1039 1159 1078 nefarium
1186 1041 1312 1078 scelus
1335 1041 1596 1090 Lampsaceni

261 1106 330 1145 ulti
350 1106 387 1145 vi
409 1119 609 1156 manuque
630 1112 771 1151 essent,
795 1118 845 1143 ne
871 1112 1029 1143 senatus
1057 1106 1307 1155 populusque
1329 1106 1535 1143 Romanus
1557 1105 1595 1143 in
1620 1123 1655 1155 15

260 1185 346 1210 eam
378 1171 576 1210 civitatem
606 1170 1003 1209 animadvertendum
1034 1178 1215 1220 putaret3
1244 1170 1386 1220 quodsi
1418 1171 1493 1209 hoc
1514 1171 1596 1210 iure

259 1237 373 1287 legati
389 1237 522 1287 populi
544 1235 715 1274 Romani
736 1235 776 1273 in
798 1235 926 1274 socios
940 1235 1201 1285 nationesque
1217 1243 1365 1274 exteras
1382 1243 1592 1281 uterentur,

259 1310 300 1340 ut
335 1302 566 1353 pudicitiam
600 1301 812 1339 liberorum
845 1315 996 1339 servare
1025 1302 1076 1339 ab
1107 1315 1243 1339 eorum
1274 1301 1438 1340 libidine
1469 1309 1592 1340 tutam

259 1382 338 1406 non
370 1368 514 1414 liceret,
549 1366 704 1417 quidvis
736 1380 821 1405 esse
856 1366 1005 1416 perpeti
1041 1366 1161 1405 satius
1197 1380 1315 1416 quam
1346 1366 1385 1404 in
1417 1374 1523 1405 tanta
1555 1367 1590 1405 vi

195 1439 237 1482 69
256 1441 376 1484 atque
404 1433 617 1472 acerbitate
647 1432 799 1470 versari.
863 1434 975 1470 Haec
1008 1446 1097 1470 cum
1132 1445 1270 1470 omnes
1311 1431 1510 1479 sentirent,
1553 1440 1591 1471 et
1613 1448 1652 1470 20

256 1512 346 1537 cum
381 1499 419 1537 in
454 1513 541 1537 eam
581 1498 773 1536 rationem
809 1511 879 1548 pro
914 1511 986 1536 suo
1018 1497 1185 1547 quisque
1218 1511 1334 1536 sensu
1369 1511 1414 1536 ac
1453 1499 1590 1537 dolore

256 1565 490 1614 loqueretur,
516 1577 653 1602 omnes
675 1564 725 1601 ad
747 1576 832 1601 eam
856 1563 1019 1601 domum
1050 1562 1089 1600 in
1120 1576 1197 1613 qua
1219 1562 1291 1601 iste
1312 1563 1590 1601 deversabatur

255 1629 418 1679 profecti
446 1637 561 1675 sunt,
591 1629 755 1667 caedere
784 1627 942 1665 ianuam
973 1627 1084 1674 saxis,
1112 1627 1254 1666 instare
1280 1629 1390 1674 ferro,
1420 1627 1524 1677 ligna
1551 1636 1589 1666 et

253 1701 449 1732 sarmenta
474 1693 717 1732 circumdare
745 1692 957 1742 ignemque
981 1693 1159 1731 subicere
1187 1700 1411 1743 coeperunt.
1472 1694 1587 1731 Tunc

252 1759 357 1798 cives
398 1758 585 1805 Romani,
620 1758 686 1808 qui
723 1757 930 1808 Lampsaci
972 1758 1283 1807 negotiabantur,
1324 1765 1587 1805 concurrunt,
1609 1774 1645 1805 ²5

252 1832 364 1862 orant
395 1826 688 1874 Lampsacenos
711 1831 752 1861 ut
773 1822 925 1872 gravius
955 1825 1062 1873 apud
1098 1837 1165 1861 eos
1197 1836 1344 1861 nomen
1380 1821 1585 1872 legationis

252 1903 370 1939 quam
406 1889 545 1928 iniuria
583 1888 698 1938 legati
731 1896 960 1938 putaretur3
1002 1902 1086 1927 sese
1122 1888 1346 1937 intellegere
1381 1887 1583 1925 hominem

252 1955 360 1993 illum
393 1969 478 1993 esse
512 1954 708 2005 impurum
744 1967 790 1991 ac
826 1953 1027 2000 nefarium,
1065 1954 1134 1991 sed
1169 1952 1357 2002 quoniam
1395 1965 1466 1990 nec
1502 1964 1583 2001 per—

251 2021 405 2059 fecisset
434 2021 541 2070 quod
572 2026 736 2058 conatus
767 2026 882 2065 esset,
904 2032 1032 2068 neque
1062 2020 1212 2056 futurus
1243 2026 1343 2056 esset
1376 2017 1582 2067 Lampsaci

294 2134 314 2162 3
338 2134 410 2154 cum
430 2123 506 2163 qu
523 2135 527 2153 :
555 2129 623 2153 tum
643 2124 690 2152 Ψδ
778 2132 798 2160 9
822 2122 933 2161 aliqua
951 2121 1044 2160 Dpr:
1071 2121 1147 2161 aliq.
1166 2120 1253 2151 KZ:
1277 2121 1388 2160 aliquo
1408 2121 1434 2151 L
1545 2132 1582 2152 10

251 2178 347 2197 manc
375 2168 527 2197 homines
551 2167 611 2207 prb
727 2176 759 2196 11
790 2166 876 2195 sactu
908 2165 998 2196 Dal.
1016 2171 1038 2203 p
1056 2165 1160 2196 Asa:
1197 2165 1318 2195 factum
1347 2164 1430 2204 qur
1542 2175 1580 2204 13

249 2211 357 2241 oratio
379 2211 441 2250 ph:
469 2211 552 2240 ratio
581 2210 666 2240 Dw
774 2219 814 2238 22
839 2210 972 2239 dex-ers.
1001 2208 1055 2239 D:
1085 2209 1206 2238 divers.
1232 2214 1278 2248 pr
1297 2207 1404 2238 Scltol.
1433 2207 1576 2239 Gronov.

251 2265 289 2292 24
315 2254 480 2284 subiicere
499 2253 590 2294 Dpr:
618 2254 740 2283 circum
758 2252 832 2282 add.
853 2253 886 2281 in
906 2263 969 2290 mg.
991 2251 1050 2291 D2,
1076 2255 1104 2282 et
1120 2252 1164 2282 ita
1181 2255 1209 2280 Ψ
1376 2251 1471 2282 Tunc
1489 2250 1555 2281 ΟΨ
1571 2262 1579 2282 ;

250 2302 319 2328 tum
333 2298 378 2338 pb
