1715 2734
113 53 167 99 56

106 370 166 410 148

117 1060 166 1098 57

108 1120 166 1152 149

112 1940 172 1972 150

188 65 248 99 147
554 52 611 88 M.
642 50 812 88 TVLLI
843 49 1151 89 CICERONIS

186 164 408 214 reponere?
460 164 592 202 Nemo
631 162 786 202 dubitat
824 161 920 212 quin
959 163 1084 201 multo
1122 161 1249 200 maius
1288 161 1337 200 sit
1374 174 1518 200 novam

187 230 322 267 facere.
397 229 618 267 Ostendam
658 228 697 265 in
736 227 902 266 aedibus
941 227 1098 277 privatis
1135 230 1254 277 longa
1291 227 1520 277 difficilique

186 301 345 332 vectura
373 295 578 332 columnas
609 292 779 342 singulas
809 293 860 330 ad
890 291 1123 341 impluvium
1154 294 1225 331 HS
1255 304 1373 330 ccmo
1402 303 1520 330 ccmo

186 373 267 398 non
289 358 418 396 minus
444 371 605 407 magnas
625 359 782 395 locatas.
844 358 922 395 Sed
953 356 1129 407 ineptum
1161 365 1218 396 est
1248 358 1298 396 de
1328 365 1407 395 tam
1437 369 1520 406 per-

186 424 322 475 spicua
342 423 424 462 eius
446 422 692 472 impudentia
713 421 890 472 pluribus
911 421 1039 460 verbis
1060 421 1272 472 disputare,
1293 421 1519 472 praesertim
1539 435 1557 467 5

186 503 276 528 cum
305 489 376 526 iste
406 495 538 538 aperte
568 495 651 525 tota
679 488 764 536 lege
785 486 964 525 omnium
994 500 1217 525 sermonem
1247 495 1366 536 atque
1395 486 1521 525 existi-

187 555 401 592 mationem
418 552 710 602 contempserit,
729 551 797 602 qui
813 551 930 590 etiam
947 553 998 591 ad
1015 560 1230 591 extremum
1247 551 1495 601 adscripserit
1512 566 1520 589 z

188 621 400 657 REwaA
421 630 497 656 SIBI
527 629 693 655 HAssETo
709 632 718 665 3
748 617 859 667 quasi
889 617 1102 667 quicquam
1134 617 1296 656 redivivi
1326 630 1372 655 ex
1401 630 1521 667 opere

186 683 253 722 illo
274 685 474 721 tolleretur
493 696 540 720 ac
560 696 641 720 non
663 690 790 720 totum
812 695 912 732 opus
933 696 980 720 ex
1002 682 1183 720 redivivis
1205 681 1518 720 constitueretur.

187 751 239 787 At
260 748 365 787 enim
387 748 417 786 si
439 747 590 798 pupillo
611 747 749 785 redimi
772 760 853 785 non
881 747 1024 785 licebat
1046 761 1126 785 non
1156 760 1318 785 necesse
1338 754 1419 785 erat
1438 760 1520 785 rem
1543 763 1582 786 10

185 816 236 853 ad
268 814 397 864 ipsum
432 812 661 864 pervenire3
700 820 853 862 poterat
892 811 1033 862 aliquis
1072 813 1123 850 ad
1158 812 1197 850 id
1233 811 1436 862 negotium
1468 813 1521 851 de

186 881 335 931 populo
364 880 563 918 accedere.
625 879 777 917 Omnes
809 877 955 916 exclusi
989 885 1079 915 sunt
1114 891 1194 915 non
1228 877 1358 915 minus
1387 884 1520 927 aperte

185 959 304 996 quam
332 944 517 995 pupillus.
579 943 696 982 Diem
721 942 940 993 praestituit
970 942 1079 992 operi
1103 942 1290 980 faciundo
1319 943 1521 980 Kalendas

188 1010 431 1057 Decembris,
465 1011 569 1048 locat
599 1009 751 1047 circiter
783 1010 879 1047 Idus
911 1008 1180 1058 Septembris3
1208 1007 1397 1057 angustiis
1427 1015 1522 1046 tem-

187 1076 291 1126 poris
326 1076 589 1114 excluduntur
626 1087 775 1112 omnes
837 1073 946 1122 Quid
981 1075 1103 1123 ergo?
1152 1073 1365 1111 Habonius
1405 1072 1520 1111 istam
1544 1085 1579 1117 15

187 1141 293 1179 diem
315 1154 395 1191 quo
416 1142 538 1178 modo
565 1139 822 1189 adsequitur?
870 1141 1001 1177 Nemo
1029 1139 1220 1177 Habonio
1248 1140 1436 1177 molestus
1463 1145 1521 1177 est

187 1220 317 1256 neque
340 1205 532 1244 Kalendis
556 1204 845 1242 Decembribus
876 1218 1005 1254 neque
1036 1204 1164 1242 Nonis
1193 1218 1324 1254 neque
1356 1204 1522 1251 Idibus3

188 1271 361 1321 denique
381 1271 583 1320 aliquanto
602 1277 694 1308 ante
714 1269 754 1307 in
776 1269 1017 1320 provinciam
1040 1269 1112 1307 iste
1128 1269 1386 1319 proficiscitur
1402 1282 1521 1319 quarn

189 1351 288 1388 opus
323 1337 507 1375 effectum
547 1342 615 1373 est.
688 1336 951 1384 Posteaquam
991 1348 1079 1372 reus
1119 1336 1245 1372 factus
1284 1342 1352 1381 est,
1395 1336 1522 1384 primo

190 1403 359 1453 negabat
388 1415 429 1439 se
458 1414 558 1451 opus
588 1400 628 1438 in
657 1408 864 1450 acceptum
896 1402 1036 1438 referre
1066 1414 1206 1450 posse3
1235 1414 1325 1438 curn
1363 1400 1522 1438 instaret
1546 1410 1583 1432 ²0

192 1466 415 1512 Habonius,
448 1466 487 1503 in
518 1478 582 1503 me
611 1478 769 1503 causam
802 1465 1040 1511 conferebat,
1075 1465 1184 1514 quod
1218 1478 1308 1502 eum
1342 1464 1522 1503 codicem

190 1533 471 1583 obsignassem.
533 1530 634 1569 Petit
672 1544 695 1568 a
729 1544 792 1568 me
830 1531 1042 1569 Habonius
1082 1539 1119 1569 et
1157 1530 1306 1568 amicos
1344 1531 1523 1580 adlegat:

189 1598 302 1637 facile
323 1597 516 1647 impetrat.
577 1597 667 1642 Iste,
687 1595 783 1645 quid
796 1604 937 1645 ageret,
954 1596 1180 1643 nesciebat3
1208 1596 1239 1634 si
1257 1595 1294 1633 in
1316 1603 1522 1645 acceptum

190 1677 270 1702 non
302 1662 521 1708 rettulisset,
555 1661 717 1711 putabat
748 1675 789 1699 se
819 1661 968 1711 aliquid
1000 1661 1241 1700 defensionis
1272 1660 1524 1707 habiturum3

192 1728 425 1767 Habonium
441 1740 557 1777 porro
571 1727 821 1777 intellegebat
836 1741 916 1765 rem
931 1735 1053 1766 totam
1068 1741 1153 1765 esse
1170 1727 1522 1776 patefacturum,—
1546 1739 1583 1770 25

191 1794 346 1833 tametsi
380 1793 477 1843 quid
512 1800 664 1843 poterat
699 1806 784 1831 esse
825 1793 996 1843 apertius
1032 1806 1151 1843 quam
1191 1805 1297 1829 nunc
1335 1792 1523 1829 est?‡—ut

192 1874 272 1899 uno
293 1859 422 1898 minus
444 1867 543 1897 teste
563 1867 704 1908 ageret,
732 1859 924 1897 Habonio
951 1873 1051 1909 opus
1083 1858 1121 1896 in
1143 1866 1349 1907 acceptum
1378 1856 1525 1894 rettulit

192 1925 453 1976 quadriennio
467 1933 555 1975 post
576 1939 695 1975 quam
712 1926 816 1964 diem
833 1925 939 1976 operi
958 1925 1116 1963 dixerat.
1169 1925 1258 1961 Hac
1275 1921 1522 1968 condicione,

192 1992 221 2030 si
255 1991 342 2042 quis
374 1992 424 2029 de
454 1992 603 2041 populo
634 1993 859 2042 redemptor
888 1991 1128 2035 accessisset,
1160 2002 1240 2026 non
1275 1995 1376 2025 esset
1406 2000 1524 2034 usus3

192 2071 282 2095 cum
313 2057 378 2095 die
407 2065 558 2095 ceteros
580 2058 848 2107 redemptores
879 2056 1115 2101 exclusisset,
1139 2062 1221 2092 tum
1253 2053 1291 2090 in
1322 2052 1404 2090 eius
1425 2052 1523 2090 arbi·
1542 2063 1585 2095 30

132 2167 135 2171 ²
192 2122 308 2160 trium
354 2136 399 2160 ac
438 2131 673 2173 potestatem
713 2122 845 2159 venire
891 2122 1078 2160 nolebant
1117 2120 1182 2170 qui
1230 2118 1302 2156 sibi
1349 2124 1522 2166 ereptam

237 2239 255 2266 3
283 2227 343 2257 Hs
358 2227 584 2267 quadragenis
597 2225 726 2256 milibus
741 2226 784 2265 pb
863 2236 882 2265 5
907 2226 978 2256 eius
993 2224 1042 2255 V:
1067 2226 1162 2256 istius
1172 2223 1287 2264 svrrcll.
1366 2233 1408 2252 20
1432 2233 1524 2252 sen-t

193 2282 257 2301 om.
272 2272 288 2299 δ
378 2281 416 2300 21
445 2281 520 2300 eum
535 2282 554 2299 π
567 2269 668 2300 Prisc.
689 2281 694 2299 :
719 2275 788 2299 tum
805 2269 843 2299 ὸδ
925 2279 965 2307 27
991 2274 1104 2308 ageret
1120 2269 1255 2303 scm‘psi:
1281 2267 1417 2296 haberet
1433 2264 1519 2295 (odd.

194 2313 280 2354 (Act.
299 2312 358 2343 Pr.
382 2316 397 2350 ξ
416 2314 473 2353 36)
494 2313 600 2343 Arus.
621 2312 718 2343 Mess.
737 2324 743 2344 ε
770 2312 928 2342 haberem
947 2309 1067 2341 Lamb.
1085 2308 1151 2350 (Cl.
1171 2308 1249 2340 Rev.
1269 2309 1336 2339 xix.
1363 2310 1438 2349 160)
