1769 2739
460 83 520 120 IN
551 82 599 130 Q.
632 81 951 120 CAECILIVM
981 81 1199 120 ORATIO
1468 92 1497 129 4
1522 98 1558 121 12

172 193 264 237 vult,
287 191 439 229 Siculos
459 192 535 228 hoc
555 203 578 228 a
598 204 661 228 me
683 204 761 227 non
787 190 941 240 petisse,
965 189 1133 239 primum
1164 202 1321 227 causam
1350 189 1496 227 inimici

171 257 226 294 tui
248 255 482 301 sublevabis,
501 257 551 293 de
568 269 647 304 quo
664 269 744 293 non
761 255 1055 304 praeiudicium,
1076 256 1145 292 sed
1167 256 1282 304 plane
1305 254 1493 292 iudicium

170 321 247 358 iarn
280 322 426 358 factum
458 327 625 370 putatur,
664 321 771 369 quod
809 320 861 358 ita
896 319 1146 369 percrebruit,
1181 319 1332 357 Siculos
1367 319 1495 357 omnis

168 392 340 422 actorem
371 397 464 422 suae
494 397 636 422 causae
666 393 802 423 contra
829 385 930 422 illius
953 384 1110 421 iniurias
1131 383 1341 433 quaesisse.
1402 385 1496 421 Hoc
1521 395 1557 424 13

131 462 148 492 5
168 448 197 486 si
220 456 272 495 tu,
295 448 477 486 inimicus
499 448 592 494 eius,
616 450 765 486 factum
796 448 967 498 negabis,
993 449 1102 498 quod
1123 448 1218 497 ipse,
1242 447 1305 485 cui
1326 447 1495 485 maxime

167 514 264 550 haec
285 526 344 551 res
368 513 509 559 obstat,
540 526 681 562 negare
708 527 789 551 non
816 515 947 559 audet,
972 513 1106 551 videto
1127 526 1177 550 ne
1198 512 1365 550 nimium
1388 513 1494 550 fami-

166 577 307 615 liariter
344 577 568 615 inimicitias
608 591 786 616 exercere
820 578 986 627 videare.
1051 578 1207 615 Deinde
1247 586 1338 615 sunt
1377 585 1494 615 testes

165 642 234 680 viri
264 642 465 680 clarissimi
495 651 651 681 nostrae
680 642 858 688 civitatis,
884 656 982 692 quos
1012 642 1142 680 omnis
1162 656 1185 680 a
1206 656 1270 681 me
1298 642 1494 680 nominari

165 720 246 745 non
267 715 324 745 est
345 721 529 745 necesse:
560 721 627 746 eos
641 708 707 757 qui
721 709 866 746 adsunt
882 708 1106 757 appellabo,
1125 721 1236 757 quos,
1252 707 1283 745 si
1297 707 1494 755 mentirer,

107 787 145 808 10
164 772 272 811 testis
302 786 387 810 esse
418 772 687 822 impudentiae
712 786 823 810 meae
853 772 1014 810 minime
1044 774 1195 810 vellem.
1256 772 1336 810 Scit
1364 772 1396 810 is
1425 772 1492 822 qui

163 845 221 875 est
253 837 292 874 in
324 837 502 885 consilio,
525 838 569 876 C.
605 839 828 884 Marcellus,
864 837 935 875 scit
968 837 998 875 is
1033 851 1151 887 quem
1186 838 1324 876 adesse
1363 837 1491 884 video,

163 903 235 941 Cn.
270 904 462 941 Lentulus
503 902 782 949 Marcellinus,
824 916 991 952 quorum
1032 903 1110 940 fide
1144 910 1263 952 atque
1297 903 1492 952 praesidio

162 967 280 1005 Siculi
311 968 478 1006 maxime
506 968 691 1013 nituntur,
715 969 824 1017 quod
851 967 1015 1005 omnino
1041 969 1319 1005 Marcellorum
1341 967 1491 1005 nomini

160 1040 243 1070 tota
263 1033 327 1071 illa
346 1033 547 1083 provincia
566 1033 754 1071 adiuncta
783 1040 851 1070 est.
913 1032 969 1070 Hi
998 1032 1127 1070 sciunt
1155 1034 1231 1070 hoc
1258 1046 1339 1070 non
1369 1034 1491 1071 modo
1516 1048 1551 1080 14

103 1111 139 1144 ³5
159 1111 182 1135 a
216 1111 279 1136 me
313 1098 479 1148 petitum
509 1111 605 1144 esse,
637 1099 707 1135 sed
740 1097 793 1135 ita
821 1110 938 1147 saepe
968 1105 1006 1135 et
1035 1097 1089 1134 ita
1122 1098 1374 1135 vehementer
1405 1110 1490 1135 esse

159 1163 323 1213 petitum
356 1172 397 1202 ut
426 1172 492 1202 aut
522 1178 639 1202 causa
670 1163 765 1201 mihi
796 1163 1046 1213 suscipienda
1076 1163 1190 1201 fuerit
1221 1171 1287 1201 aut
1317 1163 1488 1201 officium

158 1228 458 1266 necessitudinis
493 1228 794 1278 repudiandum.
869 1229 947 1267 Sed
981 1228 1078 1278 quid
1118 1241 1190 1277 ego
1229 1228 1289 1266 his
1324 1228 1489 1266 testibus

158 1301 255 1342 utor,
279 1295 389 1344 quasi
411 1308 470 1332 res
491 1294 613 1332 dubia
633 1302 700 1332 aut
730 1294 897 1332 obscura
921 1294 1001 1332 sit?
1049 1295 1207 1332 Adsunt
1235 1293 1415 1331 homines
1443 1308 1489 1331 ex

158 1366 239 1397 tota
270 1359 469 1408 provincia
498 1359 744 1406 nobilissimi,
767 1359 834 1408 qui
865 1367 1088 1408 praesentes
1124 1373 1192 1397 vos
1227 1367 1338 1397 orant
1369 1366 1489 1409 atque

99 1440 139 1461 20
159 1424 376 1470 obsecrant,
418 1424 579 1471 iudices,
621 1432 662 1462 ut
702 1424 741 1461 in
779 1432 911 1462 actore
949 1437 1090 1462 causae
1138 1438 1232 1462 suae
1276 1424 1487 1474 deligendo

157 1497 328 1527 vestrum
360 1489 549 1528 iudicium
585 1490 635 1527 ab
670 1503 742 1527 suo
773 1489 920 1527 iudicio
951 1503 1000 1527 ne
1030 1489 1234 1539 discrepet.
1296 1490 1486 1528 Omnium

155 1553 356 1592 civitatum
396 1554 515 1592 totius
555 1554 709 1592 Siciliae
750 1553 963 1604 legationes
1005 1555 1148 1592 adsunt
1195 1562 1345 1604 praeter
1390 1556 1487 1592 duas

155 1619 357 1666 civitates3
401 1632 566 1668 quarum
606 1620 772 1657 duarum
812 1619 843 1655 si
883 1620 1076 1665 adessent,
1113 1620 1192 1656 duo
1227 1619 1392 1657 crimina
1427 1621 1487 1657 vel

157 1684 325 1722 maxima
363 1684 631 1722 minuerentur
667 1698 767 1733 quae
803 1697 892 1722 cum
934 1684 993 1721 his
1034 1684 1256 1721 civitatibus
1297 1685 1340 1723 C.
1375 1685 1485 1722 Verri

95 1761 135 1794 25
156 1749 447 1787 communicata
478 1757 579 1787 sunt.
652 1751 705 1787 At
740 1749 845 1787 enirn
879 1763 947 1787 cur
980 1763 1003 1786 a
1035 1762 1098 1786 me
1131 1749 1377 1798 potis-:simum
1409 1750 1485 1786 hoc
1510 1767 1546 1797 15

154 1814 391 1863 praesidium
422 1815 675 1864 petiverunt?
724 1815 763 1853 Si
794 1823 894 1853 esset
928 1815 1094 1853 dubium
1128 1814 1315 1863 petissent
1346 1828 1482 1861 necne,

153 1879 323 1917 dicerem
359 1893 427 1918 cur
456 1881 667 1930 petissent:
699 1895 804 1920 nunc
835 1895 936 1928 vero,
960 1895 1050 1920 curn
1083 1880 1122 1918 id
1153 1879 1204 1917 ita
1234 1879 1483 1928 perspicuum

152 1943 199 1981 sit
237 1952 279 1981 ut
318 1945 440 1982 oculis
480 1946 652 1984 iudicare
688 1947 854 1996 possitis,
891 1947 1025 1985 nescio
1064 1960 1132 1984 cur
1171 1946 1246 1983 hoc
1286 1944 1381 1981 mihi
1420 1946 1484 1982 de-

151 2008 334 2046 trimento
364 2023 448 2047 esse
479 2011 632 2055 debeat,
657 2010 687 2048 si
718 2011 758 2049 id
789 2011 883 2048 mihi
915 2012 1117 2058 obiciatur,
1144 2025 1205 2049 me
1233 2009 1480 2060 potissimum

198 2123 235 2151 13
261 2114 413 2143 nituntur
431 2112 633 2144 Manutius:
659 2119 797 2144 utuntur
821 2114 909 2146 codd.
1070 2126 1106 2145 21
1135 2116 1174 2145 ab
1202 2127 1262 2146 suo
1285 2117 1340 2156 Dp
1363 2121 1392 2146 el
1415 2115 1478 2146 rell.

145 2160 272 2195 praeter
295 2156 398 2194 GQKZ
425 2157 459 2196 (a
476 2159 554 2191 suo]
733 2168 773 2187 22
799 2164 933 2196 praeter
951 2159 1032 2189 duas
1060 2163 1099 2188 fs.
1122 2160 1276 2189 duarum&
1296 2170 1433 2198 quarum
1454 2160 1479 2189 si

151 2199 284 2237 Rinkes,
304 2200 348 2230 A.
369 2199 542 2230 Eberhard
650 2211 690 2238 24
716 2201 768 2232 his
786 2201 862 2241 Dp:
890 2203 917 2231 is
939 2203 972 2234 (i.
989 2214 1011 2232 e.
1036 2202 1091 2232 iis*
1110 2202 1249 2235 Probus.
1265 2203 1307 2234 K.
1331 2204 1371 2235 iv.
1384 2208 1417 2242 p.
1438 2212 1476 2240 41

152 2243 194 2272 26
218 2244 388 2281 petierunt
406 2255 427 2272 π
515 2244 680 2283 petissent
697 2254 716 2274 a
734 2255 788 2274 me
805 2245 1007 2284 praesidium
1028 2245 1105 2283 Ger
1216 2257 1255 2284 27
1282 2258 1353 2277 curn
1371 2257 1439 2276 om.
1459 2258 1479 2275 π

152 2285 184 2315 id
201 2296 264 2316 om.
289 2285 430 2324 G2LKZ
