1715 2734
113 50 160 88 16

116 440 157 470 40

111 1221 149 1252 41

111 1543 151 1581 17

179 65 221 100 39
549 53 605 89 M.
637 52 804 89 TVLLI
837 52 1144 92 CICERONIS

179 171 381 211 certarent,
405 166 531 215 legem
561 176 647 203 esse
670 163 870 213 Rupiliam
892 177 1010 214 quam
1032 166 1074 202 P.
1094 163 1277 214 Rupilius
1298 164 1435 203 consul
1457 164 1508 202 de

179 230 317 268 decem
344 231 563 279 legatorum
587 227 782 267 sententia
801 228 986 274 dedisset,
1007 229 1110 267 hanc
1134 228 1264 267 omnis
1289 242 1444 279 semper
1468 229 1508 267 in

178 292 309 332 Sicilia
342 295 524 332 consules
559 300 837 343 praetoresque
870 306 1053 341 servasse,
1095 294 1250 343 negavit
1289 306 1330 332 se
1363 307 1385 332 e
1423 295 1508 344 lege

179 358 340 410 Rupilia
360 359 587 397 sortiturum
607 373 613 396 :
644 359 820 408 quinque
845 357 1006 406 iudices,
1029 372 1129 408 quos
1153 359 1413 397 commodum
1434 358 1508 408 ipsi

178 423 259 472 fuit,
296 423 416 462 dedit.
487 422 597 472 Quid
628 424 704 462 hoc
735 422 898 462 homine
936 423 1085 462 facias?
1127 425 1236 474 quod
1270 423 1507 473 supplicium

177 488 342 539 dignum
380 487 545 527 libidine
584 487 667 526 eius
706 487 911 527 invenias?
979 489 1266 538 Praescriptum
1305 488 1377 527 tibi
1415 502 1506 527 cum

177 561 292 601 esset,
313 554 435 592 homo
459 552 667 591 deterrime
687 560 726 592 et
746 552 1098 603 impudentissime,
1121 567 1240 603 quem
1266 554 1318 592 ad
1342 554 1507 592 modum

177 618 327 657 iudices
376 618 476 656 inter
528 618 681 657 Siculos
730 619 856 666 dares,
918 631 1009 656 cum
1070 618 1314 668 imperatoris
1371 619 1507 669 populi

178 682 350 721 Romani
369 682 591 730 auctoritas,
614 684 830 733 legatorum
851 684 1001 729 decem,
1020 696 1264 721 summorum
1285 683 1508 731 hominum,

175 748 355 799 dignitas,
388 756 546 787 senatus
577 750 803 786 consultum
838 750 1106 795 intercederet,
1134 762 1207 797 quo
1234 755 1388 786 senatus
1416 761 1508 787 con-

176 815 280 851 sulto
312 816 353 851 P.
388 812 572 863 Rupilius
605 814 656 852 de
686 815 825 852 decem
855 815 1071 864 legatorum
1101 813 1295 852 sententia
1328 815 1433 864 leges
1467 814 1508 852 in

176 879 306 917 Sicilia
331 878 596 926 constituerat,
620 892 712 917 cum
741 892 880 918 omnes
909 887 1000 918 ante
1021 887 1059 918 te
1086 887 1304 930 praetorem
1328 879 1507 929 Rupilias

175 946 278 994 leges
299 951 337 982 et
358 945 397 982 in
417 943 556 983 ceteris
577 945 693 982 rebus
718 951 756 983 et
778 944 817 982 in
838 944 991 983 iudiciis
1020 944 1188 983 maxime
1213 952 1442 991 servassent,
1465 952 1506 983 tu

173 1023 290 1048 ausus
322 1022 363 1048 es
393 1023 465 1059 pro
503 1009 626 1048 nihilo
657 1023 749 1059 prae
783 1016 850 1048 tua
883 1010 1028 1060 praeda
1059 1016 1117 1047 tot
1151 1022 1211 1047 res
1242 1008 1506 1047 sanctissimas

173 1076 347 1114 ducere?
371 1074 442 1113 tibi
462 1076 569 1112 nulla
589 1076 651 1113 lex
670 1074 752 1121 fuit,
771 1076 878 1112 nulla
899 1074 1042 1124 religio,
1062 1075 1191 1112 nullus
1209 1074 1506 1113 existimationis

173 1142 312 1190 pudor,
336 1142 466 1178 nullus
491 1139 612 1178 iudici
637 1142 796 1178 metus?
825 1140 969 1178 nullius
996 1141 1103 1190 apud
1128 1147 1166 1178 te
1190 1139 1315 1189 gravis
1342 1139 1507 1178 auctori-

173 1212 242 1251 tas,
285 1206 438 1243 nullum
478 1206 704 1254 exemplum
747 1205 854 1254 quod
895 1204 1006 1254 sequi
1045 1205 1194 1243 velles?
1262 1206 1422 1251 Verum,
1463 1212 1506 1242 ut

173 1269 322 1308 institui
357 1271 498 1316 dicere,
535 1269 712 1320 quinque
752 1269 948 1307 iudicibus
983 1270 1090 1308 nulla
1124 1271 1223 1319 lege,
1260 1271 1371 1308 nullo
1401 1269 1506 1307 insti-

172 1343 267 1383 tuto,
302 1336 409 1373 nulla
443 1334 665 1382 reiectione,
700 1336 806 1373 nulla
839 1341 942 1374 sorte
975 1348 1022 1374 ex
1053 1335 1217 1373 libidine
1248 1334 1359 1373 istius
1390 1335 1502 1382 datis,

173 1415 254 1440 non
287 1401 354 1451 qui
387 1414 546 1440 causam
585 1409 879 1451 cognoscerent,
916 1402 986 1440 sed
1025 1402 1091 1451 qui
1124 1401 1233 1450 quod
1268 1402 1502 1451 imperatum

172 1474 274 1506 esset
307 1467 536 1513 iudicarent,
570 1479 617 1505 eo
647 1467 711 1504 die
744 1466 840 1504 nihil
869 1473 1002 1505 actum
1035 1474 1119 1514 est3
1151 1467 1290 1505 adesse
1320 1467 1504 1505 iubentur

172 1531 371 1582 postridie.
433 1531 642 1570 Heraclius
677 1532 837 1579 interea,
867 1545 958 1570 cum
989 1533 1117 1570 omnis
1148 1532 1308 1570 insidias
1339 1533 1503 1571 fortunis

172 1598 251 1635 suis
271 1611 294 1634 a
314 1604 491 1646 praetore
515 1597 596 1635 fieri
617 1597 776 1643 videret,
800 1598 904 1646 capit
925 1596 1131 1635 consilium
1154 1598 1204 1635 de
1225 1596 1440 1635 amicorum
1466 1605 1504 1636 et

171 1662 482 1713 propinquorum
514 1663 708 1701 sententia
743 1675 822 1701 non
857 1664 997 1701 adesse
1034 1663 1085 1700 ad
1117 1661 1332 1710 iudicium;
1371 1661 1502 1712 itaque

171 1729 236 1766 illa
270 1736 386 1766 nocte
425 1728 623 1778 Syracusis
662 1728 842 1778 profugit.
904 1729 984 1766 Iste
1021 1727 1210 1778 postridie
1249 1741 1376 1774 mane,
1410 1741 1501 1766 cum
1545 1744 1560 1776 g

172 1794 296 1832 multo
328 1792 516 1831 maturius
550 1806 669 1842 quam
705 1806 893 1842 umquam
932 1800 1049 1830 antea
1079 1792 1315 1838 surrexisset,
1353 1792 1502 1831 iudices

170 1859 278 1896 citari
306 1858 424 1896 iubet.
485 1857 563 1896 Vbi
594 1858 785 1907 comperit
814 1859 1043 1896 Heraclium
1073 1870 1153 1895 non
1183 1859 1333 1905 adesse,
1362 1871 1502 1908 cogere

217 1973 229 1992 1
258 1962 294 1993 P.
317 1962 405 2002 Rup.
425 1963 542 1993 consul
559 1962 627 1993 cO:
653 1966 790 2002 praetor
809 1961 896 2001 Rup.
915 1973 958 1992 ex
977 1962 1011 1993 S.
1033 1962 1068 1993 C.
1089 1962 1153 1993 rell.
1272 1972 1291 1992 2
1316 1962 1401 1993 hanc
1420 1963 1477 1994 cO¹
1494 1975 1500 1993 :

171 2007 233 2037 hoe
252 2006 316 2037 rell.
452 2016 471 2044 3
496 2016 534 2036 se
553 2017 571 2036 e
588 2007 662 2045 lege
679 2007 837 2046 sc1·1‘ps1'(§
856 2017 897 2044 42
916 2006 1017 2046 infra)
1033 2017 1039 2037 z
1064 2016 1101 2036 se
1119 2006 1193 2044 lege
1210 2005 1269 2036 cO¹
1286 2017 1292 2036 :
1316 2016 1353 2036 se
1372 2007 1501 2037 iudices

171 2061 189 2080 e
205 2050 280 2088 lege
300 2050 363 2081 rell.
511 2060 530 2088 4
558 2049 619 2089 ipsi
636 2051 844 2080 commodum
867 2050 897 2079 Ο
1051 2059 1070 2087 5
1097 2050 1158 2079 hoc
1177 2050 1312 2080 homine
1330 2049 1395 2081 cO:
1422 2050 1498 2081 huic

171 2093 296 2124 homini
316 2093 378 2124 rell.
515 2104 531 2132 7
559 2093 739 2123 deterrime
756 2098 789 2123 et
806 2104 872 2123 om.
890 2093 939 2124 cO
1068 2103 1107 2123 10
1130 2103 1195 2132 quo
1211 2097 1351 2124 senatus
1367 2094 1499 2133 scm'psi:

171 2137 266 2167 cuius
284 2138 410 2176 (zquo
427 2136 470 2176 s.)
488 2136 576 2168 codd.
707 2146 740 2165 11
769 2137 811 2167 de
827 2137 945 2167 decem
964 2136 1099 2175 scripsi:
1125 2147 1166 2165 -x-
1186 2136 1227 2167 0¹
1244 2148 1250 2166 :
1275 2147 1317 2166 ex
1334 2137 1351 2166 b
1374 2137 1498 2167 ‘Fabri-

171 2181 301 2210 cianus’
440 2190 479 2220 13
505 2181 598 2219 leges
615 2185 649 2211 et
664 2179 751 2220 cOp:
777 2180 869 2219 leges
887 2179 922 2209 ὁδ
1020 2184 1053 2209 et
1071 2179 1104 2209 in
1121 2179 1255 2210 iudiciis
1272 2180 1414 2211 maxime
1428 2191 1494 2211 om.

170 2224 218 2254 cO
331 2229 527 2255 servassent
545 2224 604 2254 cO¹
620 2235 626 2253 ε
651 2223 889 2254 observassent
905 2223 970 2254 rcll.
1153 2233 1190 2261 19
1215 2224 1398 2254 reiectione
1416 2224 1473 2254 ι·Ο1
1490 2235 1496 2253 :

171 2267 333 2306 religione
351 2268 414 2299 rell.
543 2277 583 2305 25
609 2266 663 2296 illa
681 2272 778 2296 nocte
797 2266 874 2305 Syr.
896 2266 988 2307 Opq:
1014 2266 1088 2304 Syr.
1107 2265 1160 2296 illa
1178 2272 1276 2296 nocte
1292 2267 1309 2295 b
1323 2267 1364 2297 al.
1385 2267 1496 2308 (prob.

170 2309 337 2349 Zielinski,
350 2315 382 2350 p.
406 2313 480 2350 193)
573 2310 735 2350 postridie
755 2309 796 2339 0¹
811 2320 819 2339 τ
843 2315 981 2349 postero
997 2310 1050 2339 die
1062 2314 1086 2349 p
1100 2309 1163 2340 rell.

1529 438 1546 470 5

1531 763 1568 784 10

1529 1087 1565 1120 15

1526 1418 1565 1440 20
