1715 2734
144 90 207 140 69
234 97 295 130 162
598 92 653 129 M.
685 92 854 129 TVLLI
887 91 1195 130 CICERONIS

228 210 387 253 propter
417 204 524 241 nulla
562 216 621 241 res
656 210 713 240 est
743 215 862 251 quarn
901 201 955 240 ob
993 215 1074 240 rem
1110 215 1184 252 ego
1215 201 1333 240 istum
1362 201 1486 240 nolim
1513 216 1563 242 ex

227 267 399 318 paternis
437 267 589 318 probris
627 280 672 305 ac
702 266 804 305 vitiis
837 280 1060 316 emergere;
1093 266 1134 305 id
1172 268 1282 316 quod
1315 266 1471 305 tametsi
1499 266 1562 306 isti

227 332 385 372 difficile
418 342 486 380 est,
511 341 643 371 tamen
668 333 774 370 haud
799 332 881 371 scio
907 345 958 370 an
986 331 1067 370 fieri
1092 331 1226 382 possit,
1258 331 1485 382 praesertim
1516 332 1559 380 si,

227 397 328 436 sicut
358 411 463 436 nunc
494 399 547 444 fit,
580 398 764 435 custodes
794 396 1011 435 amicorum
1042 410 1133 435 eum
1163 397 1430 444 sectabuntur,
1467 410 1562 447 quo-

149 469 207 509 163
228 463 332 501 niam
364 471 473 513 pater
505 470 584 501 tarn
615 464 824 512 neglegens
854 475 900 500 ac
930 461 1144 500 dissolutus
1175 469 1244 500 est.
1305 463 1453 500 Verum
1483 463 1561 500 huc
1580 475 1598 506 5

228 530 381 579 longius
409 542 527 578 quam
555 529 735 566 voluntas
763 527 833 565 fuit
853 527 904 565 ab
931 526 1099 576 epistula
1117 526 1362 565 Timarchidi
1390 527 1563 576 digressa

228 600 286 631 est
315 593 440 631 oratio
471 606 567 639 mea,
601 606 678 642 qua
708 592 867 631 recitata
896 593 1174 630 conclusurum
1205 605 1269 629 me
1299 604 1384 629 esse
1413 590 1562 629 crimen

228 660 494 697 decumanum
534 657 736 704 dixeram3
776 671 822 695 ex
851 670 931 706 quo
960 655 1204 694 intellexistis
1233 655 1562 694 innumerabilem

228 722 412 761 frumenti
451 736 659 761 numerum
699 735 768 772 per
798 721 1008 760 triennium
1043 735 1221 759 aversum
1253 722 1304 759 ab
1334 734 1373 759 re
1404 721 1564 771 publica

228 802 314 828 esse
343 796 602 839 ereptumque
631 787 858 826 aratoribus.
1585 804 1624 825 10

153 861 209 900 70
283 853 468 903 Sequitur
505 861 548 891 ut
586 854 637 891 de
675 854 872 891 frumento
903 859 1037 903 empto
1075 865 1156 899 vos,
1188 851 1350 899 iudices,
1381 853 1561 900 doceam,

230 918 401 957 maximo
438 926 558 968 atque
596 917 942 968 impudentissimo
980 919 1107 965 furto3
1136 918 1187 956 de
1221 931 1302 968 quo
1332 918 1430 956 dum
1459 926 1564 956 certa

229 992 267 1022 et
294 997 420 1034 pauca
446 991 483 1021 et
514 996 656 1033 magna
679 982 810 1021 dicam
835 982 1012 1030 breviter,
1041 982 1244 1021 attendite.
1304 984 1563 1022 Frumentum

229 1061 359 1087 emere
381 1047 421 1086 in
442 1047 573 1086 Sicilia
593 1047 731 1086 debuit
747 1049 888 1086 Verres
909 1060 955 1085 ex
975 1055 1134 1086 senatus
1155 1049 1338 1085 consulto
1358 1055 1396 1086 et
1415 1050 1563 1098 exlege

228 1113 414 1152 Terentia
445 1120 483 1151 et
504 1113 641 1152 Cassia
668 1112 931 1151 frumentaria.
1000 1112 1177 1151 Emundi
1208 1114 1289 1151 duo
1315 1126 1457 1163 genera
1483 1114 1563 1152 fue·
1585 1127 1623 1157 15
1679 1122 1682 1128 ·

228 1185 328 1224 runt,
352 1191 475 1216 unum
497 1178 775 1224 decumanum,
797 1178 962 1215 alterum
983 1178 1092 1227 quod
1119 1185 1319 1227 praeterea
1341 1177 1564 1216 civitatibus

228 1243 443 1294 aequaliter
463 1250 565 1281 esset
595 1241 848 1281 distributum
862 1257 872 1290 3
903 1242 1005 1280 illius
1026 1242 1237 1280 decumani
1264 1250 1418 1281 tantum
1442 1256 1564 1292 quan-

229 1317 312 1348 tum
353 1323 399 1347 ex
427 1308 562 1359 primis
601 1309 779 1347 decumis
814 1307 960 1355 fuisset,
992 1307 1107 1345 huius
1147 1307 1325 1357 imperati
1364 1308 1403 1346 in
1437 1322 1564 1347 annos

229 1374 403 1425 singulos
447 1373 561 1412 tritici
610 1375 715 1411 mod.
753 1385 883 1420 Dccc;
930 1372 1098 1423 pretium
1136 1380 1268 1411 autem
1304 1373 1562 1412 constitutum

229 1441 453 1479 decumano
484 1440 525 1476 in
555 1437 710 1477 modios
740 1437 914 1488 singulos
946 1439 1017 1476 HS
1052 1450 1110 1484 111,
1138 1438 1329 1488 imperato
1360 1441 1431 1478 HS
1458 1451 1503 1477 111
1529 1451 1559 1477 S.
1583 1457 1624 1479 20

232 1508 293 1544 Ita
325 1505 363 1543 in
394 1506 635 1543 frumentum
666 1503 900 1554 imperatum
936 1505 1006 1542 HS
1038 1503 1332 1542 duodetriciens
1365 1504 1404 1542 in
1436 1518 1562 1543 annos

230 1571 403 1621 singulos
442 1570 554 1609 Verri
592 1570 877 1608 decernebatur
915 1570 1023 1618 quod
1062 1570 1279 1608 aratoribus
1313 1571 1491 1618 solveret,
1524 1570 1563 1608 in

229 1638 369 1675 alteras
396 1637 585 1674 decumas
615 1637 694 1673 fere
719 1636 770 1673 ad
798 1634 1026 1684 nonagiens.
1086 1635 1149 1673 Sic
1180 1648 1248 1684 per
1278 1635 1490 1674 triennium
1512 1636 1563 1674 ad

231 1704 333 1740 hanc
375 1701 558 1740 frumenti
602 1700 845 1751 emptionem
880 1700 1124 1738 Siciliensem
1159 1714 1282 1751 prope
1313 1701 1491 1740 centiens
1525 1708 1563 1739 et

230 1768 377 1807 viciens
408 1775 609 1817 erogatum
637 1774 708 1805 est.
1584 1783 1621 1815 ²5

151 1843 210 1884 164
286 1835 404 1872 Hanc
426 1832 635 1884 pecuniam
657 1840 806 1870 tantam
828 1833 961 1871 datam
983 1831 1053 1870 tibi
1074 1846 1120 1871 ex
1140 1833 1288 1871 aerario
1309 1831 1417 1884 inopi
1444 1839 1563 1883 atque

230 1900 431 1946 exhausto,
465 1899 598 1937 datam
628 1900 679 1937 ad
709 1900 961 1945 frumentum,
999 1899 1076 1936 hoc
1106 1906 1164 1936 est
1193 1899 1245 1937 ad
1285 1898 1562 1937 necessitatem

231 1964 364 2003 salutis
400 1972 436 2002 et
468 1963 580 2011 vitae,
614 1965 746 2002 datam
776 1971 819 2002 ut
848 1962 988 2002 Siculis
1017 1963 1246 2010 aratoribus,
1280 1964 1424 2013 quibus
1454 1971 1562 2002 tanta

275 2079 294 2108 3
318 2069 344 2099 si
362 2069 448 2099 sicut
466 2068 584 2100 Halm.
605 2067 673 2100 edd.
701 2080 706 2098 :
730 2068 756 2098 si
774 2068 827 2098 cui
848 2067 900 2097 O:
926 2073 960 2097 ut
978 2067 1005 2097 si
1025 2067 1089 2097 nk:
1113 2067 1139 2097 si
1159 2073 1204 2101 ut,
1224 2067 1251 2097 si
1271 2069 1317 2098 uti
1337 2068 1403 2099 rell.
1540 2071 1561 2100 6

230 2113 290 2143 suit
305 2118 328 2152 p
345 2112 409 2143 rell.
430 2124 436 2143 z
460 2123 524 2143 om.
548 2112 597 2142 O:
622 2112 697 2142 tulit
714 2112 827 2142 Muell.
849 2112 883 2151 (i.
904 2115 918 2147 ξ
938 2112 995 2149 34)
1129 2112 1150 2141 8
1175 2112 1395 2142 decumanum
1412 2111 1531 2144 Lamb.
1553 2123 1560 2142 :

230 2158 446 2187 decumarum
463 2156 550 2187 codd.
680 2167 700 2194 9
723 2156 764 2185 ab
781 2155 899 2185 Klotz:
926 2155 957 2184 id
977 2154 1008 2184 O
1025 2165 1032 2184 z
1055 2164 1074 2184 a
1086 2159 1110 2194 p
1128 2154 1193 2184 rell.
1328 2165 1366 2185 10
1389 2161 1558 2195 ereptum-

229 2210 294 2239 que
311 2200 380 2230 cO:
405 2201 650 2239 abreptumque
663 2204 686 2239 p
704 2199 769 2229 rell.
948 2208 985 2235 14
1009 2197 1042 2227 in
1062 2198 1174 2228 Sicilia
1191 2208 1304 2229 emere
1323 2199 1353 2229 O
1520 2210 1557 2239 15

230 2244 363 2274 emendi
384 2243 414 2273 O
562 2244 599 2273 16
622 2243 842 2273 decumanum
861 2240 999 2281 Zumpt,
1017 2241 1087 2271 edd.
1107 2253 1113 2271 ε
1139 2242 1353 2272 decumarum
1371 2241 1442 2273 cO:
1467 2249 1555 2274 cete-

230 2297 340 2317 rarum
360 2288 574 2318 decumarum
589 2292 612 2327 p
625 2286 689 2318 rell.
709 2298 714 2316 ι
733 2286 912 2317 alterarum
931 2285 1144 2315 decumarum
1165 2285 1250 2316 ισοιί.
1270 2286 1361 2318 Hot..
1381 2286 1448 2316 duo
1464 2287 1553 2318 codd.

230 2329 302 2361 Lbi.
319 2333 399 2368 (non
411 2331 474 2367 Fi,
488 2330 554 2361 duo
564 2329 652 2361 codd.
667 2329 752 2361 Lall.
769 2330 835 2367 (2)st
880 2328 1002 2358 Malim
1015 2338 1117 2359 unum
1131 2329 1347 2359 decumarum
1363 2329 1554 2367 alterarum,

233 2374 372 2403 alterum
539 2384 576 2413 17
602 2374 823 2413 aequabiliter
842 2375 885 2412 (v,
907 2377 922 2411 §
942 2375 997 2413 52l
1023 2373 1054 2405 T.
1074 2373 1185 2403 Frank
1353 2384 1394 2413 23
1419 2373 1490 2404 sere
1511 2372 1560 2404 O:

234 2417 336 2447 ferme
350 2423 373 2457 p
392 2418 455 2448 rell.
595 2419 636 2447 28
661 2428 699 2448 ac
716 2418 806 2448 vitae
825 2417 856 2448 O
947 2422 981 2447 ut
1000 2417 1066 2447 Sic.
1087 2423 1121 2447 ut
1139 2423 1260 2448 arator.
1283 2417 1313 2447 Ο
