1715 2734
186 105 237 145 27

184 629 235 665 28

191 688 234 730 64

258 104 299 146 63
629 103 686 139 M.
717 102 886 139 TVLLI
918 101 1224 141 CICERONIS

257 211 365 260 quod
396 210 480 261 ipsa
511 224 570 249 res
600 210 822 257 declaravit,
848 211 922 249 nisi
950 224 1068 261 quem
1100 212 1151 249 ad
1185 211 1351 250 modum
1383 224 1513 261 regem
1543 225 1590 250 ex

257 274 459 324 provincia
492 275 702 326 spoliatum
743 276 1036 326 expilatumque
1075 275 1299 314 dimitteret.
1371 276 1496 314 Mittit
1533 290 1590 314 ro-

255 347 389 389 gatum
421 354 512 377 vasa
540 354 587 378 ea
616 353 717 390 quae
744 339 1006 389 pulcherrima
1032 342 1138 390 apud
1159 354 1248 379 eum
1270 340 1447 387 viderat,
1475 340 1527 379 ait
1549 354 1590 379 se

257 403 335 441 suis
375 404 634 443 caelatoribus
679 405 779 442 velle
826 406 1045 443 ostendere.
1108 407 1204 452 Rex,
1244 404 1311 454 qui
1351 404 1460 442 illum
1509 419 1589 443 non

257 477 400 517 nosset,
423 471 506 508 sine
528 471 606 507 ulla
627 468 852 518 suspicione
873 469 1132 509 libentissime
1153 470 1273 509 dedit.
1326 470 1450 508 Mittit
1471 471 1588 509 etiam
1608 483 1628 515 5

257 536 409 572 trullam
439 548 661 584 gemmeam
692 542 899 585 rogatum,
928 537 1027 574 velle
1057 550 1098 575 se
1127 550 1214 575 eam
1244 536 1470 586 diligentius
1499 550 1591 575 con-

256 598 436 638 siderare.
495 600 554 637 Ea
573 611 736 650 quoque
756 599 792 638 ei
812 600 986 638 mittitur.

312 667 430 704 Nunc
461 665 668 715 reliquum,
689 664 852 712 iudices,
872 666 1076 714 attendite,
1098 667 1148 705 de
1168 680 1248 716 quo
1269 674 1307 705 et
1328 681 1397 705 vos
1426 667 1589 706 audistis

255 737 293 768 et
323 732 492 780 populus
515 733 720 769 Romanus
742 744 823 768 non
845 745 950 770 nunc
971 732 1141 782 primum
1162 731 1296 770 audiet
1318 740 1355 770 et
1384 731 1422 769 in
1451 733 1588 771 exteris

255 796 482 835 nationibus
510 810 635 846 usque
665 798 715 834 ad
745 798 902 835 ultimas
933 805 1051 836 terras
1081 805 1333 847 pervagatum
1360 805 1427 835 est.
1489 799 1589 837 Can·
1612 811 1647 834 10

252 862 457 900 delabrum
488 875 509 900 e
547 860 713 911 gemmis
748 861 971 899 clarissimis
1006 876 1124 912 opere
1163 861 1329 899 mirabili
1372 863 1587 911 perfectum

252 941 359 977 reges
387 927 423 974 ii,
446 941 545 977 quos
566 927 668 974 dico,
693 928 864 965 Romam
887 941 976 965 curn
1001 927 1234 972 attulissent,
1257 934 1299 964 ut
1328 926 1367 964 in
1390 926 1588 977 Capitolio

251 1000 454 1043 ponerent,
492 993 601 1042 quod
634 992 814 1029 nondum
850 993 1066 1042 perfectum
1104 993 1295 1041 templum
1329 992 1585 1037 offenderant,

251 1071 380 1108 neque
401 1071 547 1108 ponere
568 1064 781 1107 potuerunt
802 1069 931 1106 neque
955 1057 1073 1106 vulgo
1103 1057 1312 1094 ostendere
1341 1069 1386 1093 ac
1416 1057 1586 1105 proferre

249 1124 468 1170 voluerunt,
490 1130 532 1160 ut
562 1130 600 1160 et
626 1121 940 1172 magnificentius
969 1120 1166 1160 videretur
1187 1134 1277 1159 cum
1306 1134 1378 1159 suo
1408 1128 1585 1171 tempore
1609 1136 1643 1168 15

250 1189 288 1226 in
328 1190 426 1227 cella
462 1187 567 1226 Iovis
593 1187 744 1238 Optimi
778 1186 944 1224 Maximi
983 1194 1204 1237 poneretur,
1238 1194 1276 1225 et
1315 1187 1454 1225 clarius
1494 1200 1583 1225 cum

249 1254 501 1304 pulchritudo
533 1253 615 1291 eius
643 1266 778 1291 recens
802 1254 853 1291 ad
883 1253 1020 1290 oculos
1053 1251 1259 1290 hominum
1289 1259 1408 1301 atque
1437 1251 1585 1301 integra

249 1319 466 1369 perveniret
484 1335 490 1357 :
521 1325 740 1357 statuerunt
760 1317 800 1356 id
821 1331 955 1356 secum
978 1317 1017 1355 in
1039 1316 1186 1366 Syriam
1209 1324 1405 1366 reportare
1426 1323 1478 1363 ut,
1494 1330 1585 1354 cum

248 1384 450 1423 audissent
498 1384 750 1422 simulacrum
792 1382 897 1421 Iovis
937 1381 1295 1435 OptimilMaximi
1344 1381 1583 1428 dedicatum,

248 1452 395 1499 legatos
426 1449 624 1487 mitterent
656 1448 724 1498 qui
756 1461 847 1486 cum
880 1447 1018 1486 ceteris
1050 1447 1166 1485 rebus
1199 1448 1295 1485 illud
1335 1460 1494 1496 quoque
1524 1461 1584 1485 ex·
1605 1463 1642 1484 20

249 1515 386 1553 imium
420 1529 465 1553 ac
500 1515 806 1564 pulcherrimum
839 1514 990 1551 donum
1024 1511 1063 1549 in
1098 1511 1339 1562 Capitolium
1372 1513 1578 1550 adferrent.

216 1589 226 1596 ”
250 1580 430 1618 Pervenit
457 1594 517 1618 res
537 1581 587 1617 ad
609 1578 718 1617 istius
746 1577 848 1616 auris
879 1577 1013 1615 nescio
1043 1591 1123 1627 quo
1155 1578 1302 1623 modo3
1330 1590 1421 1614 nam
1449 1591 1513 1615 rex
1543 1576 1582 1615 id

248 1647 417 1684 celatum
452 1646 638 1691 voluerat,
671 1658 752 1681 non
793 1657 873 1693 quo
913 1643 1126 1693 quicquam
1167 1650 1357 1681 metueret
1395 1650 1462 1680 aut
1503 1656 1583 1680 sus-

248 1711 451 1760 picaretur,
484 1711 554 1748 sed
589 1717 631 1747 ut
663 1723 713 1747 ne
745 1707 857 1746 multi
893 1708 990 1746 illud
1029 1715 1121 1746 ante
1154 1707 1423 1759 praeciperent
1457 1707 1581 1746 oculis

249 1789 366 1825 quarn
389 1777 558 1825 populus
581 1776 799 1813 Romanus.
861 1775 941 1812 Iste
964 1772 1059 1823 petit
1081 1787 1103 1811 a
1125 1787 1212 1823 rege
1233 1781 1271 1812 et
1292 1787 1381 1811 eum
1405 1773 1580 1823 pluribus
1601 1785 1640 1818 25

248 1839 374 1878 verbis
409 1848 517 1890 rogat
550 1847 593 1877 ut
624 1838 664 1878 id
691 1840 742 1877 ad
771 1852 813 1877 se
843 1838 994 1885 mittat3
1025 1852 1168 1888 cupere
1195 1851 1236 1876 se
1265 1837 1360 1876 dicit
1390 1837 1582 1888 inspicere

248 1918 377 1954 neque
391 1918 431 1943 se
451 1904 535 1942 aliis
550 1904 708 1943 videndi
725 1911 960 1954 potestatem
983 1916 1068 1941 esse
1090 1904 1294 1941 facturum.
1346 1904 1579 1951 Antiochus,

248 1969 313 2019 qui
335 1969 468 2007 animo
482 1977 519 2007 et
541 1969 678 2019 puerili
702 1977 803 2007 esset
826 1976 863 2007 et
885 1968 1001 2018 regiO,
1019 1967 1115 2005 nihil
1137 1969 1186 2006 de
1201 1967 1311 2006 istius
1328 1968 1578 2018 improbitate

247 2034 467 2084 suspicatus
488 2043 545 2072 cst
566 2049 573 2078 ;
603 2036 766 2084 imperat
788 2033 866 2072 suis
888 2041 929 2071 ut
951 2033 990 2071 id
1021 2032 1060 2070 in
1090 2032 1326 2082 praetorium
1360 2033 1578 2072 involutum

248 2115 366 2150 quam
401 2100 666 2139 occultissime
691 2101 897 2138 deferrent.
957 2099 1052 2148 Quo
1081 2106 1338 2148 posteaquam
1366 2100 1578 2137 attulerunt
1598 2111 1637 2142 30

291 2217 307 2243 4
335 2205 424 2234 illum
443 2203 566 2243 RSllp
583 2215 589 2233 :
615 2203 711 2233 istum
730 2204 786 2243 (μδ
916 2213 953 2233 io
979 2206 1196 2241 pervagatum
1210 2205 1234 2240 j>
1251 2200 1293 2232 al.
1313 2213 1319 2231 z
1345 2201 1577 2240 pervulgatum

249 2247 390 2281 RSHw,
409 2247 498 2287 prob.
519 2246 737 2276 Luterbacher
751 2245 813 2282 (iii,
835 2249 871 2283 §§
893 2255 941 2283 77,
966 2245 1040 2284 1293
1165 2255 1202 2275 12
1224 2250 1285 2285 pro
1304 2255 1400 2284 reges
1420 2245 1439 2274 ii
1462 2246 1578 2276 habent

248 2290 311 2320 RS
328 2301 407 2329 rege
425 2292 488 2321 sit:
516 2291 559 2320 sit
577 2301 656 2328 rege
675 2290 721 2320 H.
740 2300 818 2319 corr.
840 2289 872 2319 hi
891 2299 988 2327 reges
1007 2299 1049 2319 m.
1069 2299 1088 2318 2
1198 2289 1239 2318 28
1265 2289 1358 2327 regio
1371 2291 1434 2328 pb:
1460 2289 1576 2328 religio

248 2333 370 2365 R¹ll¹:
400 2334 558 2372 religioso
575 2332 708 2363 SR2H2
