1715 2734
2 536 7 559 9

5 753 10 812 ὲ

30 2343 31 2354 i

30 2359 33 2376 ῑ

30 2378 33 2385 «

32 2440 34 2454 l

32 2469 34 2476 >

138 136 406 175 ACTIONIS
430 136 489 174 IN
511 136 555 174 C.
579 137 821 173 VERREM
843 136 1268 175 SECVNDAELIB.
1294 139 1352 176 IV
1408 138 1459 175 28
1479 142 1523 183 65

137 245 424 294 involucrisque
473 243 624 282 reiectis
666 244 963 292 constituerunt,
1008 247 1176 284 clamare
1223 246 1294 284 iste
1332 245 1462 296 coepit

134 310 293 359 dignam
341 323 420 347 rem
470 322 554 347 esse
596 322 716 358 regno
756 308 897 358 Syriae,
939 308 1096 359 dignam
1144 309 1249 359 regio
1289 324 1460 357 munere,

134 374 293 423 dignam
327 373 534 423 Capitolio.
596 373 752 411 Etenim
788 381 868 411 erat
899 387 947 412 eo
979 375 1188 423 splendore
1216 373 1283 423 qui
1310 388 1355 412 ex
1389 376 1462 412 cla-

134 438 293 476 rissimis
323 445 360 476 et
392 438 662 488 pulcherrimis
694 439 858 487 gemmis
891 452 975 476 esse
1007 439 1190 486 debebat,
1212 453 1257 477 ea
1277 439 1462 477 varietate

97 518 113 549 5
134 516 296 553 operum
323 510 364 540 ut
392 516 452 540 ars
474 510 620 540 certare
642 502 838 540 videretur
858 516 948 540 cum
970 502 1094 552 copia,
1118 517 1163 541 ea
1191 503 1461 552 magnitudine

133 575 174 605 ut
215 566 385 616 intellegi
425 574 556 616 posset
591 580 669 604 non
718 568 768 605 ad
800 567 1006 604 hominum
1045 575 1274 617 apparatum
1307 569 1376 606 sed
1410 568 1460 605 ad

131 631 361 681 amplissimi
391 632 525 679 templi
566 638 746 669 ornatum
788 644 871 669 esse
906 632 1064 669 factum.
1124 633 1226 670 Cum
1261 633 1353 670 satis
1384 632 1460 669 iam

131 696 373 746 perspexisse
411 695 616 741 videretur,
650 697 784 733 tollere
817 695 1008 745 incipiunt
1044 703 1085 733 ut
1124 697 1319 735 referrent.
1381 698 1460 734 Iste

130 761 183 799 ait
204 775 244 799 se
265 762 364 798 velle
384 760 481 798 illud
503 760 619 797 etiam
641 768 759 809 atque
773 759 890 797 etiam
908 760 1179 808 considerare3
1209 774 1458 810 nequaquam

75 840 111 862 10
131 840 172 863 se
210 839 295 864 esse
334 825 545 871 satiatum;
586 824 693 862 iubet
735 826 820 862 illos
860 825 1063 862 discedere
1102 832 1140 863 et
1179 825 1460 863 candelabrum

130 891 358 940 relinquere.
418 889 481 927 Sic
502 889 555 926 illi
578 896 660 926 tum
682 889 817 927 inanes
839 889 889 926 ad
911 889 1155 942 Antiochum
1178 897 1431 927 revertuntur.

184 957 269 993 Rex
308 955 436 1005 primo
475 953 571 991 nihil
611 962 793 1001 metuere,
834 953 931 991 nihil
971 954 1186 1003 suspicari3
1224 954 1307 993 dies
1347 948 1535 1002 unus‚²9

128 1021 234 1066 alter,
275 1021 430 1069 plures:
480 1032 559 1056 non
598 1018 738 1056 referri.
798 1020 902 1056 Tum
952 1018 1080 1066 mittit,
1121 1018 1152 1056 si
1190 1019 1378 1066 videatur,
1419 1027 1460 1057 ut

128 1085 276 1122 reddat.
338 1084 454 1121 Iubet
494 1082 565 1120 iste
607 1082 798 1132 posterius
833 1084 884 1121 ad
923 1096 964 1121 se
1003 1083 1151 1121 reverti.
1227 1084 1373 1122 Mirum
1405 1084 1460 1122 illi

72 1164 107 1197 15
127 1148 274 1195 videri3
314 1148 432 1186 mittit
472 1147 638 1195 iterum3
676 1161 757 1185 non
791 1147 976 1186 redditur.
1038 1149 1128 1197 Ipse
1163 1148 1365 1187 hominem
1395 1162 1460 1199 ap-

128 1214 255 1262 pellat,
291 1221 399 1263 rogat
431 1220 472 1250 ut
504 1213 654 1251 reddat.
726 1213 782 1251 Os
818 1212 989 1251 hominis
1028 1212 1303 1263 insignemque
1335 1214 1459 1265 impu-

127 1277 302 1315 dentiam
345 1277 581 1327 cognoscite.
655 1278 777 1325 Quod
824 1277 948 1324 sciret,
990 1279 1100 1327 quod
1143 1292 1189 1316 ex
1236 1278 1322 1328 ipso
1369 1293 1458 1329 rege

126 1342 299 1380 audisset
330 1342 369 1380 in
402 1341 599 1392 Capitolio
634 1355 718 1380 esse
750 1343 993 1391 ponendum,
1028 1344 1137 1392 quod
1174 1344 1259 1382 Iovi
1293 1344 1457 1394 Optimo

127 1406 315 1453 Maximo,
346 1407 452 1456 quod
488 1407 636 1456 populo
666 1408 852 1444 Romano
882 1406 1022 1445 servari
1053 1407 1211 1454 videret,
1242 1408 1282 1445 id
1313 1409 1384 1446 sibi
1416 1418 1456 1447 ut

68 1488 106 1509 20
125 1471 289 1508 donaret
310 1484 443 1520 rogare
464 1478 501 1509 et
528 1470 873 1509 vehementissime
903 1479 1034 1521 petere
1061 1472 1201 1522 coepit.
1262 1474 1365 1511 Cum
1394 1474 1456 1513 ille

125 1549 166 1573 se
200 1543 237 1573 et
271 1535 456 1585 religione
486 1535 590 1572 Iovis
621 1535 835 1584 Capitolini
865 1543 903 1573 et
933 1536 1140 1574 hominum
1169 1536 1456 1577 existimatione

125 1599 304 1650 impediri
339 1599 495 1647 diceret,
519 1600 627 1649 quod
658 1601 804 1637 multae
835 1600 1015 1638 nationes
1046 1608 1163 1639 testes
1193 1609 1323 1640 essent
1354 1602 1454 1640 illius

124 1665 252 1715 operis
273 1678 317 1703 ac
339 1665 520 1710 muneris,
546 1664 616 1702 iste
639 1664 790 1702 homini
812 1664 949 1702 minari
964 1665 1151 1704 acerrime
1172 1666 1312 1716 coepit.
1375 1667 1454 1705 Vbi

123 1729 229 1767 videt
264 1742 354 1767 eum
386 1728 509 1766 nihilo
543 1728 664 1778 magis
700 1729 815 1766 minis
847 1742 965 1778 quam
1000 1729 1181 1779 precibus
1221 1731 1450 1780 permoveri,

63 1812 102 1842 25
123 1802 282 1844 repente
304 1794 504 1832 hominem
527 1794 576 1832 de
597 1793 797 1843 provincia
818 1793 926 1832 iubet
943 1802 1034 1831 ante
1055 1802 1212 1832 noctem
1234 1796 1425 1833 decedere
1444 1811 1454 1843 3

122 1860 174 1898 ait
196 1874 237 1898 se
257 1859 494 1910 comperisse
515 1873 561 1898 ex
582 1859 664 1898 eius
687 1873 806 1909 regno
828 1859 970 1909 piratas
992 1860 1042 1896 ad
1065 1858 1235 1897 Siciliam
1257 1873 1342 1898 esse
1363 1874 1452 1898 ven-

122 1932 239 1963 turos.
300 1927 386 1964 Rex
420 1924 590 1963 maximo
622 1932 819 1963 conventu
854 1924 1053 1974 Syracusis
1085 1924 1123 1961 in
1156 1925 1250 1970 foro,
1282 1938 1332 1963 ne
1363 1925 1450 1974 quis
1471 1936 1513 1978 67

123 1991 220 2028 forte
242 2003 304 2028 me
325 1990 365 2027 in
386 1989 547 2028 crimine
569 1989 738 2028 obscuro
759 1989 899 2028 versari
927 1997 1045 2038 atque
1075 1990 1275 2038 adfingere
1300 1990 1450 2039 aliquid

123 2054 345 2104 suspicione
367 2054 573 2092 hominum
593 2053 909 2100 arbitreturffflin
938 2055 1033 2099 foro,
1056 2053 1228 2102 inquam,
1253 2054 1450 2103 Syracusis

64 2136 104 2166 30
123 2120 220 2157 flens
254 2133 298 2157 ac
330 2121 426 2157 deos
461 2118 721 2168 hominesque
753 2125 980 2157 contestans
1013 2119 1180 2155 clamare
1208 2118 1338 2168 coepit
1363 2132 1452 2156 can-

123 2185 327 2222 delabrum
362 2186 508 2222 factum
540 2198 561 2222 e
587 2183 763 2233 gemmis,
791 2184 900 2232 quod
929 2182 967 2220 in
995 2182 1234 2232 Capitolium
1263 2182 1450 2222 missurus

124 2257 235 2295 esset,
270 2250 377 2298 quod
409 2248 448 2286 in
482 2249 631 2297 templo
665 2247 879 2285 clarissimo
912 2248 1061 2297 populo
1090 2248 1275 2284 Romano
1315 2261 1450 2286 monu-

169 2362 186 2390 7
211 2357 437 2382 ornamentum
464 2353 480 2380 δ
615 2361 651 2389 13
676 2351 758 2381 Tum
787 2350 885 2380 mittit
913 2360 972 2379 rex
998 2350 1037 2378 ad
1067 2348 1163 2379 istum
1189 2350 1216 2379 si
1241 2349 1394 2381 videatur
1405 2356 1450 2391 pq

125 2405 164 2432 24
190 2396 378 2434 permoveri
396 2395 510 2435 Hpka:
537 2395 700 2424 removeri
719 2393 782 2423 RS
922 2396 962 2422 26
988 2403 1029 2421 ex
1047 2402 1110 2422 om.
1128 2392 1190 2422 RS
1331 2405 1372 2432 29
1397 2405 1448 2425 su-

126 2439 261 2475 spitioni
280 2440 328 2479 H,
340 2438 458 2470 Lamo.
