1715 2734
122 56 172 103 58
198 70 254 102 15²
562 53 617 90 M.
649 52 818 89 TVLLI
851 49 1158 90 CICERONIS

194 165 378 204 movebat
410 165 518 214 quod
554 163 616 200 ille
648 175 738 200 cum
771 169 861 211 toga
895 167 1104 211 praetexta,
1138 173 1257 210 quam
1297 160 1405 209 quod
1443 158 1528 197 sine

194 231 300 268 bulla
317 236 486 267 venerat.
538 227 713 266 Vestitus
730 226 835 265 enim
851 226 1050 264 neminem
1065 225 1342 264 commovebat
1359 224 1390 262 is
1408 236 1526 273 quem

194 295 245 333 illi
263 308 347 333 mos
364 302 401 332 et
418 294 477 331 ius
491 291 743 342 ingenuitatis
759 292 879 330 dabat
896 306 905 338 3
924 292 1032 340 quod
1047 297 1322 329 ornamentum
1340 288 1528 339 pueritiae

194 369 303 411 pater
323 361 496 405 dederat,
521 357 712 396 indicium
740 364 858 406 atque
887 355 1038 406 insigne
1067 357 1255 400 fortunae,
1281 356 1357 392 hoc
1378 354 1428 391 ab
1451 353 1526 391 isto

195 426 393 475 praedone
432 431 610 472 ereptum
650 435 735 460 esse
773 421 938 471 graviter
977 428 1060 458 tum
1095 428 1132 458 et
1171 419 1311 458 acerbe
1347 417 1566 462 homines5

115 499 174 532 153
196 489 382 528 serebant.
443 490 585 537 Neque
606 494 715 525 erant
736 486 824 524 illae
838 485 1020 524 lacrimae
1042 486 1249 535 populares
1266 483 1388 534 magis
1410 496 1529 533 quam

195 562 361 599 nostrae,
386 567 505 603 quam
532 560 632 598 tuae,
657 553 705 600 Q.
732 550 934 597 Hortensi,
958 564 1077 600 quam
1108 551 1248 588 horum
1280 549 1346 598 qui
1378 556 1531 586 senten-

196 619 288 658 tiam
311 618 422 656 laturi
445 624 545 664 sunt,
576 617 667 655 ideo
691 617 800 666 quod
830 616 1053 654 communis
1081 622 1138 653 est
1166 628 1294 661 causa,
1317 627 1530 652 commune

196 684 442 734 periculum3
476 681 679 720 communi
710 681 907 731 praesidio
942 680 1028 719 talis
1063 680 1293 730 improbitas
1326 687 1528 729 tamquam

196 748 357 798 aliquod
404 746 632 785 incendium
672 745 994 795 restinguendum
1035 753 1102 784 cst.
1176 746 1384 783 Habemus
1424 744 1528 782 enim
1554 758 1592 779 10

196 814 340 852 liberos
362 826 527 863 parvosg
557 812 750 850 incertum
772 819 830 850 est
852 825 970 861 quam
993 813 1109 861 longa
1131 811 1322 860 cuiusque
1352 818 1530 848 nostrum

197 879 275 916 vita
309 880 437 916 futura
471 877 543 923 sit3
586 877 792 915 consulere
823 875 898 914 vivi
927 890 973 914 ac
1013 876 1234 926 prospicere
1265 876 1459 914 debemus
1489 883 1530 913 ut

198 943 352 981 illorum
392 942 565 980 solitudo
610 948 648 979 et
694 940 858 991 pueritia
903 954 1021 990 quam
1069 940 1292 978 firmissimo
1336 939 1531 990 praesidio

198 1007 349 1046 munita
373 1007 432 1045 sit.
492 1006 592 1055 Quis
620 1013 678 1044 est
698 1005 803 1045 enim
826 1005 891 1056 qui
914 1005 1011 1044 tueri
1041 1006 1163 1055 possit
1188 1006 1354 1044 liberum
1383 1012 1531 1043 nostro-

197 1087 282 1111 rum
312 1073 517 1124 pueritiam
542 1079 679 1111 contra
706 1071 998 1122 improbitatem
1028 1071 1348 1121 magistratuum?
1389 1072 1530 1117 Mater,
1555 1086 1589 1118 ¹5

197 1140 327 1177 credo.
388 1138 545 1177 Scilicet
567 1150 710 1187 magno
727 1136 922 1187 praesidio
944 1136 1014 1175 fuit
1036 1136 1192 1174 Anniae
1209 1136 1380 1186 pupillae
1395 1143 1531 1182 mater,

198 1204 343 1242 femina
373 1202 581 1254 primaria:
613 1202 743 1239 minus
774 1201 838 1239 illa
867 1203 964 1240 deos
996 1201 1260 1251 hominesque
1296 1201 1531 1251 implorante

197 1269 269 1307 iste
305 1268 443 1307 infanti
482 1267 654 1318 pupillae
694 1268 868 1304 fortunas
908 1266 1051 1316 patrias
1090 1266 1248 1305 ademit.
1309 1268 1531 1304 Tutoresne

198 1335 444 1373 defendent?
494 1332 681 1371 Perfacile
720 1345 812 1370 vero
849 1333 956 1381 apud
997 1331 1107 1369 istius
1149 1331 1256 1369 modi
1297 1338 1527 1380 praetorem,

198 1414 220 1437 a
241 1413 320 1449 quo
344 1401 399 1436 M.
426 1397 600 1436 Marcelli
634 1396 771 1435 tutoris
801 1396 839 1434 in
872 1410 988 1435 causa
1010 1396 1147 1447 pupilli
1178 1396 1268 1434 Iuni
1290 1404 1327 1434 et
1348 1395 1472 1434 oratio
1492 1402 1530 1433 et
1552 1410 1591 1432 20

199 1466 380 1502 voluntas
401 1471 439 1502 et
459 1462 670 1501 auctoritas
693 1462 897 1512 repudiata
918 1469 975 1500 est
994 1465 1000 1499 ἱ

254 1529 491 1579 Quaerimus
525 1528 643 1567 etiam
674 1527 771 1577 quid
806 1527 878 1566 iste
910 1527 948 1565 in
980 1527 1117 1565 ultima
1148 1527 1325 1577 Phrygia,
1362 1526 1458 1577 quid
1491 1526 1530 1563 in

198 1595 380 1635 extremis
403 1594 658 1645 Pamphyliae
689 1593 865 1644 partibus
896 1593 1040 1640 fecerit,
1064 1593 1190 1643 qualis
1221 1593 1260 1630 in
1291 1593 1396 1631 bello
1426 1605 1531 1642 prae-

198 1663 349 1699 donum
372 1661 519 1711 praedo
541 1659 624 1710 ipse
654 1659 767 1697 fuerit
798 1658 865 1709 qui
887 1658 925 1696 in
948 1660 1032 1697 foro
1053 1658 1189 1708 populi
1213 1657 1384 1696 Romani
1408 1657 1532 1707 pirata

199 1728 368 1765 nefarius
385 1725 625 1776 reperiatur?
672 1724 909 1762 Dubitamus
926 1723 1022 1773 quid
1043 1723 1115 1762 iste
1136 1724 1175 1761 in
1197 1723 1369 1762 hostium
1387 1724 1531 1772 praeda
1554 1736 1592 1769 ²5

200 1791 358 1829 molitus
380 1791 439 1838 sit,
463 1790 529 1840 qui
553 1789 759 1828 manubias
781 1789 855 1828 sibi
879 1797 1005 1827 tantas
1025 1804 1071 1827 ex
1094 1791 1136 1826 L.
1162 1788 1312 1827 Metelli
1335 1788 1531 1826 manubiis

124 1508 179 1546 59

118 1570 179 1601 154

200 1856 344 1903 fecerit,
367 1856 433 1906 qui
466 1855 611 1893 maiore
642 1854 810 1905 pecunia
840 1863 1024 1905 quattuor
1054 1856 1259 1893 columnas
1287 1854 1530 1892 dealbandas
1711 1851 1715 1949 Ι

200 1935 317 1971 quam
341 1921 404 1959 ille
425 1921 553 1959 omnis
575 1920 843 1958 aedificandas
864 1920 1079 1959 locaverit?
1128 1921 1413 1969 Exspectemus
1433 1918 1529 1968 quid

200 1988 333 2025 dicant
375 2001 421 2025 ex
460 1986 590 2025 Sicilia
629 1988 776 2024 testes?
829 1986 927 2034 Quis
967 1999 1155 2035 umquam
1196 1986 1387 2034 templum
1433 1983 1529 2021 illud
1712 1954 1715 2084 1

199 2052 349 2103 aspexit
383 2051 478 2102 quin
517 2051 699 2089 avaritiae
733 2059 833 2098 tuae,
869 2052 962 2101 quin
1003 2051 1176 2098 iniuriae,
1211 2050 1305 2100 quin
1340 2049 1529 2087 audaciae
1549 2062 1589 2092 30
1712 2093 1715 2128 Ι

1712 2132 1715 2198 l

1712 2202 1715 2277 l

1713 2284 1715 2307 ι

1713 2325 1715 2346 l

1713 2366 1715 2388 l

244 2169 262 2187 2
289 2162 477 2188 commovet
494 2156 524 2185 V
611 2166 628 2195 5
655 2161 721 2186 tum
739 2156 810 2186 Vn:
834 2168 899 2187 om.
919 2157 956 2187 ὁδ
1045 2159 1065 2187 6
1090 2156 1167 2186 illae
1191 2155 1237 2186 V:
1263 2166 1323 2185 eae
1337 2160 1360 2194 p
1379 2165 1385 2184 τ
1412 2154 1474 2184 bae
1491 2154 1528 2183 bs

205 2213 242 2232 10
267 2201 545 2241 restinguendum
564 2200 605 2230 sit
626 2199 675 2230 V:
702 2201 801 2230 -enda
819 2207 869 2231 est
885 2201 945 2240 prb
961 2201 1022 2230 rrll.
1135 2210 1167 2230 11
1196 2200 1357 2237 cuiusque
1375 2204 1525 2228 nostrum

203 2245 274 2285 qu
292 2256 298 2275 z
324 2250 474 2275 nostrum
493 2244 654 2283 cuiusque
672 2243 707 2272 ὁδ
816 2254 852 2273 12
878 2245 1042 2283 proficere
1061 2244 1096 2273 rb
1209 2253 1246 2281 14
1271 2248 1323 2273 est
1340 2243 1426 2272 enirn
1442 2242 1525 2280 pha:

201 2289 288 2318 enim
307 2293 358 2319 est
375 2299 416 2327 qr
572 2297 609 2325 19
633 2287 815 2317 defendent
831 2293 853 2327 s>
877 2291 927 2325 §ul
941 2289 1020 2318 coni.
1040 2286 1170 2321 Madv.)
1188 2298 1194 2317 :
1219 2287 1440 2317 defenderent
1458 2284 1523 2315 rell.

200 2343 240 2362 22
265 2333 456 2371 quaerimus
474 2330 577 2361 Prisc.
598 2342 605 2361 z
630 2336 868 2368 quaeremusp
887 2331 951 2361 rell.
