1715 2734
135 89 185 125 23
207 96 247 127 59
583 79 639 116 M.
662 78 830 115 TVLLI
862 75 1170 116 CICERONIS

134 1117 176 1147 60

124 1245 175 1284 24

135 1962 172 1993 61

200 204 290 228 cum
313 191 458 241 praeda
479 189 686 240 navigaret,
710 202 811 238 quae
832 188 1061 227 defenderet
1087 202 1138 227 ne
1164 188 1365 240 provincia
1395 190 1533 240 spolia-

200 263 314 303 retur,
338 269 418 294 non
440 269 540 306 quae
562 253 786 304 provinciae
817 253 942 303 spolia
972 261 1153 304 portaret.
1214 254 1441 292 Mamertini
1463 255 1532 293 tibi

200 328 238 360 et
269 321 405 360 urbem
437 334 516 371 quo
547 322 647 358 furta
676 318 853 369 undique
883 320 1120 369 deportares,
1147 326 1185 357 et
1215 332 1356 358 navem
1386 319 1425 357 in
1455 333 1533 370 qua

200 393 422 436 exportares
453 385 716 436 praebuerunt
731 398 742 432 3
781 383 877 422 illud
912 383 982 422 tibi
1018 383 1209 434 oppidum
1241 387 1532 435 receptaculum

199 451 368 500 praedae
398 450 480 497 fuit,
513 449 566 487 illi
596 448 778 487 homines
809 455 927 487 testes
958 450 1224 498 custodesque
1254 450 1459 497 furtorum,
1478 449 1532 488 illi
1552 460 1570 492 5

199 515 269 554 tibi
300 523 338 554 et
368 517 499 554 locum
531 514 641 553 furtis
672 522 709 552 et
734 515 925 552 furtorum
947 513 1171 552 vehiculum
1194 523 1529 564 comparaverunt.

200 583 341 631 Itaque
377 595 426 619 ne
458 588 541 618 tum
586 579 748 630 quidem
779 593 870 617 cum
900 581 1065 618 classem
1095 579 1255 618 avaritia
1283 593 1328 618 ac
1358 580 1533 630 nequitia

198 654 265 686 tua
294 646 501 697 perdidisti
534 645 783 684 Mamertinis
814 658 955 683 navem
986 644 1176 694 imperare
1207 658 1324 683 ausus
1354 659 1423 693 es,-
1452 658 1533 695 quo

198 719 375 762 ternpore
406 711 445 749 in
476 718 585 749 tanta
615 709 748 760 inopia
778 709 935 748 navium
969 717 1157 760 tantaque
1192 710 1413 749 calamitate
1447 724 1533 760 pro-

198 778 360 824 vinciae,
385 776 538 815 etiamsi
564 775 738 826 precario
767 783 897 814 essent
924 775 1099 825 rogandi,
1123 783 1253 814 tamen
1275 777 1326 814 ab
1348 775 1392 814 iis
1414 777 1533 827 impe·
1555 789 1592 810 10

197 850 370 881 traretur.
431 841 688 892 Reprimebat
706 840 810 879 enirn
828 840 897 879 tibi
920 849 957 879 et
978 840 1195 890 imperandi
1212 841 1288 878 vim
1311 849 1349 879 et
1369 842 1531 891 rogandi

197 916 383 948 conatum
407 909 605 958 praeclara
626 907 689 945 illa
711 920 791 945 non
812 908 961 956 populo
986 908 1170 944 Romano
1187 906 1340 945 reddita
1359 906 1529 954 biremis,

197 976 267 1013 scd
288 972 456 1024 praetori
478 974 625 1011 donata
647 973 804 1021 cybaea.
865 973 924 1010 Ea
954 971 1025 1010 fuit
1051 985 1200 1010 merces
1226 971 1374 1022 imperi,
1401 972 1532 1020 auxili,

197 1040 299 1087 iuris,
324 1038 636 1086 consuetudinis,
659 1037 838 1076 foederis.

252 1104 421 1144 Habetis
443 1104 558 1143 unius
588 1103 754 1142 civitatis
776 1104 929 1141 firmum
951 1102 1138 1141 auxilium
1168 1103 1357 1142 amissum
1377 1117 1423 1141 ac
1443 1117 1532 1142 ven-
1555 1119 1592 1150 ¹5

195 1171 322 1210 ditum
355 1170 504 1220 pretio:
535 1168 762 1219 cognoscite
796 1182 902 1206 nunc
930 1182 1073 1207 novam
1102 1169 1317 1219 praedandi
1339 1168 1530 1207 rationem

195 1237 245 1275 ab
267 1237 343 1274 hoc
364 1235 534 1285 primum
557 1234 828 1284 excogitatam.
890 1236 1099 1284 Sumptum
1122 1247 1283 1273 omnem
1304 1234 1343 1272 in
1366 1236 1529 1272 classem

195 1303 392 1340 frumento
418 1299 616 1349 stipendio
643 1298 861 1348 ceterisque
888 1299 1004 1337 rebus
1032 1312 1104 1337 suo
1132 1313 1312 1350 quaeque
1333 1301 1532 1338 nauarcho

194 1366 330 1405 civitas
360 1379 515 1415 semper
553 1366 646 1403 dare
684 1364 845 1403 solebat.
907 1366 946 1402 Is
985 1377 1115 1414 neque
1149 1372 1191 1402 ut
1229 1372 1476 1403 accusaretur
1509 1379 1531 1403 a

195 1431 324 1470 nautis
359 1431 605 1469 committere
630 1430 812 1476 audebat,
837 1437 874 1468 et
906 1429 1056 1468 civibus
1088 1430 1166 1468 suis
1195 1430 1364 1468 rationes
1392 1433 1530 1470 referre
1552 1443 1593 1464 20

195 1497 380 1544 debebat,
403 1503 441 1535 et
462 1496 501 1534 in
524 1495 589 1533 illo
610 1495 719 1533 omni
742 1495 899 1545 negotio
921 1509 1000 1533 non
1025 1496 1145 1533 modo
1167 1496 1300 1534 labore
1321 1497 1391 1534 sed
1412 1495 1529 1534 etiam

195 1561 370 1612 periculo
390 1575 462 1600 suo
483 1561 718 1599 versabatur.
780 1563 872 1598 Erat
894 1562 980 1606 hoc,
1005 1568 1046 1598 ut
1069 1560 1170 1607 dico,
1195 1561 1412 1599 factitatum
1434 1574 1532 1599 sern-

195 1641 274 1677 per,
308 1640 381 1665 nec
402 1628 530 1665 solum
552 1626 591 1664 in
619 1625 749 1664 Sicilia
783 1627 852 1664 sed
883 1626 920 1663 in
950 1626 1135 1665 omnibus
1161 1626 1381 1676 provinciis,
1413 1627 1530 1666 etiam

195 1692 234 1730 in
265 1692 461 1730 sociorum
487 1699 525 1730 et
553 1690 783 1729 Latinorum
819 1691 1017 1741 stipendio
1044 1705 1089 1730 ac
1122 1700 1292 1742 sumptu,
1328 1700 1410 1730 tum
1440 1706 1530 1731 cum

195 1757 349 1797 illorum
377 1757 528 1796 auxiliis
559 1756 613 1795 uti
642 1757 890 1795 solebamus:
925 1759 1065 1796 Verres
1096 1764 1184 1807 post
1213 1757 1419 1808 imperium
1441 1771 1531 1797 con·
1553 1773 1590 1804 25

195 1823 374 1861 stitutum
402 1822 549 1874 primus
581 1822 786 1871 imperavit
816 1830 858 1860 ut
886 1836 931 1861 ea
955 1822 1124 1872 pecunia
1157 1823 1286 1861 omnis
1315 1837 1338 1861 a
1372 1823 1532 1862 civitati-

195 1890 269 1928 bus
299 1888 373 1927 sibi
402 1890 734 1936 adnumeraretur,
757 1896 799 1927 ut
821 1889 850 1927 is
873 1902 958 1927 cam
976 1888 1184 1939 pecuniam
1207 1896 1385 1927 tractaret
1413 1902 1531 1939 quem

196 1954 279 2005 ipse
303 1953 563 2004 praefecisset.
625 1953 700 1993 Cui
731 1962 860 2004 potest
899 1967 983 1993 esse
1017 1954 1184 1993 dubium
1215 1968 1333 2004 quam
1367 1954 1421 1993 ob
1449 1967 1530 1992 rem

197 2029 236 2059 ct
264 2020 442 2059 omnium
475 2019 805 2059 consuetudinem
835 2027 1005 2059 veterem
1036 2019 1184 2070 primus
1224 2019 1452 2066 immutaris,
1493 2026 1531 2057 et

197 2094 345 2125 tantam
375 2085 582 2125 utilitatem
611 2100 679 2137 per
705 2086 802 2125 alios
835 2087 1061 2124 tractandae
1087 2085 1277 2136 pecuniae
1304 2083 1528 2135 neglexeris,
1551 2099 1592 2129 30

198 2159 236 2190 et
271 2159 417 2189 tantam
453 2151 725 2190 difficultatem
756 2165 845 2189 cum
881 2151 1054 2197 crimine,
1086 2150 1307 2189 molestiam
1341 2163 1432 2189 cum
1472 2163 1532 2188 su-

243 2266 261 2285 2
286 2266 370 2294 quae
389 2265 474 2286 nova
492 2265 583 2294 prov.
597 2255 642 2294 p&
745 2254 853 2294 spolia
871 2254 1067 2295 provinciae
1085 2253 1156 2292 SG2
1284 2263 1304 2292 3
1322 2258 1476 2293 portares
1486 2256 1529 2294 pb

199 2310 217 2337 4
246 2299 473 2338 praebuerunt
491 2298 598 2339 SDp:
625 2298 811 2339 praebuere
830 2299 860 2328 R
976 2309 1015 2329 10
1040 2299 1080 2329 iis
1097 2297 1233 2338 Zumpt,
1255 2297 1322 2328 cdd.
1338 2309 1343 2327 :
1371 2297 1424 2327 his
1441 2296 1528 2327 codd.

203 2353 241 2381 13
266 2354 305 2373 ca
323 2344 338 2372 δ
354 2354 360 2373 z
385 2354 448 2373 om.
467 2342 552 2383 RSp
568 2343 610 2374 al.
684 2342 745 2372 suit
761 2342 854 2372 st
871 2353 876 2371 :
902 2342 948 2372 tui
962 2343 1007 2382 pk
1024 2341 1065 2373 al.
1176 2353 1217 2372 ρο
1243 2342 1388 2371 rationes
1406 2340 1532 2371 referre

202 2386 363 2417 Graevius
378 2398 384 2417 z
411 2387 562 2417 rationes
580 2387 666 2417 serre
684 2385 748 2416 RS
765 2397 771 2416 :
798 2386 961 2417 rationem
981 2386 1107 2416 referre
1120 2387 1162 2425 pfl
