1715 2734
98 475 115 505 5

81 795 118 816 10

81 1448 119 1470 20

83 1773 119 1804 25

83 2093 121 2124 30

138 89 405 128 ACTIONIS
428 89 488 126 IN
510 89 554 127 C.
578 89 819 126 VERREM
841 87 1139 126 SECVNDAE
1162 87 1264 124 LIB.
1290 87 1355 124 III
1407 95 1459 133 45

138 199 215 236 fere
235 198 378 237 finibus
399 197 666 248 possessiones
688 198 845 245 habent,
869 196 986 236 etiam
1013 204 1229 235 ceterarum
1259 196 1459 235 civitatum

137 264 283 301 damna
302 276 347 300 ac
368 263 602 301 detrimenta
622 270 839 301 senserunt.

191 329 349 373 Verum,
373 326 427 364 uti
448 326 538 374 dixi,
562 327 659 365 ratio
681 335 786 365 certa
805 335 863 365 est
884 326 1144 365 Aetnensium
1166 334 1203 364 et
1232 326 1398 376 publicis
1423 334 1462 365 et

137 392 293 443 privatis
314 391 448 430 litteris
469 392 708 442 consignata.
768 394 885 431 Meae
906 392 1131 442 diligentiae
1152 405 1317 442 pensum
1340 391 1462 441 magis

137 458 176 496 in
203 457 398 496 Leontino
418 471 509 507 agro
530 466 588 496 est
609 458 843 508 exigendum
861 465 1019 508 propter
1038 458 1139 495 hanc
1160 470 1330 504 causam,
1354 457 1463 506 quod

137 522 210 573 ipsi
242 521 426 561 Leontini
458 522 615 572 publice
654 537 734 560 non
773 536 867 560 sane
902 536 964 560 me
1004 523 1171 560 multum
1206 522 1464 569 adiuverunt,

137 601 265 637 neque
304 587 408 625 enim
447 601 515 626 eos
545 588 619 626 isto
652 596 828 638 praetore
863 589 936 626 hae
961 588 1271 626 decumanorum
1301 586 1463 625 iniuriae

136 654 340 699 laeserunt,
363 651 492 702 potius
513 652 641 699 etiam,
666 652 825 699 iudices,
848 651 1090 691 adiuverunt.
1135 651 1281 689 Mirum
1303 653 1464 690 fortasse

137 719 213 756 hoc
233 716 344 755 vobis
364 725 431 755 aut
451 717 680 756 incredibile
701 717 888 764 videatur,
906 716 945 755 in
967 716 1083 755 tantis
1099 724 1294 755 aratorum
1317 716 1463 756 incom-

138 781 266 820 modis
299 782 525 829 Leontinos,
563 782 628 831 qui
669 782 864 832 principes
902 781 957 820 rei
996 781 1269 820 frumentariae
1308 782 1460 829 fuerint,

137 847 303 897 expertis
343 847 685 885 incommodorum
731 854 850 896 atque
897 846 1123 884 iniuriarum
1162 846 1291 885 fuisse.
1370 848 1464 884 Hoc

138 920 277 951 causae
306 920 375 959 est,
408 912 567 958 iudices,
600 913 708 961 quod
739 911 777 949 in
811 925 903 961 agro
936 911 1132 949 Leontino
1163 919 1313 961 praeter
1344 925 1463 949 unam

140 977 379 1016 Mnasistrati
411 976 596 1015 familiam
626 977 781 1026 glebam
813 976 1096 1014 Leontinorum
1127 976 1303 1026 possidet
1332 990 1460 1014 nemo.

139 1044 278 1091 Itaque
304 1041 555 1088 Mnasistrati,
580 1041 750 1079 hominis
779 1040 1044 1079 honestissimi
1071 1049 1188 1090 atque
1218 1040 1357 1091 optimi
1381 1041 1461 1088 viri,

138 1106 418 1153 testimonium,
453 1106 613 1153 iudices,
645 1105 835 1144 audistis:
875 1113 1026 1144 ceteros
1059 1105 1287 1153 Leontinos,
1320 1105 1464 1156 quibus

138 1185 218 1209 non
250 1173 370 1209 modo
391 1171 588 1221 Apronius
610 1171 648 1208 in
669 1171 768 1220 agris
799 1171 869 1209 sed
891 1184 940 1209 ne
962 1178 1174 1220 tempestas
1197 1170 1359 1220 quidem
1387 1173 1465 1209 ulla

139 1250 279 1275 nocere
300 1236 438 1286 potuit,
462 1244 686 1286 exspectare
707 1235 828 1274 nolite
849 1251 855 1273 :
886 1235 1032 1274 etenim
1058 1249 1138 1274 non
1170 1237 1291 1274 modo
1319 1236 1466 1275 incom-

139 1301 247 1339 modi
268 1301 363 1339 nihil
385 1309 582 1351 ceperunt,
608 1302 677 1339 sed
699 1300 815 1339 etiam
837 1301 877 1338 in
898 1300 1136 1350 Apronianis
1159 1300 1232 1339 illis
1254 1300 1397 1351 rapinis
1425 1301 1463 1339 in

138 1374 303 1416 quaestu
325 1374 414 1404 sunt
436 1366 755 1416 compendioque
776 1366 926 1404 versati.

194 1433 452 1481 Quapropter,
477 1431 664 1480 quoniam
696 1431 890 1469 Leontina
919 1431 1054 1469 civitas
1085 1445 1147 1470 me
1176 1439 1294 1481 atque
1324 1432 1465 1482 legatio

139 1505 296 1547 propter
326 1510 413 1534 eam
448 1509 566 1546 quam
598 1496 677 1535 dixi
708 1510 866 1534 causam
897 1496 1050 1543 defecit,
1084 1496 1264 1535 mihimet
1292 1496 1467 1536 ineunda

139 1561 236 1599 ratio
263 1569 300 1600 et
330 1561 392 1599 via
420 1560 654 1611 reperiunda
681 1569 738 1599 est
766 1575 845 1611 qua
875 1562 926 1599 ad
956 1561 1107 1611 Aproni
1137 1570 1356 1611 quaestum,
1385 1563 1466 1601 sive

138 1627 239 1664 adeo
266 1639 343 1675 qua
362 1626 412 1664 ad
438 1625 546 1664 istius
568 1625 767 1675 ingentem
788 1625 1082 1675 immanemque
1107 1628 1292 1676 praedam
1318 1627 1465 1676 possim

138 1690 349 1741 pervenire.
410 1690 501 1740 Agri
535 1690 719 1729 Leontini
751 1692 943 1729 decumae
979 1691 1092 1729 tertio
1123 1705 1229 1729 anno
1262 1692 1466 1730 venierunt

139 1755 253 1793 tritici
288 1755 532 1793 medimnum
566 1767 712 1802 XXXVI,
747 1756 823 1794 hoc
858 1764 916 1794 est
949 1755 1063 1794 tritici
1096 1757 1200 1794 mod.
1231 1768 1280 1795 cc
1322 1764 1360 1795 et
1393 1769 1464 1794 xvl

140 1820 308 1858 milibus.
370 1821 528 1870 Magno,
560 1819 719 1866 iudices,
758 1833 929 1870 magn03
967 1834 1097 1870 neque
1132 1820 1237 1858 enim
1272 1822 1348 1859 hoc
1380 1835 1466 1871 pos-

140 1899 226 1923 sum
266 1898 417 1935 negare.
478 1886 617 1934 Itaque
656 1898 817 1923 necesse
851 1893 909 1923 est
940 1893 1007 1923 aut
1042 1886 1232 1924 damnum
1266 1894 1333 1924 aut
1363 1894 1466 1926 certe

140 1963 219 1988 non
246 1964 431 2000 magnum
466 1951 617 1988 lucrum
649 1950 787 1989 fecisse
821 1951 1088 1998 decumanosg
1127 1952 1203 1989 hoc
1228 1951 1332 1990 enim
1368 1954 1467 1991 solet

140 2028 212 2052 usu
233 2014 364 2053 venire
385 2014 430 2052 iis
451 2014 518 2064 qui
546 2027 690 2063 magno
711 2015 972 2053 redemerunt.
1028 2015 1148 2064 Quid,
1171 2015 1201 2054 si
1232 2017 1400 2055 ostendo
1427 2016 1466 2054 in

140 2080 213 2117 hac
243 2093 321 2117 una
350 2079 551 2129 emptione
578 2078 673 2117 lucri
705 2078 786 2117 fieri
818 2079 933 2117 tritici
971 2081 1075 2118 mod.
1106 2082 1161 2118 c?
1192 2080 1299 2130 quid,
1329 2080 1358 2118 si
1386 2083 1467 2119 cc?

141 2143 247 2194 quid,
270 2143 301 2181 si
323 2145 426 2182 ccc?
456 2144 564 2194 quid,
581 2143 612 2181 si
633 2155 733 2182 cccc
754 2144 890 2183 milia?
919 2145 1151 2184 dubitabitis
1173 2146 1289 2184 etiarn
1311 2145 1374 2184 cui
1395 2146 1467 2185 ista

185 2256 204 2285 3
229 2248 275 2278 uti
293 2247 340 2277 cO
358 2259 364 2278 :
389 2252 424 2277 ut
438 2252 460 2287 p
478 2248 542 2279 rell.
710 2249 731 2278 6
756 2247 891 2278 multum
911 2258 964 2278 me
984 2248 1014 2278 O
1181 2259 1197 2287 7
1225 2249 1286 2279 hec
1307 2250 1358 2280 O:
1383 2250 1466 2281 haec

143 2289 281 2320 Mueller
424 2301 460 2329 15
483 2291 623 2321 audistis
641 2291 688 2321 cO
704 2301 711 2320 :
736 2291 880 2321 audietis
894 2297 917 2331 p
935 2291 998 2322 rell.
1146 2302 1188 2322 20
1213 2293 1314 2324 leont.
1332 2294 1393 2325 civ.
1413 2304 1466 2323 me

142 2345 163 2362 π
180 2333 224 2364 al.
243 2344 249 2363 ε
282 2344 334 2364 me
351 2334 452 2365 leont.
471 2334 532 2365 civ.
553 2334 596 2373 O,
616 2337 653 2364 ut
668 2333 803 2373 videtur,
821 2334 891 2364 edd.
1036 2346 1075 2373 24
1102 2341 1248 2366 veneunt
1267 2337 1297 2367 O
1425 2338 1467 2367 28

143 2377 346 2409 decumanos
366 2378 395 2409 O
413 2389 419 2408 ε
444 2388 511 2407 -um
525 2382 550 2417 p
567 2377 632 2408 rell.
738 2388 774 2418 31
802 2379 890 2420 quid,
910 2378 937 2409 si
954 2389 1012 2409 ccc
1028 2379 1075 2410 cO
1093 2390 1099 2409 z
1124 2390 1189 2411 om.
1210 2380 1277 2413 rell.

1482 92 1542 123 108

1478 295 1537 342 46

1485 365 1545 396 109

1489 1445 1550 1467 110

1490 2033 1545 2054 111
