1715 2734
151 52 208 90 39
234 59 291 81 102
596 44 651 81 M.
683 44 852 81 TVLLI
885 44 1193 83 CICERONIS

144 494 200 525 ¹03

142 945 199 982 40

141 1343 198 1373 ¹04

226 166 312 192 esse
332 154 513 194 facturos.
561 155 641 194 Iste
662 168 741 192 non
763 153 1032 204 procrastinat,
1049 155 1216 193 advocat
1232 155 1380 194 amicos
1401 155 1530 195 statim
1546 171 1556 205 ς

225 219 376 269 quaerit
398 233 443 258 ex
465 220 509 258 iis
531 220 756 270 singillatim
778 227 875 270 quot
892 218 1060 269 quisque
1074 227 1212 257 nautas
1234 219 1424 258 habuerit.
1482 222 1556 260 Re-

224 286 395 333 spondet
416 299 516 323 unus
538 285 705 335 quisque
726 293 768 323 ut
789 292 870 323 erat
898 292 1162 335 praeceptum.
1224 285 1304 323 Iste
1333 284 1373 322 in
1403 285 1555 324 tabulas

223 350 362 397 refert3
391 349 572 399 obsignat
594 350 711 400 signis
732 349 949 388 amicorum
972 349 1182 399 providens
1203 351 1336 397 bomo,
1358 358 1400 388 ut
1421 358 1557 390 contra

223 414 300 452 hoc
320 414 479 462 crimen,
502 415 531 453 si
553 416 715 465 quando
736 428 835 465 opus
857 422 969 462 esset,
988 415 1060 452 hac
1078 414 1260 453 videlicet
1282 415 1556 456 testificatione
1575 434 1592 466 5

223 486 406 518 uteretur.
468 479 651 518 Derisum
685 493 770 518 esse
803 481 923 518 credo
957 479 1160 518 bominem
1186 488 1385 518 amentem
1419 494 1442 518 a
1476 481 1554 520 suis

223 544 453 583 consiliariis
483 552 521 583 et
550 545 799 583 admonitum
822 546 940 582 hasce
971 544 1006 582 ei
1028 545 1181 582 tabulas
1203 544 1299 582 nihil
1320 546 1551 594 profuturas,

222 608 339 647 etiam
371 611 458 659 plus
488 623 534 647 ex
564 609 684 647 nimia
714 609 902 660 praetoris
934 609 1137 659 diligentia
1167 609 1402 659 suspicionis
1437 610 1476 648 in
1507 624 1554 649 eo

221 673 384 712 crimine
419 676 603 712 futurum.
679 676 764 712 Iam
800 674 872 713 iste
912 682 992 712 erat
1032 675 1105 712 hac
1146 674 1309 712 stultitia
1342 675 1475 713 multis
1514 675 1553 714 in

220 739 336 778 rebus
353 752 445 777 usus
462 746 503 777 ut
524 738 682 789 publice
704 753 863 790 quoque
880 753 982 790 quae
998 740 1112 778 vellet
1134 739 1173 777 in
1195 738 1330 778 litteris
1351 739 1553 778 civitatum
1577 755 1615 778 ιο

221 804 304 842 tolli
338 812 377 843 et
410 804 540 843 referri
573 804 748 852 iuberet3
793 818 894 855 quae
936 805 1069 844 omnia
1109 818 1214 843 nunc
1255 804 1445 855 intellegit
1479 805 1553 844 sibi

221 868 318 907 nihil
348 870 550 919 prodesse,
580 877 839 920 posteaquam
875 870 990 908 certis
1023 869 1158 908 litteris
1194 869 1360 908 testibus
1389 870 1554 908 auctori-

221 934 447 984 tatibusque
460 934 715 973 convincitur.
758 934 837 973 Vbi
852 936 927 973 hoc
943 934 1059 981 videt,
1076 934 1229 973 illorum
1247 934 1551 982 confessionem,

221 999 537 1038 testificationem
559 1013 680 1047 suam,
705 1000 867 1039 tabellas
898 999 971 1038 sibi
1000 1001 1109 1038 nullo
1139 998 1370 1038 adiumento
1392 1000 1550 1047 futuras,

220 1065 291 1104 init
307 1065 516 1104 consilium
538 1079 619 1104 non
641 1065 811 1116 improbi
833 1065 1182 1116 praetoris‚—nam
1204 1064 1244 1103 id
1266 1064 1428 1115 quidem
1450 1072 1553 1104 esset
1576 1080 1609 1113 15

220 1132 567 1177 ferendum‚——sed
602 1130 815 1181 importuni
843 1138 963 1181 atque
992 1130 1159 1170 amentis
1194 1130 1374 1180 tyranni:
1404 1131 1550 1179 statuit,

219 1197 251 1235 si
272 1198 348 1235 hoc
369 1196 517 1235 crimen
534 1197 734 1236 extenuari
749 1199 1026 1245 vellet,-nam
1048 1196 1212 1235 omnino
1233 1196 1316 1235 tolli
1333 1210 1449 1247 posse
1471 1211 1550 1235 non

219 1262 768 1310 arbitrabatur,—nauarchos
799 1263 939 1310 omnis,
964 1262 1072 1301 testis
1094 1262 1153 1301 sui
1176 1263 1342 1309 sceleris,
1367 1262 1445 1300 vita
1466 1276 1551 1302 esse

219 1327 444 1378 privandos.
503 1328 747 1367 Occurrebat
781 1327 845 1365 illa
884 1327 1004 1367 ratio:
1039 1328 1171 1376 ‘Quid
1205 1329 1423 1367 Cleomene
1455 1329 1551 1366 fiet?

219 1400 409 1443 poterone
429 1392 605 1430 animum
626 1394 828 1431 advertere
849 1393 886 1431 in
909 1407 976 1431 eos
998 1406 1097 1443 quos
1118 1392 1225 1431 dicto
1246 1392 1442 1432 audientis
1464 1407 1549 1432 esse
1571 1409 1612 1431 20

219 1457 323 1504 iussi,
347 1457 509 1496 missum
532 1459 658 1496 facere
683 1471 772 1496 eum
801 1457 863 1496 cui
893 1465 1126 1508 potestatem
1159 1458 1447 1508 imperiumque
1469 1472 1549 1508 per-

219 1522 304 1561 misi
322 1525 338 1561 ?
367 1530 557 1573 poterone
579 1537 646 1561 eos
665 1524 835 1561 adficere
856 1523 1050 1573 supplicio
1071 1523 1137 1573 qui
1161 1524 1406 1562 Cleomenen
1427 1523 1549 1562 secuti

217 1595 318 1634 sunt,
342 1587 544 1637 ignoscere
567 1587 772 1627 Cleomeni
800 1588 866 1638 qui
895 1602 1028 1627 secum
1060 1590 1191 1639 fugere
1221 1597 1259 1627 et
1289 1603 1330 1627 se
1360 1589 1548 1639 consequi

218 1652 360 1691 iussit?
390 1661 579 1703 poterone
600 1667 685 1691 esse
713 1653 751 1690 in
777 1666 844 1691 eos
865 1654 1079 1692 vehemens
1107 1653 1173 1703 qui
1196 1653 1303 1692 navis
1327 1668 1405 1692 non
1428 1655 1549 1692 modo

217 1718 343 1756 inanis
372 1719 594 1757 habuerunt
619 1720 688 1757 sed
719 1718 836 1757 etiam
865 1726 1030 1768 apertas,
1054 1719 1093 1756 in
1121 1732 1211 1757 eum
1243 1719 1456 1757 dissolutus
1481 1718 1548 1769 qui
1570 1732 1607 1765 ²5

217 1785 323 1822 solus
363 1783 542 1839 habuerit
581 1791 818 1822 constratam
858 1798 998 1823 navem
1038 1792 1076 1822 et
1115 1783 1244 1822 minus
1279 1784 1550 1822 exinanitam?

219 1851 356 1888 Pereat
378 1850 615 1889 Cleomenes
637 1863 715 1887 una
733 1851 762 1888 1'
819 1850 897 1888 Vbi
928 1851 1037 1897 fides,
1062 1849 1129 1888 ubi
1161 1850 1456 1896 exsecrationes,
1481 1849 1548 1889 ubi

217 1916 399 1953 dexterae
429 1916 750 1964 complexusque,
783 1915 848 1953 ubi
881 1915 976 1954 illud
1007 1915 1312 1953 contubernium
1348 1914 1547 1954 muliebris

218 1979 377 2018 militiae
418 1979 456 2017 in
497 1979 562 2018 illo
603 1979 884 2018 delicatissimo
925 1980 1065 2018 litore?
1137 1980 1239 2019 Fieri
1279 1981 1387 2018 nullo
1426 1981 1547 2019 modo

259 2093 279 2113 2
304 2083 344 2114 iis
360 2084 376 2112 δ
394 2095 400 2113 :
425 2083 478 2113 his
498 2083 561 2114 RS
576 2086 603 2113 el
619 2083 724 2123 suppl.
740 2088 764 2123 p
782 2095 788 2114 ε
815 2083 881 2114 illis
897 2082 1091 2123 Stephanus
1227 2084 1412 2124 respondet
1429 2083 1547 2116 SDW:

215 2128 389 2167 respondit
408 2128 500 2167 (corr.
520 2126 552 2156 R
570 2138 608 2158 ex
625 2126 818 2167 respondis>
836 2127 929 2168 Rpkb
948 2128 994 2168 (ii,
1016 2131 1030 2165 ξ
1049 2128 1106 2167 98)
1308 2138 1346 2158 10
1369 2127 1492 2158 litteris
1506 2129 1546 2158 πδ

217 2173 253 2211 (ἰ,
273 2175 288 2209 ξ
307 2182 348 2211 57
368 2182 374 2210 ;
400 2172 442 2208 iv,
465 2174 480 2209 ξ
500 2172 554 2210 31]
571 2182 577 2200 ε
603 2171 732 2201 litteras
749 2171 782 2201 R
800 2171 864 2202 rell.
1016 2181 1048 2201 11
1077 2171 1147 2202 tolli
1165 2177 1199 2202 et
1215 2171 1301 2202 RS:
1324 2173 1393 2203 secl.
1408 2171 1543 2213 Zumpt,

219 2216 328 2248 Muell.
347 2231 353 2248 ς
379 2223 411 2248 et
429 2217 500 2248 tolli
520 2223 551 2247 ct
571 2219 585 2244 δ
712 2227 747 2246 12
773 2216 1032 2254 auctoribusque
1052 2215 1083 2245 J?
1199 2225 1236 2254 19
1261 2215 1445 2247 Cleomene
1461 2216 1545 2247 RS:

216 2259 390 2290 Cleomeni
407 2263 470 2300 s>6z
497 2261 537 2290 de
556 2260 740 2290 Cleomene
761 2259 803 2298 Ga
973 2270 1014 2289 22
1039 2258 1247 2290 Cleomenen
1266 2259 1321 2289 R:
1347 2269 1414 2290 -em
1431 2258 1461 2290 S
1476 2259 1542 2290 rell.

219 2301 255 2341 gl.
278 2313 288 2332 1
310 2303 397 2342 infra
417 2314 474 2333 -cn
493 2304 525 2333 R
544 2315 550 2334 ;
575 2313 642 2333 -em
665 2302 722 2333 VS
739 2302 820 2343 rell.)
