1715 2734
99 42 151 89 38
170 59 213 90 94
542 45 597 81 M.
630 44 798 81 TVLLI
829 43 1136 84 CICERONIS

170 153 413 201 pronuntiat,
446 156 487 192 Si
529 166 621 198 QV1S
661 165 882 192 ABSENTEM
922 155 1147 192 STHEN1VM
1183 166 1254 192 RE1
1286 165 1499 193 CAPITALts

170 229 287 255 REVM
329 230 489 257 FACERE
527 230 697 265 VELLET,
741 230 838 257 SESE
878 231 970 257 Elvs
1011 231 1163 257 NOMEN
1207 231 1497 266 REOEPTVRVM,

168 290 206 321 et
250 283 365 321 simul
414 291 456 322 ut
496 285 546 322 ad
587 297 746 321 causam
795 285 1000 323 accederet
1043 298 1271 334 nomenque
1318 285 1497 331 deferret,

168 347 422 397 Agathinum,
445 361 592 386 novum
619 350 794 387 adfinem
814 356 933 398 atque
960 349 1170 400 hospitem,
1192 349 1323 399 coepit
1343 349 1499 388 hortari.

166 414 271 450 Tum
288 413 352 451 ille
373 415 474 451 clare
490 413 676 452 omnibus
692 413 945 453 audientibus
966 428 1007 453 se
1027 414 1068 453 id
1089 402 1169 453 non
1187 428 1271 453 esse
1292 415 1497 462 facturum,
1521 429 1538 460 5

166 491 296 528 neque
334 492 375 516 se
414 492 539 528 usque
578 493 626 517 eo
665 479 830 517 Sthenio
868 493 954 518 esse
992 479 1195 518 inimicum
1235 487 1278 518 ut
1316 492 1407 518 eum
1445 478 1499 517 rei

165 542 342 593 capitalis
373 545 546 582 adfinem
580 557 665 582 esse
693 543 850 582 diceret.
912 544 993 582 Hic
1023 552 1106 582 tum
1137 551 1298 594 repente
1330 543 1499 582 Pacilius

165 608 339 657 quidam,
361 609 482 646 homo
503 622 622 658 egens
644 616 681 647 et
702 608 811 657 levis,
828 609 980 647 accedit
998 624 1006 656 3
1033 609 1096 657 ait,
1114 609 1144 647 si
1162 609 1306 657 liceret,
1325 609 1500 648 absentis

166 686 312 711 nomen
334 674 484 712 deferre
505 687 546 712 se
567 675 675 712 velle.
737 675 818 712 Iste
838 687 929 712 vero
950 682 988 712 et
1009 674 1125 713 licere
1145 682 1183 713 et
1204 674 1286 712 fieri
1307 676 1442 721 solere,
1462 682 1500 713 et

166 751 208 776 se
237 746 485 788 recepturum
502 754 511 786 3
541 731 673 789 itaque
700 740 897 787 defertur3
927 739 1046 778 edicit
1070 740 1200 778 statim
1232 750 1274 778 ut
1306 740 1500 779 Kalendis
1524 756 1563 778 10

104 820 146 851 95
170 803 458 841 Decembribus
489 803 592 842 adsit
622 804 808 842 Sthenius
841 803 1050 854 Syracusis.
1112 804 1192 843 Hic
1225 804 1293 854 qui
1326 806 1499 843 Romam

166 867 417 917 pervenisset,
459 868 632 919 satisque
670 868 834 907 feliciter
867 869 961 907 anni
1000 869 1077 907 iam
1115 871 1282 908 adverso
1322 876 1500 920 tempore

165 933 394 983 navigasset,
437 934 651 984 omniaque
694 933 897 973 habuisset
938 935 1126 984 aequiora
1168 943 1206 973 et
1246 935 1499 985 placabiliora

164 1012 284 1049 quam
322 998 500 1036 animum
540 999 729 1049 praetoris
761 1007 881 1049 atque
919 999 1097 1050 hospitis,
1139 1014 1221 1039 rem
1259 1002 1310 1039 ad
1349 1000 1499 1039 amicos

165 1078 256 1102 suos
284 1065 435 1111 detulit,
467 1077 579 1115 quae,
613 1072 655 1103 ut
685 1073 766 1104 erat
794 1066 938 1104 acerba
962 1073 1082 1116 atque
1109 1066 1280 1117 indigna,
1313 1066 1368 1105 sic
1395 1065 1500 1105 vide·
1522 1081 1559 1115 ¹5

165 1130 280 1168 batur
300 1129 497 1168 omnibus.

90 1203 146 1240 39
222 1196 363 1244 Itaque
394 1194 434 1232 in
468 1202 607 1233 senatu
639 1195 833 1234 continuo
863 1198 935 1235 Cn.
971 1198 1164 1235 Lentulus
1196 1205 1233 1236 et
1269 1198 1312 1235 L.
1348 1196 1499 1236 Gellius

165 1261 348 1298 consules
379 1259 527 1298 faciunt
553 1260 797 1298 mentionem
819 1262 973 1310 placere
998 1261 1125 1309 statui,
1150 1262 1181 1300 si
1211 1263 1388 1313 patribus
1409 1275 1499 1300 con-

164 1323 316 1374 scriptis
348 1324 555 1372 videretur‚
591 1339 642 1363 ne
679 1326 863 1363 absentes
899 1326 1080 1365 homines
1114 1327 1155 1365 in
1194 1327 1404 1377 provinciis
1443 1326 1498 1365 rei

163 1390 300 1428 fierent
339 1403 467 1428 rerum
505 1390 758 1440 capitalium3
796 1404 955 1429 causam
987 1392 1125 1430 Stheni
1159 1400 1282 1430 totam
1317 1400 1355 1430 et
1386 1392 1497 1430 istius
1520 1409 1560 1430 20

163 1455 436 1494 crudelitatem
468 1463 506 1494 et
541 1456 789 1506 iniquitatem
825 1465 1006 1495 senatum
1038 1459 1195 1497 docent.
1269 1459 1418 1497 Aderat
1457 1458 1497 1496 in

162 1529 301 1559 senatu
331 1523 472 1560 Verres
503 1529 613 1571 pater
644 1521 765 1568 istius,
800 1529 838 1560 et
868 1523 965 1560 flens
1000 1537 1123 1561 unum
1157 1536 1356 1573 quemque
1391 1536 1499 1561 sena-

162 1595 291 1625 torum
320 1587 481 1637 rogabat
503 1594 545 1625 ut
573 1586 653 1624 filio
681 1600 753 1625 suo
780 1595 955 1637 parceret
970 1603 979 1635 3
1010 1602 1139 1638 neque
1168 1597 1300 1627 tamen
1329 1590 1497 1626 multum

162 1651 418 1702 proficiebat3
461 1660 542 1690 erat
573 1651 680 1691 enim
715 1665 870 1690 summa
904 1655 1085 1692 voluntas
1125 1662 1294 1692 senatus.
1357 1655 1498 1703 Itaque

162 1717 381 1756 sententiae
405 1717 661 1756 dicebantur:
694 1719 790 1757 CVM
812 1719 1024 1757 STHENIVS
1045 1731 1199 1758 ABSENS
1221 1731 1324 1757 REVS
1348 1730 1498 1757 FACTVS
1521 1733 1558 1765 25

163 1795 297 1831 ESSET,
320 1795 376 1821 DE
396 1795 583 1822 ABSENTE
604 1795 798 1822 IVDICIVM
822 1796 992 1823 NVLLVM
1016 1798 1128 1824 FIERI
1155 1797 1356 1833 PLACERE,
1378 1797 1438 1831 ET,
1463 1796 1495 1822 Sl

100 1857 143 1900 96
164 1861 277 1894 QVOD
299 1861 421 1888 ESSET
443 1861 620 1897 FACTVM,
645 1862 688 1887 11)
710 1862 854 1888 RATVM
877 1863 971 1889 ESSE
994 1864 1081 1890 NON
1106 1864 1302 1890 PLACERE.
1352 1852 1412 1889 EO
1433 1850 1498 1889 die

163 1915 322 1965 transigi
349 1915 445 1953 nihil
471 1915 609 1966 potuit,
633 1916 743 1965 quod
769 1923 806 1954 et
836 1916 876 1954 id
907 1917 1094 1968 temporis
1120 1925 1200 1956 erat
1229 1925 1267 1956 et
1294 1917 1359 1955 ille
1388 1924 1498 1966 pater

163 1980 274 2019 istius
302 1980 505 2019 invenerat
526 1980 707 2018 homines
736 1981 803 2030 qui
826 1981 999 2021 dicendo
1020 1991 1175 2033 tempus
1202 1989 1493 2021 consumerent.

165 2049 308 2086 Postea
328 2060 446 2086 senex
462 2049 604 2086 Verres
625 2048 852 2085 defensores
873 2055 991 2098 atque
1012 2048 1187 2099 hospites
1207 2048 1336 2086 omnis
1359 2047 1496 2086 Stheni
1517 2063 1557 2094 30

208 2161 227 2189 5
253 2160 289 2181 se
309 2149 362 2181 O:
386 2161 461 2182 sese
476 2156 499 2191 p
517 2150 582 2182 rell.
755 2161 771 2189 7
797 2155 864 2180 tum
883 2162 950 2182 om.
973 2152 1003 2183 O
1157 2154 1176 2182 8
1200 2152 1353 2182 absentis
1369 2161 1494 2182 nomen

167 2194 219 2235 Op
237 2194 301 2225 rell.
320 2207 326 2224 ε
351 2205 438 2225 nom.
458 2195 528 2225 abs.
549 2194 567 2223 b
584 2193 671 2233 vulg.
825 2204 862 2233 15
887 2200 920 2225 et
939 2197 1006 2226 ind.
1029 2195 1060 2225 O
1078 2198 1109 2236 με
1128 2196 1171 2235 89
1187 2196 1305 2236 supra)
1458 2205 1494 2234 ¹7

168 2238 203 2268 L.
227 2237 356 2268 Gellius
381 2238 448 2268 cO:
483 2238 642 2268 Lucullus
662 2237 717 2277 pb,
742 2237 888 2268 Lucillus
914 2240 979 2270 rell.
1161 2250 1202 2269 22
1227 2243 1416 2270 senatorum
1444 2237 1496 2268 O:

166 2291 234 2311 -em
248 2287 272 2320 p
289 2282 357 2311 rell.
483 2291 524 2320 25
547 2281 670 2312 absens
689 2291 765 2311 reus
780 2281 823 2321 ph
843 2282 928 2322 vulg.
949 2294 955 2313 :
980 2293 1056 2314 reus
1073 2283 1142 2314 abs.
1165 2283 1237 2322 qu
1357 2284 1398 2312 26
1424 2281 1495 2312 sieri

166 2324 290 2355 nullum
311 2324 341 2355 Ο
