1715 2734
167 115 435 154 ACTIONIS
458 116 519 152 IN
541 115 584 153 C.
608 116 848 152 VERREM
870 115 1168 153 SECVNDAE
1190 116 1292 152 LIB.
1318 116 1384 152 III
1432 125 1488 162 93
1510 128 1573 160 217

167 226 439 265 defensionem
460 234 626 263 vestram
648 226 933 276 pertimescam,
958 227 1026 264 sed
1055 239 1117 264 me
1138 225 1315 264 omnium
1337 227 1490 276 provin-

166 291 314 329 ciarum
344 292 592 329 defensorem
621 304 707 328 esse
737 291 958 340 profitebor.
1020 290 1178 328 Etenim
1210 292 1285 329 hoc
1316 291 1417 337 dico,
1451 298 1490 329 et

166 369 308 406 magna
340 369 438 394 voce
476 355 578 402 dico,
615 355 869 405 Vbicumque
908 357 983 394 hoc
1023 356 1169 393 factum
1204 363 1272 401 est,
1310 355 1489 405 improbe

165 422 311 458 factum
350 429 432 468 est,
479 420 720 470 quicumque
760 423 835 459 1106
870 421 971 467 fecit,
1005 421 1198 470 supplicio
1237 421 1378 471 dignus
1417 429 1486 459 est.

127 502 144 532 5
166 487 280 533 Nam,
317 499 385 535 per
423 487 519 523 deos
557 485 799 532 immortalis,
834 486 973 533 videte,
1011 485 1170 531 iudices,
1208 494 1244 523 et
1279 486 1490 535 prospicite
1510 462 1571 543 29143

163 550 304 587 animis
324 550 419 599 quid
440 551 613 587 futurum
634 550 692 588 sit.
755 550 871 588 Multi
899 564 1059 600 magnas
1080 550 1266 599 pecunias
1286 551 1337 588 ab
1358 550 1488 588 invitis

163 614 385 652 civitatibus
419 622 537 663 atque
574 615 626 652 ab
664 614 794 652 invitis
825 614 1042 653 aratoribus
1076 614 1149 652 ista
1183 615 1332 652 ratione
1367 616 1489 653 cellae

164 678 324 716 nomine
359 679 806 727 coegerunt,—omnino
840 693 912 729 ego
951 678 1151 717 neminem
1186 679 1302 717 video
1337 687 1490 728 praeter

164 743 292 790 istum,
326 745 395 781 sed
422 745 474 781 do
501 744 577 782 1106
604 744 716 782 vobis
742 752 780 782 et
809 745 998 791 concedo,
1033 757 1119 781 esse
1149 745 1317 782 multos:
1348 743 1388 781 in
1412 745 1489 782 hoc

106 822 145 844 10
163 807 325 846 homine
354 821 434 845 rem
465 809 680 846 adductam
711 808 749 845 in
782 808 969 846 iudicium
1000 808 1150 846 videtis.
1221 808 1329 857 Quid
1361 810 1488 859 facere

163 875 356 923 potestis?
389 880 530 920 utrum,
563 887 652 910 cum
685 873 834 911 iudices
864 873 945 911 sitis
976 875 1026 911 de
1056 873 1225 923 pecunia
1255 882 1368 924 capta
1397 888 1486 912 6011-

163 939 301 986 ciliata,
342 947 491 977 tantam
531 940 740 990 pecuniam
775 948 930 989 captam
962 942 1177 990 neglegere,
1211 954 1272 987 an,
1304 954 1395 978 cum
1428 942 1488 980 lex

163 1004 360 1043 sociorum
391 1018 508 1042 causa
538 1013 670 1055 rogata
701 1005 759 1051 sit,
793 1005 988 1043 sociorum
1020 1005 1284 1055 querimonias
1314 1019 1394 1043 non
1424 1019 1489 1044 au-

163 1069 278 1108 dire?
334 1072 481 1108 Verum
514 1071 588 1107 1106
619 1084 779 1120 (1110(1116
799 1070 910 1107 vobis
941 1070 1124 1117 16111111ος
1161 1070 1353 1120 neglegite
1382 1085 1489 1121 prae·
1509 1085 1571 1117 219

107 1150 144 1182 15
163 1135 288 1183 terita,
319 1134 349 1173 si
381 1135 520 1181 vultis;
554 1136 624 1173 sed
649 1149 698 1173 ne
729 1135 896 1184 reliquas
924 1149 1012 1185 spes
1035 1135 1198 1173 turbetis
1219 1142 1338 1185 atque
1358 1136 1488 1175 omnis

163 1199 384 1249 provincias
414 1201 605 1246 evertatis,
639 1199 679 1238 id
711 1199 924 1249 providete,
957 1214 1006 1238 ne
1036 1200 1229 1245 avaritiae,
1254 1214 1355 1250 quae
1382 1209 1489 1240 ante-

163 1266 237 1303 hac
257 1265 421 1303 occultis
442 1265 646 1303 itineribus
667 1274 785 1315 atque
805 1265 978 1315 angustis
1000 1265 1054 1303 uti
1077 1267 1238 1312 solebat,
1257 1267 1488 1305 auctoritate

164 1338 290 1367 vestra
321 1331 422 1367 viam
458 1330 698 1379 patefaciatis
734 1330 935 1368 inlustrem
967 1338 1086 1379 atque
1120 1332 1250 1367 latam.
1322 1333 1426 1368 Nam
1457 1331 1486 1369 si

165 1395 241 1432 hoc
261 1394 435 1444 probatis
456 1402 493 1432 et
514 1395 545 1432 si
566 1394 681 1432 licere
702 1394 888 1444 pecunias
910 1394 984 1432 isto
1005 1394 1165 1432 nomine
1186 1395 1273 1443 capi
1295 1395 1486 1442 iudicatis,

106 1475 147 1495 20
165 1467 269 1497 certe
290 1461 376 1506 hoc,
399 1461 507 1509 quod
528 1461 659 1497 adhuc
680 1473 797 1497 nemo
825 1459 897 1496 nisi
927 1459 1240 1508 improbissimus
1262 1460 1362 1507 fecit,
1386 1468 1489 1510 post—

165 1526 238 1562 hac
268 1538 387 1562 nemo
417 1524 491 1561 nisi
519 1524 769 1562 stultissimus
799 1538 879 1561 non
908 1524 1032 1561 faciet.
1094 1524 1270 1573 Improbi
1300 1534 1391 1563 sunt
1420 1526 1486 1575 qui

164 1590 351 1639 pecunias
371 1598 507 1627 contra
532 1591 634 1639 leges
666 1597 821 1639 cogunt,
846 1589 951 1626 stulti
983 1589 1049 1638 qui
1078 1591 1185 1638 quod
1208 1590 1322 1628 licere
1345 1591 1488 1629 iudica-

164 1664 248 1693 tum
286 1662 345 1692 est
383 1654 705 1704 praetermittunt.
779 1654 946 1700 Deinde,
989 1654 1149 1701 iudices,
1186 1655 1324 1702 videte,
1368 1670 1486 1705 quam
1509 1673 1571 1694 220

164 1719 358 1758 infinitam
397 1719 479 1757 sitis
518 1719 745 1757 hominibus
787 1719 984 1757 licentiam
1029 1719 1282 1769 pecuniarum
1325 1720 1487 1770 eripien-

107 1799 143 1829 25
164 1787 301 1824 darum
323 1784 461 1822 daturi.
521 1784 570 1829 Si,
596 1792 726 1822 ternos
746 1783 928 1822 denarios
949 1783 1015 1832 qui
1038 1783 1165 1833 coegit
1187 1784 1254 1821 erit
1268 1785 1483 1833 absolutus,

163 1858 386 1900 quaternos,
418 1849 570 1898 quinos,
603 1850 728 1887 denos
758 1848 930 1897 denique
959 1856 1025 1886 aut
1045 1848 1204 1886 vicenos
1231 1857 1344 1898 coget
1372 1850 1484 1889 alius.

165 1918 279 1965 Quae
308 1915 378 1953 erit
408 1915 690 1964 reprehensio?
720 1915 759 1952 in
782 1927 862 1963 quo
883 1913 1053 1963 primum
1074 1913 1235 1952 iniuriae
1255 1916 1375 1963 gradu
1398 1918 1486 1954 resi-

163 1989 263 2019 stere
283 1980 443 2029 incipiet
464 1980 645 2018 severitas
667 1979 839 2018 iudicis?
869 1986 1012 2029 quotus
1034 1978 1103 2016 erit
1124 1978 1195 2017 iste
1215 1979 1396 2017 denarius
1418 1982 1484 2030 qui

162 2060 243 2084 non
273 2046 321 2084 sit
351 2047 547 2092 ferendus,
568 2054 606 2084 et
627 2046 665 2083 in
687 2059 767 2095 quo
789 2045 958 2095 primum
987 2043 1269 2082 aestimationis
1299 2044 1484 2094 iniquitas

104 2126 143 2155 30
162 2119 281 2162 atque
329 2111 557 2161 improbitas
605 2111 942 2161 reprehendatur?
1018 2110 1111 2147 Non
1151 2108 1254 2146 enim
1303 2122 1326 2146 a
1372 2110 1483 2147 vobis

207 2222 220 2241 1
247 2218 394 2243 vestram
414 2212 477 2242 des.
501 2212 530 2242 O
630 2222 649 2249 4
674 2212 737 2241 hoc
751 2222 816 2241 om.
839 2211 868 2241 O
978 2221 1013 2240 11
1041 2211 1112 2240 sitis
1131 2209 1258 2239 iudices
1278 2208 1307 2237 O
1398 2217 1482 2246 :ar—3

162 2255 308 2294 Improbi
330 2281 335 2287 .
354 2281 360 2286 .
383 2281 389 2286 .
407 2255 679 2295 praetermittunt
700 2259 760 2293 pro
783 2255 902 2294 spuriis
919 2254 1038 2284 liabent
1052 2253 1141 2289 Rau,
1161 2251 1317 2281 Zielinski
1332 2251 1382 2289 (p.
1406 2252 1481 2289 196)

161 2309 213 2338 24,
227 2309 267 2338 25
288 2300 360 2330 sitis
371 2299 583 2329 hominibus.
604 2324 609 2329 .
626 2322 632 2328 .
649 2297 757 2327 daturi
770 2302 794 2337 p
807 2297 869 2328 rell.
891 2309 896 2327 :
923 2298 996 2328 istis
1013 2297 1205 2327 hominibus
1219 2320 1226 2326 .
1242 2320 1249 2326 .
1265 2319 1271 2325 .
1288 2295 1396 2324 daturi
1410 2294 1483 2323 sitis

162 2342 192 2371 O
208 2342 276 2373 edd.
405 2352 445 2381 25
469 2343 545 2373 den.
566 2347 681 2372 ternos
701 2341 731 2370 Ο
821 2340 972 2379 coegerit
990 2340 1099 2371 Muell.
1210 2340 1251 2369 26
1275 2338 1395 2377 quinos
1411 2337 1457 2367 cO
1475 2348 1482 2367 :

159 2396 224 2417 om.
236 2391 261 2425 p
278 2385 342 2418 rell.
