1715 2734
129 49 182 88 54

123 248 181 279 143

118 1074 178 1106 144

114 1721 173 1753 145

207 55 265 86 142
573 40 628 76 M.
661 40 830 76 TVLLI
862 39 1169 78 CICERONIS

204 149 402 196 immittes,
427 162 491 187 me
519 150 570 187 ad
600 161 708 186 meas
736 149 912 186 fortunas
934 149 1208 187 defendendas
1237 150 1427 187 accedere
1457 163 1536 188 non

203 213 316 252 sines.
370 215 525 263 Operae
545 213 714 264 pretium
736 221 794 251 est
814 214 942 263 legem
962 212 1087 263 ipsam
1109 227 1348 263 cognoscere
1364 229 1374 261 ,-
1399 213 1536 252 dicetis

202 279 374 317 eundem
422 277 702 328 conscripsisse
745 276 814 327 qui
853 277 951 316 illud
994 277 1168 316 edictum
1211 279 1263 316 de
1306 278 1532 317 hereditate.

204 342 354 381 Recita.
417 345 506 381 LEX
548 355 673 380 OPERI
711 353 934 380 FACIVNDO.
993 344 1114 391 QVAE
1155 355 1314 380 PVPILLI
1356 344 1532 380 va1—.

205 407 291 454 Dic,
323 407 399 454 dic,
434 421 592 457 quaeso,
627 406 778 445 clarius.
840 408 884 446 C.
915 408 1090 445 VERRES
1123 419 1316 445 PRAETOR
1347 420 1536 445 VRBANVS

203 484 390 510 ADDlDIT.
445 472 701 522 Corriguntur
722 473 826 521 leges
851 471 1076 510 censoriae!
1126 472 1234 520 Quid
1255 472 1391 510 enim?
1420 472 1536 511 video

204 536 245 574 in
277 536 408 574 multis
444 536 640 574 veteribus
676 536 839 585 legibus,
877 537 953 575 CN.
983 538 1195 574 DOM1T1vs
1228 538 1271 574 L.
1308 539 1535 574 METELLVS

205 613 416 640 CENSORES
484 614 771 647 ADDIDERVNT,
837 603 880 639 L.
943 602 1114 641 Cissivs
1170 604 1247 641 CN.
1313 604 1534 641 SERV11.1vs

203 678 414 705 CENSORES
445 679 746 704 ADDIDERVNT:
775 668 857 704 vult
883 666 1033 717 aliquid
1061 667 1144 705 eius
1168 667 1278 706 modi
1305 669 1349 707 C.
1380 670 1531 706 Verres.

205 732 304 770 Dic:
344 732 440 782 quid
479 732 665 770 addidit?
733 731 883 770 Recita.
958 734 1039 781 QVI
1076 743 1134 771 DE
1174 734 1216 770 L.
1262 735 1435 771 MARcio
1475 734 1531 771 M.

205 799 437 835 PERPERNA
467 809 723 835 CENSORfflvs
743 821 796 825 ——
816 821 868 825 -α
889 809 1042 835 SOCIVM
1072 809 1129 835 NE
1159 810 1393 836 ADMITTITO
1423 810 1533 836 NEVE

203 874 371 900 PARTEM
411 874 521 900 DATo
560 874 671 900 NEVE
709 874 930 901 REDIMITO.
990 862 1099 910 Quid
1137 862 1219 900 ita?
1261 876 1311 900 ne
1349 863 1531 900 vitiosum

202 941 303 977 opus
339 929 477 966 fieret?
534 930 587 965 At
619 935 701 966 erat
739 927 920 978 probatio
957 934 1035 965 tua.
1091 929 1153 966 Ne
1187 941 1323 977 parum
1358 929 1532 977 locuples

201 995 333 1031 esset?
390 995 442 1031 At
471 1001 551 1032 erat
579 1001 617 1032 et
646 1000 748 1032 esset
774 993 954 1044 amplius,
986 993 1016 1031 si
1038 995 1167 1040 velles,
1192 995 1342 1043 populo
1370 1001 1530 1031 cautum

200 1059 411 1108 praedibus
447 1066 484 1097 et
523 1059 702 1109 praediis.
764 1058 844 1097 Hic
882 1066 921 1097 te
959 1059 989 1098 si
1026 1072 1086 1097 res
1120 1059 1214 1108 ipsa,
1253 1059 1282 1097 si
1318 1059 1530 1109 indignitas

198 1123 363 1162 iniuriae
402 1131 491 1162 tuae
531 1138 611 1162 non
650 1125 939 1172 commovebat,
979 1124 1011 1162 si
1059 1124 1197 1175 pupilli
1246 1123 1457 1171 calamitas,
1498 1124 1530 1163 si

199 1189 514 1239 propinquorum
537 1189 730 1237 lacrimae,
754 1189 785 1227 si
808 1191 856 1227 D.
882 1189 1003 1236 Bruti,
1026 1189 1137 1228 cuius
1154 1189 1315 1239 praedia
1331 1190 1527 1237 suberant,

198 1254 426 1304 periculum,
446 1254 477 1291 si
501 1256 555 1292 M.
578 1254 753 1292 Marcelli
775 1254 913 1292 tutoris
930 1254 1141 1293 auctoritas
1160 1256 1267 1304 apud
1289 1262 1326 1293 te
1342 1255 1529 1305 ponderis

198 1319 293 1356 nihil
324 1320 508 1366 habebat,
538 1333 588 1358 ne
611 1319 707 1357 illud
736 1319 899 1368 quidem
928 1319 1282 1366 animadvertebas,
1309 1319 1392 1358 eius
1420 1320 1528 1359 modi

196 1385 277 1423 fore
312 1385 389 1423 hoc
426 1392 634 1434 peccatum
675 1392 786 1422 tuum
819 1386 929 1434 quod
959 1392 999 1422 tu
1031 1399 1161 1435 neque
1201 1399 1342 1435 negare
1377 1398 1526 1435 posses,

195 1450 288 1488 —in
311 1451 462 1489 tabulas
485 1450 590 1489 enim
612 1452 738 1500 legem
760 1450 1142 1501 rettulisti,—neque
1173 1465 1263 1489 cum
1295 1451 1527 1490 defensione

193 1515 325 1565 aliqua
356 1515 563 1553 confiteri?
621 1515 831 1553 Addicitur
871 1529 971 1565 opus
1006 1517 1076 1554 HS
1110 1528 1193 1554 DLX
1228 1516 1397 1562 milibus,
1436 1530 1526 1555 curn

194 1588 341 1620 tutores
382 1582 453 1619 HS
492 1592 609 1619 00133
649 1592 766 1619 00133
806 1593 922 1619 00133
962 1593 1079 1619 00133
1119 1581 1158 1620 id
1197 1594 1296 1631 opus
1335 1582 1386 1620 ad
1426 1581 1526 1620 illius

193 1645 428 1696 iniquissimi
454 1645 627 1684 hominis
653 1645 854 1684 arbitrium
887 1660 928 1684 se
955 1647 1162 1684 effecturos
1189 1659 1274 1684 esse
1299 1648 1522 1686 clamarent.

195 1711 354 1750 Etenim
387 1711 483 1761 quid
517 1718 598 1749 erat
633 1710 791 1760 operis?
849 1712 898 1750 Id
929 1713 1038 1761 quod
1071 1726 1140 1751 vos
1175 1711 1352 1760 vidistis:
1387 1726 1525 1751 omnes

194 1776 282 1815 illae
318 1777 537 1821 columnae,
573 1789 670 1825 quas
704 1777 906 1815 dealbatas
939 1776 1090 1823 videtis,
1126 1777 1309 1815 machina
1346 1778 1527 1827 adposita

238 1892 257 1911 2
281 1882 371 1912 sinas
387 1882 423 1911 ὸδ
534 1883 639 1922 ipsam
660 1883 766 1923 legem
781 1884 817 1913 bb*
938 1895 954 1922 4
984 1884 1013 1914 R
1033 1885 1081 1919 (-
1105 1884 1239 1924 Recita)
1263 1883 1311 1913 V:
1335 1894 1401 1914 om.
1419 1889 1442 1923 s>
1459 1884 1523 1914 rell.

197 1924 233 1964 (i,
256 1928 271 1962 ξ
290 1926 364 1959 106)
485 1925 554 1956 Lex
572 1928 665 1966 operi
691 1927 737 1958 V:
762 1938 805 1958 ex
823 1937 926 1966 opere
942 1934 984 1964 pr
999 1928 1062 1958 rell.
1169 1937 1187 1966 5
1213 1927 1359 1958 urbanus
1381 1927 1429 1957 V:
1452 1927 1524 1957 urb.

189 1973 254 2008 pr:
278 1969 369 1999 urbis
387 1969 423 1997 ὸδ
441 1969 476 2008 (i,
499 1974 514 2008 ς
538 1980 616 2009 127;
651 1975 665 2008 ξ
682 1971 725 2004 iii.
745 1979 818 2011 123>
890 1974 910 2001 6
935 1971 1024 2009 Quid
1041 1976 1096 2001 cni
1115 1972 1224 2001 uedeo
1243 1971 1337 2010 (corr.
1357 1970 1471 2000 uideo*¹
1492 1971 1525 1999 in

197 2013 347 2053 multisp
365 2012 431 2043 rell.
450 2012 486 2050 (i,
501 2015 516 2049 ξ
533 2011 607 2051 157)
628 2022 634 2041 :
662 2011 752 2050 Quid
769 2011 824 2042 eni
842 2013 954 2043 multis
971 2012 1019 2043 V:
1055 2013 1134 2052 quid
1154 2020 1204 2044 est
1222 2015 1255 2045 in
1275 2016 1386 2046 multis
1403 2015 1523 2055 Halm,

198 2057 297 2095 May:
325 2056 424 2094 Quod
442 2066 519 2086 esse
537 2056 635 2085 video
651 2056 683 2085 in
704 2055 818 2086 multis
837 2080 844 2087 .
864 2080 871 2086 .
893 2080 899 2085 .
917 2057 988 2086 vult
1000 2055 1111 2088 Muell.
1263 2069 1279 2097 7
1306 2059 1367 2090 Cn.
1389 2060 1468 2090 Met.
1486 2061 1521 2091 L.

199 2100 293 2130 Cass.
315 2100 375 2129 Cn.
397 2099 492 2130 Serv.
514 2109 672 2130 censores
689 2099 800 2129 addid.
820 2099 937 2130 mediis
953 2101 1120 2140 omissisp
1213 2111 1252 2132 10
1279 2103 1307 2132 R
1329 2111 1375 2135 [ε
1388 2103 1523 2142 Recita)

203 2143 252 2173 V:
277 2154 342 2173 om.
360 2148 383 2183 p
401 2143 464 2174 rell.
486 2147 523 2173 ut
540 2148 642 2183 supra
779 2152 813 2172 11
843 2143 1022 2183 Perpenna
1038 2145 1101 2184 qu
1189 2146 1327 2177 admitto
1336 2139 1364 2186 *p
1487 2158 1524 2186 14

200 2187 327 2225 pupillo
347 2187 377 2216 V
510 2188 548 2217 16
573 2187 600 2217 si
616 2190 705 2224 tante
722 2187 894 2226 propinq.)
915 2191 945 2217 el
959 2188 993 2217 in
1013 2198 1078 2227 sqq.
1101 2188 1148 2218 V:
1174 2199 1238 2220 om.
1254 2194 1278 2228 p
1295 2189 1357 2220 rell.
1488 2201 1523 2230 17

201 2231 362 2261 suberant
383 2230 451 2271 Vqr
465 2231 540 2262 Asc.
558 2243 563 2262 :
583 2230 793 2271 subierantp
947 2242 989 2261 20
1014 2236 1047 2261 tu
1065 2242 1130 2262 om.
1144 2231 1200 2271 pq¹
1351 2243 1387 2263 21
1416 2234 1523 2274 legem

200 2285 264 2305 om.
285 2275 320 2304 ὸδ
410 2285 521 2314 neque
538 2284 611 2305 cum
633 2274 680 2305 V:
707 2284 768 2305 nec
786 2284 860 2304 cum
873 2275 934 2315 prb
1023 2285 1064 2305 22
1089 2286 1173 2315 opus
1196 2276 1246 2305 V:
1270 2276 1302 2306 id
1320 2282 1441 2317 opusp
1458 2279 1523 2309 rc7l.

200 2328 272 2348 cum
291 2323 417 2349 totores
436 2318 480 2349 H.
502 2318 536 2350 S.
557 2328 648 2348 Lxxx
666 2318 798 2348 milibus
815 2319 848 2348 id
867 2329 951 2358 opus
963 2324 989 2359 p
1004 2318 1081 2358 rell„
1098 2319 1168 2350 cdd.
1189 2320 1315 2359 (contra
1334 2319 1384 2362 V)
1483 2333 1525 2360 24

199 2362 276 2401 iniq.
297 2362 443 2392 hominis
464 2361 510 2393 V:
535 2362 623 2393 hom.
645 2362 724 2401 iniq.
739 2367 764 2402 p
781 2361 844 2393 rell.

1555 426 1572 457 5

1556 748 1596 770 10

1553 1076 1589 1108 15

1551 1402 1590 1423 20
