1715 2734
160 81 427 122 ACTIONIS
458 81 518 119 IN
549 81 593 119 C.
616 79 857 117 VERREM
887 78 1186 118 SECVNDAE
1217 79 1320 115 LIB.
1345 79 1386 115 II
1426 79 1480 114 62
1503 90 1560 123 152

159 206 278 242 quem
307 194 414 230 voles
443 205 578 230 eorum
608 190 766 229 testium
794 204 892 239 quos
922 190 1153 239 produxero,
1183 188 1250 238 qui
1280 202 1327 226 ex
1351 188 1481 226 Sicilia

158 265 276 295 testes
303 265 404 302 sunt,
427 255 506 294 sive
531 263 707 305 togatum
737 254 817 293 sive
845 254 1030 301 Siculum,
1057 261 1204 303 rogatO,
1228 261 1266 290 et
1294 266 1384 290 eum
1414 252 1481 302 qui

158 321 229 359 tibi
260 320 549 358 inimicissimus
581 333 666 358 esse
695 319 900 365 videbitur,
932 318 999 368 qui
1033 331 1074 356 se
1104 317 1314 367 spoliatum
1343 317 1414 355 abs
1444 324 1482 354 te

159 398 244 424 esse
267 385 382 432 dicet,
405 384 548 434 ecquid
575 397 647 422 suo
676 383 837 422 nomine
864 383 903 421 in
928 391 1035 421 tuam
1060 390 1228 420 statuam
1250 381 1483 427 contulerit;

121 449 357 497 5neminem
396 449 562 499 reperies
606 448 673 498 qui
712 456 852 498 neget3
897 447 1042 486 etenim
1087 460 1226 485 omnes
1274 446 1479 484 dederunt.

159 515 411 563 Quemquam
452 513 565 564 igitur
602 520 716 562 putas
755 512 1024 561 dubitaturum
1060 511 1156 561 quin
1191 511 1221 549 is
1256 524 1375 560 quem
1411 510 1480 548 tibi
1506 522 1564 555 ¹53

157 578 470 617 inimicissimum
495 592 579 617 esse
600 588 789 629 oporteat,
812 579 879 629 qui
899 580 970 617 abs
994 586 1032 617 te
1052 577 1297 628 gravissimas
1323 576 1481 615 iniurias

156 644 360 693 acceperit,
378 644 585 694 pecuniam
608 653 757 683 statuae
773 644 934 682 nomine
953 643 1106 682 dederit
1122 642 1158 681 vi
1178 651 1296 692 atque
1317 641 1481 692 imperio

156 710 361 755 adductus,
394 722 475 747 non
499 709 628 748 officio
653 723 698 748 ac
725 711 955 747 voluntate?
1012 708 1144 746 Huius
1174 721 1246 758 ego
1276 706 1479 757 pecuniae,

100 791 139 812 10
157 773 318 821 iudices,
345 787 445 823 quae
479 787 691 824 permagna
721 783 779 813 est
809 773 1230 824 impudentissimeque
1264 781 1402 811 coacta
1430 772 1481 810 ab

156 838 297 886 invitis,
332 852 413 877 non
447 839 567 878 habui
601 839 791 878 rationem
826 853 957 889 neque
996 840 1140 878 habere
1179 838 1481 889 potui‚—quan-

156 911 239 941 tum
259 904 308 942 ab
324 904 551 951 aratoribus,
570 913 761 954 quantum
782 905 832 943 ab
853 903 1161 954 negotiatoribus
1182 903 1249 953 qui
1270 902 1480 952 Syracusis,

156 968 223 1018 qui
244 968 456 1019 Agrigenti,
486 969 553 1019 qui
576 969 798 1016 Panhormi,
823 969 889 1020 qui
912 969 1087 1019 Lilybaei
1109 968 1358 1018 negotiantur
1379 976 1481 1006 esset

155 1042 337 1072 coactum
355 1050 361 1072 :
389 1048 474 1072 earn
497 1036 573 1072 iam
594 1034 816 1085 intellegitis
837 1034 958 1085 ipsius
979 1047 1140 1084 quoque
1160 1032 1410 1072 confessione
1429 1034 1480 1071 ab

98 1113 134 1145 15
156 1098 395 1137 invitissimis
415 1107 592 1138 coactam
613 1113 710 1139 esse.

1500 1135 1554 1181 63

208 1164 338 1202 Venio
375 1178 482 1202 nunc
519 1166 570 1203 ad
608 1165 784 1203 civitates
823 1164 988 1212 Siciliae,
1029 1165 1079 1203 de
1113 1163 1258 1214 quibus
1296 1162 1481 1201 facillime
1504 1204 1562 1234 154

154 1228 344 1267 iudicium
383 1229 465 1267 fieri
502 1229 714 1268 voluntatis
753 1236 893 1279 potest.
952 1231 1017 1267 An
1054 1228 1173 1267 etiam
1213 1227 1332 1266 Siculi
1371 1227 1480 1265 inviti

154 1295 434 1332 contulerunt?
490 1295 584 1331 Non
610 1302 669 1333 est
693 1294 908 1344 probabile.
969 1293 1127 1332 Etenim
1159 1292 1213 1331 sic
1242 1293 1286 1331 C.
1316 1294 1478 1330 Verrem

155 1366 375 1409 praeturam
404 1358 445 1396 in
471 1358 600 1397 Sicilia
627 1358 792 1409 gessisse
812 1366 965 1397 constat
990 1366 1043 1404 ut,
1073 1371 1163 1396 cum
1189 1357 1363 1407 utrisque
1389 1357 1481 1395 satis

97 1442 137 1464 20
155 1426 282 1463 facere
302 1439 382 1463 non
402 1433 545 1475 posset,
568 1432 607 1463 et
626 1424 765 1463 Siculis
786 1432 824 1464 et
844 1424 995 1474 togatis,
1019 1424 1120 1462 offici
1141 1423 1271 1473 potius
1291 1422 1330 1460 in
1352 1422 1480 1460 socios

155 1503 274 1540 quam
307 1490 534 1528 ambitionis
568 1490 607 1528 in
642 1490 735 1528 civis
768 1490 958 1529 rationem
994 1489 1157 1528 duxerit.
1217 1490 1358 1538 Itaque
1389 1501 1480 1526 eum

154 1569 235 1594 non
273 1558 400 1594 solum
440 1568 668 1594 PATRONVM
708 1555 810 1594 illius
851 1555 1012 1602 insulae,
1049 1556 1119 1593 sed
1159 1551 1277 1592 etiam
1313 1555 1481 1591 SOTERA

153 1620 383 1670 inscriptum
404 1620 482 1659 vidi
503 1620 711 1670 Syracusis.
758 1622 851 1659 Hoc
872 1627 1062 1670 quantum
1083 1621 1170 1658 est?
1214 1621 1274 1657 Ita
1294 1628 1498 1668 magnum*

155 1694 196 1724 ut
231 1685 370 1724 Latine
397 1699 476 1724 uno
502 1687 623 1724 verbo
647 1685 809 1735 exprimi
839 1698 919 1723 non
947 1684 1080 1734 possit.
1141 1685 1180 1722 Is
1210 1691 1268 1721 est
1296 1682 1480 1720 nimirum

97 1766 135 1798 25
155 1762 285 1789 SOTER
315 1750 382 1800 qui
406 1752 572 1789 salutem
605 1750 725 1789 dedit.
786 1750 918 1788 Huius
947 1749 1109 1787 nomine
1138 1748 1254 1787 etiam
1283 1748 1366 1786 dies
1394 1747 1480 1786 festi

154 1815 357 1865 agitantur,
399 1816 561 1865 pulchra
598 1815 663 1853 illa
700 1815 845 1861 Verria,
886 1828 967 1852 non
1006 1813 1117 1864 quasi
1156 1812 1370 1859 Marcellia,
1411 1813 1481 1850 sed

154 1894 225 1930 pro
265 1880 487 1928 Marcelliis,
528 1894 629 1930 quae
667 1880 721 1918 illi
760 1880 870 1918 istius
910 1880 1017 1918 iussu
1057 1881 1322 1925 sustulerunt3
1365 1878 1480 1916 huius

155 1945 279 1984 fornix
306 1946 345 1983 in
372 1947 456 1984 foro
483 1945 680 1996 Syracusis
710 1953 779 1993 est,
808 1945 848 1983 in
877 1959 958 1996 quo
987 1946 1117 1983 nudus
1147 1944 1249 1982 filius
1280 1951 1365 1991 stat,
1397 1943 1480 1992 ipse

202 2059 213 2079 1
241 2061 283 2080 ex
301 2050 371 2081 cO:
396 2060 414 2080 e
436 2050 482 2080 V:
507 2051 539 2080 in
556 2050 614 2090 ph&
759 2060 778 2080 2
803 2054 882 2080 sunt
903 2048 984 2080 VO:
1009 2049 1111 2089 sintp
1128 2049 1190 2079 rell.
1303 2052 1449 2086 togatum
1468 2059 1483 2077 c

155 2093 220 2125 cod.
250 2094 361 2125 Cm'ac.
387 2098 555 2135 (rogatum
583 2094 667 2133 O¹):
699 2094 803 2124 civem
831 2094 1021 2124 Romanum
1051 2093 1098 2132 Vs>
1123 2092 1187 2123 rell.
1321 2101 1340 2129 3
1364 2092 1425 2121 abs
1446 2096 1480 2121 te

157 2148 221 2168 om.
245 2136 276 2166 V
415 2148 433 2175 4
459 2147 534 2168 esse
552 2148 617 2168 om.
633 2137 697 2177 qu
838 2147 855 2176 7
881 2137 1018 2166 iniurias
1035 2137 1138 2175 suppl.
1158 2135 1209 2165 s.l.
1222 2138 1299 2174 post
1313 2134 1480 2173 acceperit

150 2180 197 2220 p2.
218 2181 306 2211 etita
325 2192 346 2220 q
491 2192 512 2219 9
540 2181 650 2211 Huius
669 2180 783 2220 scripsi
800 2180 968 2210 Vseculus
983 2183 1012 2210 et
1028 2179 1146 2209 Lamb.
1163 2179 1196 2208 in
1216 2189 1282 2218 mg.
1301 2189 1307 2207 ε
1333 2182 1366 2207 et
1383 2178 1480 2207 huius

157 2223 221 2254 rell.
241 2224 310 2254 edd.
438 2234 474 2262 14
499 2234 572 2254 eam
592 2225 656 2254 iam
673 2224 805 2263 scripsi:
831 2224 988 2262 quoniam
1008 2223 1095 2253 codd.
1109 2226 1239 2263 praeter
1254 2221 1283 2251 O
1307 2222 1357 2260 (ut
1375 2221 1453 2253 iam)
1474 2232 1480 2250 :

155 2277 253 2305 quam
268 2268 330 2297 iam
346 2266 474 2297 Sclzoell
574 2277 611 2306 15
636 2273 785 2298 coactum
801 2265 831 2297 Ο
880 2267 982 2304 Forte,
1002 2271 1160 2305 quantum
1179 2290 1185 2296 .
1203 2289 1227 2295 ..
1248 2269 1299 2294 est
1316 2269 1477 2303 coactum,

156 2316 283 2340 tantum
298 2312 362 2341 iam
375 2311 479 2341 intell.
493 2335 500 2342 .
517 2335 524 2341 .
540 2334 546 2341 .
565 2316 716 2341 coactum
733 2320 808 2341 esse
827 2309 888 2347 (Cl.
903 2310 980 2341 Rev.
996 2310 1089 2345 xviii,
1102 2314 1135 2349 p.
1157 2316 1213 2345 25)
1337 2317 1373 2345 17
1399 2308 1479 2337 iudi-

156 2354 242 2384 cium
261 2355 332 2384 fieri
355 2354 401 2393 Vp
418 2355 480 2385 rell.
496 2359 626 2394 praeter
644 2353 674 2383 Ο
694 2354 779 2393 (fieri
798 2354 879 2389 iud.)
969 2363 1011 2383 22
1036 2353 1124 2383 illius
1141 2351 1212 2382 V01
1232 2363 1238 2381 ι
1263 2351 1395 2391 istiusp
1413 2351 1477 2380 rell.
