1715 2734
193 76 460 116 ACTIONIS
491 77 551 115 IN
582 77 628 116 C.
650 78 891 114 VERREM
922 72 1220 114 SECVNDAE
1254 74 1358 111 LIB.
1380 74 1417 110 V
1471 82 1522 120 32
1540 80 1583 120 84

192 187 232 226 in
255 190 389 227 Insula
409 196 467 228 est
487 187 771 239 Syracusanum
792 189 992 229 neminem
1013 188 1159 236 voluit3
1189 187 1318 234 hodie,
1343 187 1518 238 inquam,

192 255 478 302 Syracusanum
499 253 538 291 in
559 268 604 292 ea
624 262 731 304 parte
752 254 927 293 habitare
948 267 1028 292 non
1048 253 1138 291 licet
1154 267 1163 299 3
1193 261 1250 290 est
1278 252 1384 290 enim
1411 254 1521 291 locus

192 332 309 368 quem
332 321 391 357 vel
412 319 526 368 pauci
548 327 708 370 possent
729 320 951 358 defendere.
1011 317 1269 358 Committere
1290 316 1403 367 igitur
1430 330 1521 355 eum

192 397 272 421 non
304 383 538 422 fidelissimis
560 384 786 423 hominibus
807 383 944 431 noluit,
973 382 1089 421 simul
1110 383 1218 432 quod
1239 382 1289 420 ab
1324 381 1389 419 illa
1413 388 1521 431 parte

155 463 171 491 5
192 448 296 486 urbis
328 448 491 487 navibus
518 449 646 488 aditus
677 463 722 488 ex
749 451 829 488 alto
849 456 906 487 est
925 464 935 496 3
963 461 1081 498 quam
1103 448 1156 486 ob
1177 460 1256 485 rem
1279 446 1345 496 qui
1366 453 1520 484 nostros

190 513 380 551 exercitus
415 527 530 564 saepe
565 516 819 561 excluserant,
851 513 896 552 iis
931 515 1098 551 claustra
1129 511 1204 550 loci
1235 511 1522 550 committenda

190 591 270 615 non
305 577 546 616 existimavit.
606 579 708 618 Vide
744 579 839 629 quid
869 578 1018 617 intersit
1053 577 1152 616 inter
1179 585 1286 615 tuam
1314 576 1519 615 libidinem
1541 580 1581 618 85

191 641 461 692 maiorumque
490 643 773 690 auctoritatem,
804 643 903 682 inter
929 656 1103 681 amorem
1131 644 1380 692 furoremque
1408 649 1519 680 tuum

190 714 228 744 et
259 706 413 745 illorum
441 708 648 746 consilium
679 716 796 758 atque
822 708 1082 759 prudentiam.
1145 706 1206 744 Illi
1226 706 1376 745 aditum
1398 706 1520 745 litoris

134 787 171 807 10
190 772 438 820 Syracusanis
458 774 699 819 ademerunt,
719 781 760 811 tu
781 773 987 824 imperium
1010 772 1247 810 maritimum
1265 772 1493 811 concessisti
1511 787 1520 821 ;

190 835 243 873 illi
277 836 452 875 habitare
486 837 525 875 in
561 851 607 876 eo
638 840 726 876 loco
754 840 1051 888 Syracusanum,
1076 851 1154 887 qua
1184 850 1301 875 naves
1331 838 1520 876 accedere

189 909 359 949 possent,
383 903 602 949 noluerunt,
631 910 671 940 tu
700 903 811 941 classi
843 910 880 941 et
908 903 1072 941 navibus
1101 904 1385 951 Syracusanum
1414 916 1520 952 prae-

189 978 273 1003 esse
304 966 459 1004 voluisti
475 982 485 1014 ,-
513 967 655 1016 quibus
687 967 740 1005 illi
772 967 876 1006 urbis
908 981 1000 1006 suae
1031 974 1180 1017 partem
1208 968 1452 1015 ademerunt,
1473 967 1518 1006 iis

189 1037 230 1067 tu
256 1031 375 1069 nostri
404 1031 541 1082 imperi
566 1040 714 1082 partem
747 1032 899 1078 dedisti,
924 1040 961 1070 et
987 1045 1154 1081 quorum
1182 1031 1378 1069 sociorum
1399 1045 1518 1082 opera

132 1114 168 1145 15
190 1096 420 1144 Syracusani
440 1096 554 1135 nobis
576 1097 682 1135 dicto
702 1096 906 1135 audientes
923 1104 1023 1144 sunt,
1048 1109 1115 1134 eos
1136 1097 1379 1145 Syracusano
1409 1098 1517 1136 dicto

187 1161 383 1199 audientis
405 1175 489 1200 esse
511 1161 666 1200 iussisti.

243 1226 450 1275 Egreditur
469 1226 509 1263 in
531 1226 787 1276 Centuripina
814 1226 1050 1277 quadriremi
1072 1227 1307 1265 Cleomenes
1332 1239 1353 1264 e
1378 1234 1492 1276 portu
1508 1242 1517 1275 3
1537 1213 1587 1294 ἐξ

188 1291 363 1340 sequitur
394 1293 606 1341 Segestana
636 1291 755 1339 navis,
790 1291 1067 1341 Tyndaritana,
1102 1290 1362 1337 Herbitensis,
1395 1293 1518 1330 Hera-

188 1356 356 1403 cliensis,
405 1356 709 1406 Apolloniensis,
762 1356 992 1403 Haluntina,
1042 1357 1239 1406 praeclara
1296 1356 1429 1394 classis
1477 1356 1516 1394 in

130 1437 169 1458 20
189 1421 371 1471 speciem,
413 1423 482 1460 sed
517 1421 630 1472 inops
669 1429 706 1460 et
745 1421 898 1459 infirma
936 1428 1093 1471 propter
1131 1420 1402 1459 dimissionem
1434 1435 1517 1471 pro-

188 1494 449 1536 pugnatorum
496 1494 614 1536 atque
652 1486 852 1536 remigum.
926 1487 1027 1523 Tam
1062 1485 1207 1524 diuin
1246 1485 1410 1535 imperio
1445 1499 1517 1523 suo

188 1553 351 1588 classem
373 1550 444 1589 iste
465 1559 618 1600 praetor
634 1551 798 1600 diligens
819 1550 915 1589 vidit
937 1564 1055 1600 quam
1086 1550 1154 1589 diu
1184 1550 1407 1589 convivium
1434 1550 1516 1589 eius

188 1615 532 1665 flagitiosissimum
566 1623 830 1665 praetervecta
869 1623 953 1663 est3
1002 1615 1084 1664 ipse
1123 1622 1267 1661 autem,
1308 1615 1374 1664 qui
1413 1614 1516 1653 visus

189 1680 319 1718 multis
357 1680 497 1718 diebus
536 1694 616 1719 non
655 1688 767 1727 esset,
809 1688 892 1718 tum
932 1694 973 1719 se
1008 1688 1139 1718 tamen
1174 1680 1212 1717 in
1259 1688 1515 1730 conspectum

130 1758 168 1788 25
188 1744 316 1782 nautis
351 1745 546 1794 paulisper
573 1746 691 1783 dedit.
752 1745 865 1784 Stetit
898 1746 1068 1783 soleatus
1093 1752 1246 1794 praetor
1275 1745 1411 1795 populi
1440 1747 1517 1785 Ro-

189 1809 293 1847 mani
322 1822 412 1847 cum
432 1810 550 1858 pallio
572 1824 765 1860 purpureo
787 1810 998 1860 tunicaque
1020 1809 1128 1848 talari
1149 1809 1376 1848 muliercula
1404 1810 1516 1849 nixus

188 1874 227 1912 in
262 1874 382 1912 litore.
444 1875 528 1912 Iam
560 1876 635 1913 hoc
666 1875 781 1913 istum
813 1875 954 1913 vestitu
985 1875 1103 1914 Siculi
1132 1874 1314 1924 civesque
1344 1876 1515 1914 Romani

187 1940 368 1990 permulti
408 1954 524 1989 saepe
567 1940 754 1978 viderant.
826 1943 1087 1990 Posteaquam
1128 1941 1286 1990 paulum
1331 1947 1515 1989 provecta
1535 1950 1575 1990 87

187 2005 320 2043 classis
341 2013 397 2043 est
418 2013 455 2043 et
478 2007 705 2055 Pachynum
727 2005 865 2056 quinto
886 2005 949 2044 die
974 2005 1146 2055 denique
1176 2006 1350 2054 adpulsa,
1373 2012 1513 2044 nautae

128 2086 169 2113 30
187 2070 312 2108 coacti
343 2071 444 2108 fame
474 2070 622 2108 radices
652 2072 867 2120 palmarum
906 2070 1126 2119 agrestium,
1160 2083 1323 2119 quarum
1360 2077 1439 2107 erat
1473 2069 1512 2108 in

235 2183 247 2201 1
276 2173 306 2201 in
328 2173 435 2202 insula
456 2172 503 2212 Vp
521 2173 561 2203 al.
582 2184 588 2202 :
614 2174 721 2204 insula
739 2174 802 2203 RS
821 2177 851 2208 (ξ
870 2175 912 2203 80
930 2173 1047 2214 supra]
1133 2173 1381 2212 Syracusanum
1404 2173 1512 2213 Vpkfi:

190 2226 342 2245 -anorum
358 2216 452 2245 st
627 2226 646 2254 3
672 2221 810 2255 possent
832 2217 922 2247 VRS
940 2228 945 2246 ε
970 2222 1110 2256 possunt
1123 2222 1167 2256 p:
1193 2217 1323 2256 possint
1340 2216 1421 2246 Ern.
1439 2216 1508 2247 edd.

191 2259 223 2297 (ξ
254 2269 313 2297 139
337 2258 438 2298 infra*
577 2270 616 2298 19
642 2260 673 2289 in
699 2260 846 2299 speciem
871 2261 929 2290 ὧδε
965 2260 997 2289 in
1023 2261 1136 2299 specie
1163 2259 1301 2298 RSDp:
1328 2259 1441 2298 specie
1465 2261 1508 2291 al.

191 2301 294 2339 (fort.
312 2303 353 2331 ad
371 2304 517 2340 speciem
535 2313 542 2339 ;
569 2302 588 2339 i,
610 2303 624 2337 ξ
644 2302 699 2339 58)
861 2311 900 2340 27
926 2303 989 2333 hoc
1009 2303 1081 2341 ipso
1094 2304 1137 2343 ῥδ
1291 2304 1333 2332 28
1357 2303 1511 2333 viderant

189 2343 346 2382 Benedici,
364 2345 432 2376 edd.
453 2356 525 2377 rece.
541 2357 548 2376 :
573 2347 727 2376 viderunt
745 2345 833 2377 codd.
855 2346 1036 2385 (Zielinski,
1050 2351 1105 2386 pp.
1130 2345 1248 2385 197—8)
1363 2388 1422 2418 07*
