1715 2734
116 77 172 124 64
195 82 253 123 165
567 78 624 114 M.
655 77 824 114 TVLLI
855 76 1163 116 CICERONIS

118 171 174 218 64
249 189 352 228 Cum
379 189 476 226 haec
500 188 634 226 omnia
665 201 766 238 quae
792 187 981 238 polliceor
1006 189 1204 226 cumulate
1235 187 1309 226 tuis
1337 188 1522 238 proximis

111 231 170 270 165

111 1299 171 1330 166

192 254 310 303 plana
341 255 480 301 secero,
516 261 598 291 tum
639 253 738 291 istuc
773 253 900 303 ipsum
935 253 1081 291 tenebo
1112 253 1221 302 quod
1252 253 1324 291 abs
1354 261 1392 292 te
1426 253 1522 291 mihi

192 319 333 365 datus:
372 332 420 357 eo
453 326 685 357 contentum
720 331 806 357 esse
833 332 896 356 me
926 318 1066 356 dicam.
1127 317 1237 366 Quid
1263 317 1368 356 enirn
1398 331 1523 368 nuper

192 390 234 421 tu
256 383 348 433 ipse,
370 396 458 422 cum
488 383 623 434 populi
650 383 821 422 Romani
851 385 1022 422 clamore
1050 391 1169 434 atque
1198 382 1349 433 impetu
1378 391 1522 433 pertur-

193 449 307 486 batus
339 448 536 494 exsiluisti,
572 448 679 498 quid,
714 448 889 497 inquam,
919 449 1098 486 elocutus
1125 449 1196 486 es?
1253 449 1382 495 Illum,
1413 449 1522 497 quod
1542 459 1559 491 5

192 527 342 551 moram
375 513 568 563 supplicio
601 520 814 562 quaereret,
838 512 929 551 ideo
961 512 1181 550 clamitasse
1209 526 1249 550 se
1279 526 1364 550 esse
1396 512 1520 550 civem

194 580 432 625 Romanum,
465 579 535 616 sed
565 579 850 628 speculatorem
882 576 1011 615 fuisse.
1074 578 1157 614 Iam
1189 576 1265 615 mei
1296 584 1413 615 testes
1443 577 1521 615 veri

192 651 292 681 sunt.
354 644 461 692 Quid
484 643 588 681 enim
610 643 705 681 dicit
725 642 832 681 aliud
855 643 901 682 C.
925 642 1183 690 Numitorius,
1205 642 1300 692 quid
1330 644 1385 680 M.
1415 650 1452 680 et
1478 644 1518 679 P.

193 708 329 754 Cottii,
360 707 594 746 nobilissimi
629 707 811 746 homines
847 721 893 745 ex
927 720 1020 757 agro
1050 707 1397 754 Tauromenitano,
1425 707 1521 756 quid

193 774 241 821 Q.
280 773 484 819 Lucceius,
521 774 587 822 qui
619 772 876 822 argentariam
913 771 1012 822 Regi
1045 771 1254 809 maximam
1290 771 1390 818 fecit,
1425 771 1522 821 quid

192 838 339 876 ceteri?
394 839 540 876 Adhuc
565 837 670 876 enim
703 845 820 875 testes
848 852 894 876 ex
923 850 971 875 eo
1000 850 1142 886 genere
1168 850 1190 874 a
1216 850 1277 874 me
1308 845 1397 874 sunt
1427 837 1519 883 dati,

193 917 272 941 non
301 903 367 953 qui
403 903 558 941 novisse
593 903 773 950 Gavium,
797 905 866 941 sed
897 916 938 941 se
972 902 1115 941 vidisse
1143 902 1328 949 dicerent,
1358 916 1448 940 curn
1477 902 1520 949 is,

192 968 259 1018 qui
281 982 322 1007 se
348 968 474 1007 civem
498 970 725 1007 Romanum
753 982 838 1006 esse
863 970 1060 1014 clamaret,
1084 967 1123 1005 in
1151 981 1306 1005 crucem
1331 976 1518 1017 ageretur.

194 1035 287 1072 Hoc
314 1040 366 1080 tu,
396 1035 551 1081 Verres,
573 1033 678 1071 idem
709 1033 817 1079 dicis,
843 1034 918 1071 hoc
949 1040 991 1070 tu
1021 1031 1230 1078 confiteris,
1254 1031 1363 1069 illum
1392 1031 1522 1070 clami-

192 1105 294 1136 tasse
314 1112 355 1136 se
375 1097 502 1136 civem
530 1112 615 1136 esse
647 1100 874 1136 Romanum
893 1112 902 1145 3
931 1098 1038 1148 apud
1059 1104 1097 1135 te
1118 1110 1262 1135 nomen
1285 1096 1451 1134 civitatis
1472 1110 1522 1135 ne
1566 1112 1581 1142 g

191 1170 344 1201 tantum
372 1163 533 1213 quidem
562 1162 728 1201 valuisse
758 1170 800 1201 ut
830 1162 1119 1201 dubitationem
1149 1162 1322 1212 aliquam
1348 1159 1519 1214 [crucis]‚

192 1237 233 1267 ut
283 1228 541 1268 crudelissimi
591 1228 880 1278 taeterrimique
928 1227 1095 1278 supplici
1142 1227 1315 1278 aliquam
1363 1240 1521 1277 parvam

192 1308 341 1333 moram
381 1296 518 1333 saltem
559 1302 691 1344 posset
724 1295 885 1332 adferre.
961 1295 1055 1332 Hoc
1093 1300 1224 1340 teneo,
1263 1293 1327 1331 hic
1366 1294 1519 1339 haereo,

191 1359 352 1406 iudices,
375 1361 451 1398 hoc
482 1373 568 1397 sum
597 1367 807 1398 contentus
835 1372 926 1406 uno,
949 1358 1090 1397 omitto
1115 1372 1161 1396 ac
1182 1360 1347 1408 neglego
1367 1366 1523 1404 ceterag

191 1438 260 1462 sua
289 1424 538 1463 confessione
578 1423 762 1462 induatur
799 1437 846 1462 ac
880 1423 1075 1473 iuguletur
1113 1436 1275 1462 necesse
1313 1431 1382 1461 est.
1442 1422 1521 1471 Qui

189 1497 291 1528 esset
313 1490 530 1539 ignorabas,
554 1491 840 1539 speculatorem
861 1502 947 1527 esse
967 1488 1218 1539 suspicabare
1236 1504 1245 1537 ;
1275 1503 1354 1527 non
1376 1502 1523 1538 quaero

190 1568 268 1605 qua
297 1555 531 1605 suspicione,
564 1562 631 1593 tua
661 1562 698 1593 te
727 1568 872 1592 accuso
903 1554 1105 1592 oratione:
1136 1554 1261 1593 civem
1295 1556 1521 1592 Romanum

189 1633 231 1658 se
258 1634 342 1658 esse
372 1620 540 1659 dicebat.
600 1619 640 1658 Si
671 1627 711 1658 tu
742 1621 848 1670 apud
880 1622 1016 1657 Persas
1046 1627 1113 1658 aut
1141 1619 1178 1657 in
1210 1628 1381 1658 extrema
1407 1619 1523 1658 India

189 1687 416 1736 deprensus,
457 1687 610 1732 Verres,
651 1687 701 1724 ad
751 1685 987 1735 supplicium
1036 1686 1234 1731 ducerere,
1276 1684 1372 1734 quid
1415 1684 1520 1722 aliud

189 1751 407 1789 clamitares
432 1750 504 1788 nisi
536 1758 573 1788 te
602 1750 728 1789 civem
760 1764 845 1788 esse
876 1752 1135 1788 Romanum?
1163 1758 1201 1788 et
1228 1749 1258 1787 si
1290 1749 1359 1787 tibi
1387 1749 1522 1798 ignoto
1545 1763 1558 1783 2

189 1817 295 1866 apud
330 1816 495 1866 ignotos,
528 1817 635 1866 apud
668 1817 865 1863 barbaros,
899 1818 1005 1865 apud
1049 1816 1230 1854 homines
1270 1815 1308 1852 in
1341 1814 1522 1853 extremis

189 1889 307 1930 atque
325 1881 470 1918 ultimis
492 1881 674 1931 gentibus
696 1881 856 1931 positos,
881 1881 1015 1919 nobile
1036 1888 1074 1919 et
1095 1881 1255 1918 inlustre
1271 1881 1378 1930 apud
1394 1879 1522 1918 omnis

190 1959 337 1983 nomen
364 1945 530 1984 civitatis
552 1954 642 1985 tuae
676 1947 895 1995 profuisset,
919 1946 994 1993 ille,
1018 1945 1195 1995 quisquis
1223 1952 1313 1991 erat,
1338 1958 1456 1995 quem
1482 1953 1522 1983 tu

191 2011 229 2049 in
264 2025 421 2050 crucem
456 2011 646 2062 rapiebas,
676 2012 743 2062 qui
773 2011 844 2049 tibi
874 2019 976 2050 esset
1006 2011 1173 2060 ignotus,
1205 2024 1295 2048 cum
1327 2009 1451 2048 civem
1483 2023 1523 2048 se

237 2125 250 2145 1
278 2115 479 2146 cumulatius
493 2120 526 2146 et
538 2115 701 2154 prolixius
717 2114 759 2145 K.
774 2114 904 2145 Busche
974 2113 1040 2144 tuis
1052 2114 1216 2153 proximis
1228 2118 1252 2154 p
1267 2113 1330 2143 rell.
1347 2123 1354 2142 ε
1380 2111 1522 2143 testibus

191 2159 363 2198 productis
380 2159 511 2196 Lamb.,
532 2158 621 2188 Nolzl
635 2159 670 2197 (i,
694 2161 708 2195 ξ
731 2168 781 2197 131
975 2168 995 2196 3
1021 2167 1098 2187 esse
1116 2168 1168 2187 me
1185 2169 1206 2186 π
1223 2169 1228 2187 :
1254 2167 1306 2186 me
1323 2166 1399 2186 esse
1418 2157 1433 2185 δ
1449 2154 1519 2187 edd.

191 2212 209 2241 5
234 2202 387 2232 elocutus
403 2202 445 2231 ule
461 2213 467 2231 ι
493 2203 624 2232 locutus
642 2203 657 2229 δ
673 2201 742 2232 edd.
879 2212 915 2240 ¹5
943 2201 1131 2231 Romanum
1152 2211 1228 2231 esse
1245 2211 1263 2239 q
1284 2199 1376 2230 Zia.
1391 2205 1425 2238 p.
1447 2199 1520 2238 198)

195 2247 232 2275 16
257 2246 364 2275 crucis
381 2246 422 2275 nk
442 2246 469 2283 (e
485 2245 706 2275 crudelissimi
724 2249 844 2278 ortum.
863 2249 899 2275 nt
915 2244 1060 2281 videtum
1086 2245 1154 2275 secl.
1174 2248 1314 2274 autom.
1329 2243 1398 2273 edd.
1411 2244 1497 2272 rrcc.l
1513 2254 1519 2274 z

191 2289 388 2318 dilationem
407 2289 549 2327 aliquam
569 2289 677 2318 crucis
699 2287 859 2318 Victorius
975 2298 1009 2326 17
1037 2294 1071 2318 nt
1089 2299 1153 2317 om.
1174 2289 1190 2316 δ
1317 2288 1353 2316 18
1379 2286 1483 2324 possit
1501 2297 1520 2315 π

192 2343 232 2371 23
257 2343 293 2362 se
310 2343 374 2362 om.
394 2333 434 2361 uk
568 2344 606 2370 24
632 2333 780 2371 depnsus
793 2337 833 2371 p:
859 2333 1046 2370 deprensus
1063 2332 1121 2370 qu
1136 2343 1140 2361 :
1167 2330 1401 2370 deprehensus
1418 2328 1503 2368 vulg.

1546 785 1584 806 10

1546 1436 1584 1459 20
