1715 2734
152 94 420 131 ACTIONIS
442 95 503 132 IN
522 94 565 132 C.
589 94 829 131 VERREM
852 94 1149 132 SECVNDAE
1172 94 1275 131 LIB.
1303 95 1367 130 III
1424 103 1474 139 53
1495 95 1594 147 (124)

150 204 312 242 scribit?
373 204 512 242 Recita
531 205 581 242 de
601 204 766 254 epistula
785 204 942 254 reliqua.
992 205 1143 242 SVMMA
1165 216 1205 241 VI
1226 215 1337 242 DATA
1358 216 1430 242 EST
1451 216 1475 240 A
1502 220 1558 249 124

152 281 212 306 ME
241 281 377 307 OPERA
406 281 457 306 VT
491 281 607 313 QVAM
638 281 824 307 PLVRIMO
850 281 1043 307 DECVMAS
1076 281 1321 306 VENDEREM.
1395 270 1476 308 Cur

152 333 275 383 igitur,
302 335 474 380 Metelle,
506 347 587 371 non
617 333 670 371 ita
699 347 842 384 magno
872 332 1113 371 vendidisti?
1171 333 1275 381 Quia
1304 335 1476 371 desertas

150 397 357 445 arationes,
386 398 512 436 inanis
549 412 672 448 agros,
709 398 949 448 provinciam
983 397 1163 435 miseram
1204 398 1476 447 perditamque

113 473 131 504 5
151 462 359 500 offendisti.
420 462 561 511 Quid?
602 462 641 500 id
673 462 801 512 ipsum
831 464 940 512 quod
970 469 1097 500 satum
1130 470 1187 500 est
1219 476 1296 511 qua
1328 462 1476 500 ratione

151 526 359 576 quisquam
389 527 456 576 qui
486 534 627 565 sereret
657 527 837 565 inventus
868 528 955 565 est?
1022 526 1172 565 Recita.
1231 526 1395 565 Litteras
1424 527 1477 564 ait

151 605 192 629 se
222 591 372 629 misisse
406 599 443 629 et
475 593 738 638 confirmasse,
771 605 881 629 suam
912 605 953 629 se
992 590 1272 641 interposuisse
1312 591 1476 629 auctori-

151 663 271 694 tatem
288 671 297 703 3
326 664 477 693 tantum
499 657 620 694 modo
639 656 856 694 aratoribus
878 657 1064 694 Metellus
1085 656 1244 694 obsides
1266 669 1346 694 non
1367 656 1477 694 dedit

151 734 193 759 se
212 720 252 758 in
273 722 380 758 nulla
401 734 440 759 re
460 720 571 759 Verri
593 721 760 759 similem
781 722 967 759 futurum.
1035 723 1087 758 At
1112 720 1208 770 quid
1234 728 1293 758 est
1315 722 1476 759 tandem

95 785 191 823 min
225 799 305 835 quo
335 799 376 824 se
408 787 628 824 elaborasse
663 786 788 824 dicit?
846 786 994 825 Recita.
1054 788 1117 823 VT
1148 797 1375 833 ARATORES,
1407 798 1476 830 QVI

152 862 320 895 RELIQVI
352 863 501 897 ERANT,
522 863 636 895 QVAM
666 863 886 889 PLVRIMVM
915 863 1144 889 SERERENT.
1204 850 1284 899 Qui
1308 850 1478 900 reliqui?

151 915 246 965 quid
285 917 361 953 hoc
400 923 457 953 est
492 915 708 965 ‘reliqui⁷?
745 930 825 966 quo
859 930 905 954 ex
935 917 1054 963 bello,
1085 929 1162 965 qua
1192 929 1238 953 ex
1271 915 1479 953 vastitate?

151 981 359 1029 Quaenam
399 981 440 1018 in
478 981 609 1019 Sicilia
654 989 761 1018 tanta
791 982 923 1019 clades
957 988 1024 1018 aut
1062 981 1171 1030 quod
1206 981 1353 1018 bellum
1398 987 1477 1017 tam

152 1045 391 1092 diuturnum,
416 1052 494 1083 tam
530 1045 801 1083 calamitosum
831 1053 869 1083 te
893 1053 1070 1095 praetore
1091 1052 1286 1083 versatum
1307 1053 1365 1083 est
1385 1053 1427 1082 ut
1448 1045 1478 1083 is

99 1126 134 1158 ¹5
153 1110 221 1160 qui
241 1110 311 1148 tibi
333 1110 561 1149 successerit
585 1110 778 1160 ‘reliquos
794 1112 802 1127 ⁷
822 1118 991 1148 aratores
1005 1110 1207 1160 collegisse
1227 1118 1265 1148 et
1286 1124 1479 1149 recreasse

152 1175 358 1214 videatur?

1499 1218 1550 1255 54

206 1241 310 1280 Cum
340 1240 451 1279 bellis
483 1240 871 1291 Carthaginiensibus
903 1240 1034 1279 Sicilia
1062 1248 1199 1278 vexata
1233 1248 1300 1287 est⁷
1324 1248 1362 1278 et
1391 1248 1480 1290 post
1504 1279 1562 1304 ης

154 1313 286 1343 nostra
304 1314 539 1356 patrumque
559 1305 747 1344 memoria
767 1319 858 1343 cum
880 1305 938 1343 bis
960 1305 998 1342 in
1020 1318 1065 1343 ea
1085 1305 1286 1354 provincia
1316 1318 1480 1354 magnae

153 1370 404 1420 fugitivorum
434 1370 571 1420 copiae
600 1378 773 1408 versatae
803 1378 904 1416 sunt,
929 1377 1060 1407 tamen
1089 1377 1285 1407 aratorum
1311 1368 1480 1407 interitio

95 1450 137 1472 20
155 1437 257 1474 facta
285 1437 391 1473 nulla
415 1443 483 1474 est.
543 1437 647 1473 Turn
672 1435 838 1473 sementi
868 1434 1065 1485 prohibita
1091 1443 1157 1472 aut
1182 1448 1309 1472 messe
1338 1434 1481 1472 amissa

154 1503 301 1539 fructus
327 1514 481 1538 annuus
502 1500 683 1538 interibat
698 1514 708 1547 3
737 1507 869 1538 tamen
897 1499 1106 1537 incolumis
1135 1513 1319 1537 numerus
1350 1513 1480 1537 mane-

153 1566 219 1604 bat
249 1565 501 1604 dominorum
529 1573 647 1614 atque
676 1572 894 1612 aratorum3
926 1573 1008 1602 tum
1035 1564 1099 1613 qui
1131 1566 1186 1602 M.
1212 1564 1386 1602 Laevino
1413 1575 1479 1601 aut

154 1633 194 1669 P.
214 1630 375 1680 Rupilio
395 1638 461 1668 aut
483 1631 549 1667 Μ’.
568 1629 729 1678 Aquilio
750 1637 945 1679 praetores
967 1629 1005 1666 in
1028 1642 1114 1666 eam
1135 1629 1374 1677 provinciam
1398 1642 1479 1666 suc-

151 1703 347 1734 cesserant
373 1703 544 1733 aratores
568 1695 738 1744 reliquos
768 1708 849 1731 non
879 1694 1126 1743 colligebant.
1187 1695 1369 1731 Tantone
1394 1696 1480 1742 plus

93 1773 132 1804 25
152 1763 292 1799 Verres
322 1774 412 1798 cum
442 1759 619 1810 Apronio
649 1759 872 1809 provinciae
903 1759 1057 1796 Siciliae
1081 1758 1312 1796 calamitatis
1341 1759 1481 1808 impor-

152 1826 247 1864 tavit
281 1839 401 1875 quam
440 1833 507 1863 aut
546 1825 774 1862 Hasdrubal
813 1838 903 1862 curn
941 1826 1164 1862 Poenorum
1195 1823 1379 1869 exercitu,
1412 1831 1479 1861 aut

151 1890 325 1929 Athenio
346 1904 436 1928 cum
451 1889 700 1939 fugitivorum
718 1888 895 1927 maximis
914 1888 1051 1938 copiis,
1068 1896 1110 1926 ut
1132 1888 1374 1937 temporibus
1391 1888 1475 1934 illis,

152 1955 267 1993 simul
305 1963 424 2005 atque
462 1954 585 1993 hostis
623 1961 826 2004 superatus
865 1961 978 2000 esset,
1018 1967 1109 2003 ager
1142 1960 1312 1990 araretur
1350 1953 1478 1990 omnis

199 2070 212 2089 1
241 2058 362 2089 Recita
380 2059 422 2089 de
447 2059 591 2098 epistula
617 2059 744 2097 reliqua
759 2059 797 2088 δ’.
821 2069 885 2089 om.
905 2059 938 2088 in
964 2058 1013 2087 lac·
1042 2057 1096 2087 Οπ
1143 2057 1172 2086 Vi
1192 2056 1261 2086 cO:
1286 2067 1349 2085 οιιι.
1365 2061 1389 2095 p
1412 2056 1476 2087 rell.

152 2113 171 2133 a
189 2113 241 2132 me
258 2113 360 2141 opera
378 2102 424 2133 cO
440 2113 445 2134 :
471 2113 574 2142 opera
593 2113 611 2132 a
629 2107 716 2141 mep
735 2101 802 2131 rell.
978 2114 995 2139 4
1023 2102 1255 2138 perditamque
1274 2099 1477 2137 provinciam

154 2147 310 2176 miseram
329 2146 358 2176 O
491 2155 510 2184 5
536 2145 707 2176 offendisti
728 2144 757 2174 O
775 2156 781 2174 z
806 2142 928 2173 offendi
942 2150 965 2184 p
985 2145 1049 2175 rell.
1191 2145 1212 2172 6
1238 2143 1357 2172 Recita
1374 2153 1439 2172 om.
1456 2147 1479 2180 p

155 2192 190 2222 in
206 2191 264 2222 lac.
356 2201 373 2229 7
399 2194 611 2228 praesentem
627 2188 845 2219 confirmasse
858 2188 922 2219 cod.
941 2187 1078 2217 Hotom.
1095 2188 1127 2221 (ξ
1146 2186 1316 2226 ῐρὸῐηῄτῑ)
1335 2198 1341 2217 1
1367 2196 1478 2216 coram

156 2235 373 2265 confirmasse
386 2233 423 2271 J.
439 2233 475 2271 J.
495 2232 667 2263 Hartman
758 2243 849 2262 suam
867 2243 902 2262 se
924 2231 971 2262 O:
999 2242 1090 2261 suam
1107 2237 1128 2270 p
1147 2231 1210 2260 rell.
1347 2231 1365 2259 8
1384 2230 1481 2260 modo

159 2278 208 2308 O:
233 2279 321 2316 quod
341 2282 365 2317 p
383 2276 444 2307 rell.
578 2287 598 2315 9
622 2276 713 2306 nulla
731 2287 796 2306 om.
819 2275 848 2305 O
936 2275 1037 2305 Verri
1051 2280 1072 2314 j>
1091 2273 1178 2305 codd.
1196 2286 1202 2303 ε
1227 2274 1342 2303 Verris
1360 2273 1478 2309 Halm,

156 2321 225 2351 edd.
346 2331 384 2350 10
408 2321 600 2350 elaborasse
620 2320 760 2349 Mueller
774 2319 812 2359 (i,
829 2321 844 2355 §
862 2319 918 2357 31)
937 2330 943 2349 :
968 2319 1136 2348 laborasse
1157 2317 1258 2349 codd,
1279 2316 1345 2346 edd.
1369 2318 1400 2353 (ξ
1423 2326 1482 2353 130

157 2364 258 2404 infra)
351 2364 432 2394 dicit
452 2362 503 2394 O:
525 2364 614 2393 dicat
626 2368 651 2402 p
668 2362 732 2393 rell.
870 2372 908 2401 13
933 2362 1028 2399 Quae
1046 2362 1132 2390 enim
1152 2360 1180 2389 O

201 2417 262 2437 CIC.
282 2417 364 2437 VER.
1357 2403 1395 2431 17
