1715 2734
139 106 193 145 45
214 113 276 134 120
578 98 636 135 M.
667 98 836 135 TVLLI
868 97 1176 136 CICERONIS

133 510 190 556 46

129 578 185 600 121

124 1593 181 1615 122

124 2056 182 2087 123

210 209 305 259 quin
335 208 511 256 audierit,
545 208 639 258 quin
671 207 778 255 sciat,
811 209 881 246 has
909 208 1151 248 Timarchidi
1182 209 1385 259 pactiones
1415 213 1541 261 sepul-

210 281 318 312 turae
347 287 438 312 cum
468 273 564 312 vivis
594 273 711 312 etiam
742 273 816 312 illis
846 288 931 312 esse
961 276 1112 312 factas?
1169 276 1262 313 Non
1293 277 1421 326 palam
1450 289 1541 314 cum

209 338 462 377 Timarchide
502 339 775 388 loquebantur,
813 352 894 377 non
933 352 1072 377 omnes
1111 339 1290 378 omniurn
1330 339 1541 390 propinqui

208 400 510 447 adhibebantur,
543 414 622 438 non
654 402 783 450 palam
813 400 990 439 vivorum
1021 402 1157 440 funera
1186 402 1447 441 locabantur?

265 466 422 514 Quibus
452 465 637 504 omnibus
667 466 783 504 rebus
817 466 914 504 actis
945 474 1064 516 atque
1094 467 1236 505 decisis
1271 469 1542 517 producuntur
1561 484 1578 515 5

210 544 231 569 e
259 544 423 578 carcere,
447 531 676 581 deligantur.
737 531 838 580 Quis
868 539 948 570 tam
978 531 1049 570 fuit
1080 532 1146 570 illo
1176 540 1353 582 tempore
1383 534 1542 581 ferreus,

209 597 296 646 quis
332 604 411 634 tam
451 596 690 635 inhumanus
729 605 882 646 praeter
915 611 1039 635 unum
1078 604 1127 644 te,
1165 597 1231 647 qui
1266 611 1346 635 non
1386 597 1540 636 illorum

208 669 337 700 aetate
364 661 569 700 nobilitate
598 661 753 700 miseria
782 665 1126 701 commoveretur?
1184 662 1331 712 Ecquis
1353 662 1423 700 fuit
1445 663 1541 713 quin

208 727 438 774 lacrimaret,
470 726 565 776 quin
602 726 654 764 ita
689 727 952 765 calamitatem
987 727 1093 765 illam
1126 734 1280 777 putaret
1313 727 1467 765 illorum
1499 735 1542 765 ut

209 793 406 830 fortunam
437 799 569 830 tamen
600 806 681 829 non
710 792 891 839 alienam,
922 792 1139 842 periculum
1170 799 1302 830 autem
1328 805 1541 831 commune

207 857 488 896 arbitraretur?
553 857 760 896 Feriuntur
795 857 930 896 securi.
997 857 1171 896 Laetaris
1211 865 1252 895 tu
1287 857 1327 895 in
1362 857 1540 896 omnium

207 922 355 972 gemitu
380 930 418 961 et
443 922 686 973 triumphas,
717 923 825 961 testis
851 923 1035 961 avaritiae
1062 931 1152 962 tuae
1179 924 1326 973 gaudes
1347 936 1433 962 esse
1453 924 1542 962 sub-

207 989 317 1026 latos.
384 989 563 1036 Errabas,
600 982 770 1036 Verres,
795 996 833 1027 et
872 990 1126 1027 vehementer
1164 989 1330 1036 errabas,
1372 1002 1463 1027 cum
1502 997 1540 1028 te

208 1055 380 1092 maculas
420 1055 610 1092 furtorum
650 1061 688 1092 et
727 1053 962 1104 flagitiorum
1002 1062 1159 1092 tuorum
1194 1053 1391 1092 sociorum
1430 1054 1540 1092 inno-

207 1119 381 1157 centium
421 1119 612 1169 sanguine
651 1121 781 1158 eluere
819 1119 1084 1168 arbitrabare,
1137 1132 1324 1169 praeceps
1367 1119 1540 1157 amentia

206 1185 390 1231 ferebare,
426 1185 492 1235 qui
532 1192 570 1223 te
609 1185 850 1224 existimares
889 1185 1072 1224 avaritiae
1106 1187 1268 1224 vulnera
1299 1185 1538 1224 crudelitatis

206 1250 388 1288 remediis
411 1264 527 1300 posse
548 1264 695 1288 sanare.
757 1250 916 1288 Etenim
938 1264 1178 1302 quamquam
1206 1250 1260 1288 illi
1284 1258 1374 1288 sunt
1396 1251 1537 1288 mortui

206 1316 361 1353 sceleris
383 1315 437 1353 tui
460 1323 590 1362 testes,
613 1324 746 1353 tamen
768 1329 904 1353 eorum
930 1315 1141 1365 propinqui
1166 1329 1297 1365 neque
1317 1315 1388 1353 tibi
1409 1329 1538 1365 neque

206 1379 280 1418 illis
301 1382 455 1428 desunt,
480 1388 612 1418 tamen
634 1394 680 1418 ex
707 1380 794 1431 ipso
820 1380 888 1418 illo
915 1394 1081 1418 numero
1109 1382 1396 1418 nauarchorum
1417 1380 1537 1430 aliqui

205 1444 340 1483 vivunt
370 1453 407 1483 et
437 1447 592 1492 adsunt,
624 1458 735 1495 quos,
768 1453 810 1484 ut
840 1445 936 1483 mihi
967 1445 1130 1492 videtur,
1163 1446 1214 1483 ad
1244 1445 1398 1483 illorum
1428 1445 1538 1484 inno-

205 1510 379 1548 centium
423 1524 571 1560 poenas
611 1512 767 1549 fortuna
805 1519 843 1550 et
881 1512 933 1550 ad
976 1512 1080 1549 hanc
1118 1524 1278 1549 causam
1317 1511 1534 1549 reservavit.

204 1577 330 1615 Adest
352 1578 592 1626 Phylarchus
616 1577 870 1624 Haluntinus,
896 1577 963 1627 qui
986 1578 1079 1627 quia
1103 1590 1194 1615 cum
1216 1578 1435 1616 Cleomene
1455 1590 1536 1615 non

204 1642 311 1693 fugit,
335 1656 543 1693 oppressus
568 1656 590 1681 a
615 1643 882 1692 praedonibus
909 1651 947 1682 et
975 1652 1113 1694 captus
1135 1651 1220 1691 est,-
1252 1643 1315 1681 cui
1336 1643 1536 1681 calamitas

204 1707 318 1746 saluti
353 1707 434 1755 fuit,
465 1708 533 1757 qui
569 1708 641 1746 nisi
673 1716 811 1758 captus
845 1722 868 1746 a
904 1708 1037 1759 piratis
1079 1716 1181 1747 esset
1218 1708 1258 1746 in
1293 1709 1399 1746 hunc
1432 1721 1537 1758 prae-

203 1774 351 1812 donem
390 1773 586 1811 sociorum
627 1773 837 1812 incidisset.
903 1774 1011 1812 Dicit
1049 1773 1080 1812 is
1115 1788 1185 1824 pro
1225 1773 1452 1813 testimonio
1485 1774 1536 1812 de

204 1839 391 1878 missione
424 1848 642 1886 nautarum,
674 1841 725 1878 de
760 1842 872 1886 fame,
905 1842 955 1878 de
986 1840 1214 1879 Cleomenis
1249 1841 1348 1889 fuga.
1409 1840 1535 1877 Adest

205 1903 486 1954 Centuripinus
518 1905 729 1942 Phalacrus
762 1904 801 1942 in
831 1905 1074 1954 amplissima
1104 1905 1260 1943 civitate
1289 1903 1536 1954 amplissimo

203 1970 294 2008 loco
313 1977 451 2017 natus;
481 1971 620 2008 eadem
643 1969 749 2017 dicit,
773 1972 879 2008 nulla
900 1970 939 2007 in
961 1984 1000 2008 re
1022 1970 1229 2020 discrepat.

260 2037 332 2072 Per
352 2035 448 2072 deos
471 2034 698 2072 immortalis
717 2038 723 2073 1
752 2048 832 2084 quo
853 2036 1013 2073 tandem
1034 2036 1169 2073 animo
1190 2034 1348 2082 sedetis,
1370 2033 1529 2080 iudices,

250 2147 262 2167 1
291 2139 350 2168 has
369 2149 428 2177 per
445 2138 696 2169 Timarchidem
711 2139 752 2178 j>8
865 2150 883 2169 2
909 2150 983 2169 cum
1001 2139 1058 2170 del.
1082 2139 1207 2173 Eberh..
1231 2138 1389 2169 Zalinski
1511 2139 1532 2169 6

203 2181 394 2219 deligantur
410 2183 451 2212 ad
471 2183 578 2221 palum
598 2183 637 2211 πδ
742 2182 870 2212 ferreus
886 2183 978 2212 st
997 2194 1003 2213 z
1027 2184 1130 2213 durus
1153 2183 1199 2212 V:
1226 2184 1328 2212 durus
1347 2187 1379 2212 et
1397 2181 1530 2212 ferreus

197 2225 240 2264 p&
330 2237 350 2265 9
375 2226 565 2256 lacrimaret
583 2237 602 2254 π
618 2237 624 2256 :
649 2225 870 2255 lacrumarum
890 2226 944 2256 R:
969 2226 1198 2256 lacrimaretur
1214 2226 1258 2256 56
1276 2237 1282 2256 ε
1308 2226 1529 2255 lacrumarum

205 2273 238 2298 ct
258 2268 289 2298 V
376 2278 414 2307 15
440 2269 554 2299 eluere
573 2278 672 2307 posse
689 2268 841 2298 Heracus
968 2270 1006 2299 18
1031 2279 1141 2308 neque
1158 2270 1214 2299 tibi
1235 2279 1345 2308 neque
1363 2268 1430 2299 illis
1447 2267 1512 2299 RS
1525 2281 1535 2301 :

204 2322 313 2350 neque
332 2312 397 2342 illis
415 2321 524 2351 neque
543 2311 600 2341 tibi
623 2310 669 2342 V:
697 2321 806 2350 neque
823 2311 1003 2351 desuntp:
1030 2322 1140 2351 neque
1157 2313 1215 2343 tibi
1234 2315 1249 2343 δ
1414 2324 1452 2353 19
1476 2313 1530 2344 illo

204 2357 278 2395 ipso
299 2355 364 2395 Vp&
497 2366 538 2385 20
563 2360 595 2385 et
613 2365 677 2385 om.
700 2355 732 2384 V
858 2365 899 2393 25
925 2355 1067 2395 dicetp5

1563 807 1601 829 10

1563 1134 1597 1164 Ι5

1558 1461 1598 1484 20

1557 1786 1595 1818 25
