1715 2734
163 98 430 137 ACTIONIS
453 100 513 136 IN
535 99 578 137 C.
597 99 838 136 VERREM
861 97 1158 137 SECVNDAE
1182 98 1283 134 LIB.
1309 98 1374 134 III
1431 98 1484 134 62
1508 112 1568 142 144

161 211 212 248 de
243 212 496 249 decumarum
524 210 710 248 societate
736 211 787 248 ab
817 210 902 260 ipso
929 209 1144 259 prohibitas
1172 209 1359 247 iudicari:
1390 208 1485 258 quid

161 282 218 312 est
240 277 346 324 quod
368 275 489 324 possit
506 275 714 324 quisquam
735 274 979 312 manifestius
996 276 1071 312 hoc
1092 273 1345 312 desiderare?
1393 276 1486 311 Non

160 339 299 377 dubito
327 340 421 389 quin
442 340 553 378 vobis
574 339 665 377 satis
687 339 856 386 fecerim,
880 339 1054 386 iudices,·
1083 351 1217 376 verum
1246 346 1377 376 tamen
1403 351 1488 388 pro-

159 403 310 453 grediar
340 404 504 454 longius,
538 418 619 442 non
651 406 875 443 mehercule
903 418 983 454 quo
1010 404 1132 454 magis
1161 405 1237 441 hoc
1267 403 1379 441 vobis
1406 418 1487 453 per-

123 482 138 512 5
161 470 368 507 suadeatur
399 483 516 519 quam
552 470 628 507 iam
669 483 898 520 persuasum
931 482 1016 507 esse
1048 470 1220 515 confido,
1251 471 1319 506 sed
1351 477 1391 506 ut
1423 469 1487 506 ille

159 533 372 582 aliquando
398 534 666 583 impudentiae
687 549 779 572 suae
802 536 920 572 finem
942 534 1069 580 faciat,
1089 534 1304 583 aliquando
1334 533 1485 571 desinat

159 611 204 636 ea
221 611 261 636 se
282 606 417 648 putare
438 613 567 637 emere
588 613 688 648 quae
711 599 793 649 ipse
815 612 968 649 Semper
988 598 1124 636 habuit
1146 598 1486 643 venalia,—fidem

158 663 217 701 ius
274 663 482 702 iurandum
536 664 737 702 veritatem
788 664 959 702 officium
1008 663 1487 713 religionem‚—desinant

158 727 274 765 amici
299 728 380 766 eius
411 741 456 766 ea
485 728 663 766 dictitare
700 742 800 778 quae
835 728 1072 767 detrimento
1104 730 1280 766 maculae
1316 727 1487 766 invidiae

102 808 140 829 ιο
159 792 343 831 infamiae
381 793 496 830 nobis
528 793 712 831 omnibus
741 807 825 831 esse
855 793 1016 843 possint.
1076 795 1128 830 At
1158 793 1224 843 qui
1253 792 1392 830 amici!
1450 793 1486 831 O
1510 807 1570 838 145

159 857 355 904 miserum,
379 871 403 896 o
432 858 671 896 invidiosum
702 860 976 908 offensumque
997 871 1211 908 paucorum
1233 859 1349 908 culpa
1369 858 1487 907 atque

157 921 389 972 indignitate
411 923 589 961 ordinem
617 923 880 961 senatorium!
939 924 1083 961 Albam
1112 922 1325 960 Aemilium
1351 924 1487 961 seden-

157 994 236 1025 tem
257 987 297 1025 in
318 988 497 1026 faucibus
519 988 672 1026 macelli
702 988 809 1038 loqui
832 990 959 1037 palam
982 988 1119 1026 vicisse
1137 990 1308 1034 Verrem,
1332 995 1486 1038 emptos

156 1053 301 1091 habere
322 1053 482 1100 iudices,
505 1053 625 1091 alium
649 1055 718 1091 HS
740 1065 852 1100 cccc,
876 1054 995 1091 alium
1018 1054 1088 1091 HS
1109 1055 1147 1099 fi,
1171 1066 1289 1102 quem
1309 1052 1483 1098 minimo,

100 1132 135 1163 ¹5
156 1117 256 1155 c—cc!
313 1119 445 1167 Atque
467 1117 500 1155 ei
522 1131 613 1155 cum
635 1130 864 1167 responsum
883 1125 983 1155 esset
1004 1117 1084 1155 fieri
1102 1130 1181 1155 non
1196 1131 1321 1167 posse,
1341 1119 1486 1155 multos

156 1183 263 1221 testis
303 1197 388 1222 esse
418 1184 603 1230 dicturos,
638 1197 701 1222 me
731 1190 929 1233 praeterea
958 1196 1099 1220 causae
1130 1196 1210 1220 non
1245 1184 1482 1229 defuturum,

158 1249 294 1287 ‘Licet
339 1251 493 1295 hercle,'
525 1248 662 1298 inquit,
702 1252 864 1286 ‘omnes
894 1247 1028 1285 onmia
1058 1247 1203 1294 dicant,
1233 1247 1271 1284 in
1302 1247 1378 1294 illo,
1412 1248 1484 1286 nisi

155 1313 208 1351 ita
235 1328 293 1352 res
316 1314 521 1352 manifesta
545 1313 615 1351 erit
635 1315 765 1351 adlata
787 1320 827 1350 ut
854 1312 1081 1362 responderi
1106 1312 1202 1349 nihil
1232 1312 1366 1361 possit,
1396 1313 1485 1350 vici-

156 1381 266 1417 mus.'
325 1381 433 1417 Bene
467 1379 560 1428 agis,
594 1379 720 1416 Alba:
764 1379 814 1416 ad
857 1385 964 1415 tuam
1003 1377 1157 1414 veniam
1193 1377 1481 1416 condicionem.
1508 1383 1569 1425 146

97 1455 136 1476 20
156 1443 265 1481 Nihil
282 1451 395 1493 putas
409 1445 535 1482 valere
556 1443 595 1481 in
618 1442 771 1481 iudiciis
793 1443 1070 1489 coniecturam,
1087 1442 1183 1479 nihil
1205 1442 1481 1491 suspicionem,

155 1507 251 1545 nihil
265 1516 355 1546 ante
371 1516 481 1547 actae
502 1508 603 1546 vitae
618 1507 957 1553 existimationem,
978 1507 1074 1544 nihil
1096 1506 1264 1544 virorum
1287 1507 1482 1545 bonorum

154 1573 389 1619 testimonia,
409 1573 504 1610 nihil
526 1573 727 1610 civitatum
749 1572 1000 1610 auctoritates
1020 1585 1066 1609 ac
1087 1571 1231 1609 litteras
1250 1587 1255 1609 :
1286 1585 1344 1609 res
1364 1572 1484 1609 mani-

154 1639 271 1676 festas
310 1638 473 1688 quaeris.
552 1640 646 1676 Non
681 1650 827 1687 quaero
863 1637 1013 1675 iudices
1053 1637 1274 1683 Cassianos,
1312 1645 1482 1675 veterem

154 1703 387 1741 iudiciorum
428 1704 673 1742 severitatem
712 1716 792 1740 non
840 1702 1009 1751 requiro,
1047 1710 1214 1740 vestram
1254 1702 1291 1739 in
1332 1703 1405 1739 hac
1443 1716 1483 1740 re

97 1780 134 1812 25
155 1769 274 1806 fidem
314 1768 544 1818 dignitatern
583 1767 812 1818 religionem
847 1767 886 1804 in
927 1767 1142 1805 iudicando
1176 1780 1257 1805 non
1289 1767 1484 1816 imploro,-

153 1833 299 1870 Albam
323 1833 480 1871 habebo
501 1833 684 1879 iudicem,
708 1846 797 1870 eum
829 1831 1031 1870 hominem
1053 1832 1119 1881 qui
1141 1845 1181 1869 se
1203 1832 1285 1881 ipse
1310 1845 1481 1869 scurram

155 1897 488 1947 improbissimum
510 1897 719 1936 existimari
740 1899 831 1943 vult,
854 1910 935 1934 cum
967 1910 990 1934 a
1010 1896 1149 1934 scurris
1178 1910 1331 1946 semper
1350 1896 1481 1946 potius

152 1962 343 2012 gladiator
381 1976 499 2012 quam
535 1975 664 2000 scurra
701 1963 919 2011 appellatus
952 1961 1000 1999 sit
1019 1976 1028 2008 ,-
1067 1962 1240 1999 adferam
1283 1974 1363 1999 rem
1398 1960 1480 1998 eius

198 2077 216 2104 4
235 2067 404 2097 mehercle
420 2066 449 2096 O
496 2066 590 2096 vobis
603 2066 709 2105 magis
724 2067 786 2095 hoc
801 2065 831 2095 O
914 2075 929 2102 7
948 2071 1068 2105 putare
1081 2076 1178 2105 posse
1193 2075 1306 2095 emere
1322 2065 1481 2095 Victorius

159 2119 194 2148 17
222 2110 336 2140 hercle
356 2110 385 2140 O
405 2122 412 2140 τ
437 2110 629 2149 herculesp
645 2109 712 2140 rell.
881 2109 918 2138 18
944 2110 985 2139 ita
1007 2120 1060 2139 res
1074 2115 1097 2149 p
1115 2121 1121 2139 ε
1147 2110 1190 2139 ita
1208 2113 1282 2139 aule
1306 2110 1416 2139 adlata
1435 2109 1476 2148 O,

148 2157 224 2192 post
239 2153 348 2183 adlata
366 2153 483 2183 Lamb.
504 2154 536 2183 sn
555 2165 621 2190 mgr.
640 2154 722 2191 1584
823 2162 864 2182 22
890 2163 943 2182 res
960 2152 1080 2183 Lamb.
1099 2153 1132 2182 in
1151 2164 1216 2192 mg.
1240 2153 1339 2190 1584:
1366 2157 1478 2182 aucto-

155 2197 270 2226 ritates
288 2207 325 2226 ac
343 2197 535 2226 testimonia
553 2197 682 2226 litteras
700 2195 894 2226 manifestas
912 2197 1046 2235 quaeris
1060 2201 1084 2234 p
1102 2196 1166 2226 rell.
1299 2206 1339 2234 24
1364 2196 1424 2226 hac
1444 2206 1478 2225 re

156 2239 186 2268 O
205 2251 210 2268 z
237 2240 297 2269 hac
315 2240 379 2270 sive
396 2241 458 2270 hoc
472 2246 496 2280 p
513 2240 578 2270 rell.
691 2242 732 2269 26
756 2239 859 2268 habes
881 2239 910 2268 O
1001 2249 1039 2276 27
1066 2249 1138 2268 curn
1157 2239 1288 2278 sm‘z'psi:
1313 2239 1367 2278 qui
1387 2239 1452 2268 rell.
1472 2250 1478 2268 :

153 2292 219 2312 om.
242 2281 272 2311 O
360 2293 494 2321 semper
511 2283 622 2321 potius
642 2282 672 2312 O
689 2294 695 2312 z
719 2283 830 2322 potius
849 2288 1020 2321 semperp
1038 2282 1102 2312 rell.
1240 2283 1281 2312 28
1305 2283 1346 2312 sit
1364 2282 1451 2312 codd.
1472 2293 1478 2312 :

154 2330 206 2354 est
223 2324 291 2355 edd.
309 2325 396 2366 (Act.
416 2326 472 2356 Pr.
493 2328 507 2361 ξ
527 2335 589 2362 39;
612 2325 655 2359 iv,
679 2327 692 2361 ξ
713 2325 749 2362 3Ἲ
