1715 2734
456 403 525 452 M.
576 402 792 450 TVLLI
856 402 1255 451 CICERONIS

262 511 701 564 ACTIONIS
767 510 863 563 IN
923 511 986 563 C.
1048 510 1436 563 VERREM

605 596 1097 649 SECVNDAE

628 724 799 761 LIBER
829 723 1071 761 TERTIVS

580 827 622 867 D
636 827 672 867 E
726 827 922 868 FRVM
939 827 1126 869 ENTO

150 933 165 958 1

149 992 160 1013 Ι
238 945 391 983 OMNES
426 944 493 994 qui
527 945 702 989 alterum,
741 943 900 989 iudices,
939 943 1053 982 nullis
1093 943 1248 995 impulsi
1285 943 1509 991 inimicitiis,

185 1010 290 1046 nulla
320 1008 499 1059 privatim
524 1008 617 1046 laesi
648 1007 800 1055 iniuria,
830 1009 939 1046 nullo
963 1007 1138 1057 praemio
1162 1007 1321 1046 adducti
1349 1007 1386 1044 in
1416 1008 1512 1046 iudi-

182 1073 287 1112 cium
309 1073 361 1111 rei
382 1072 564 1123 publicae
585 1087 703 1111 causa
723 1080 865 1112 vocant
886 1072 1090 1123 providere
1111 1073 1259 1111 debent
1280 1086 1360 1110 non
1382 1074 1509 1111 solum

181 1137 278 1187 quid
307 1137 436 1176 oneris
462 1137 500 1175 in
529 1137 749 1188 praesentia
773 1139 922 1184 tollant,
955 1138 1024 1175 sed
1055 1145 1245 1186 quantum
1277 1136 1316 1174 in
1346 1151 1508 1176 ornnem

180 1202 300 1240 vitam
334 1202 466 1253 negoti
505 1202 702 1252 suscipere
737 1209 939 1240 conentur.
1001 1203 1146 1251 Legem
1182 1201 1285 1240 enim
1322 1200 1396 1240 sibi
1436 1201 1508 1252 ipsi
1531 1219 1548 1251 5

180 1267 317 1306 dicunt
337 1267 588 1306 innocentiae
604 1267 870 1305 continentiae
887 1266 1152 1316 virtutumque
1173 1267 1350 1305 omnium
1369 1267 1437 1318 qui
1458 1269 1509 1307 ab

178 1334 302 1372 altero
330 1332 520 1371 rationem
551 1332 652 1371 vitae
682 1340 904 1383 reposcunt,
936 1340 1055 1381 atque
1085 1347 1133 1370 eo
1164 1332 1284 1381 magis
1316 1333 1347 1371 si
1383 1335 1432 1381 id,
1467 1342 1509 1373 ut

178 1405 269 1436 ante
283 1397 373 1444 dixi,
388 1397 536 1436 faciunt
551 1398 657 1435 nulla
670 1411 709 1435 re
727 1397 916 1435 commoti
930 1397 1005 1434 alia
1020 1396 1092 1434 nisi
1110 1396 1274 1435 utilitate
1291 1398 1504 1436 communi.

142 1481 157 1503 2
180 1464 284 1501 Nam
318 1462 385 1513 qui
416 1462 489 1501 sibi
525 1464 601 1501 hoc
632 1462 808 1513 sumpsit,
842 1470 883 1500 ut
914 1461 1079 1511 corrigat
1109 1476 1237 1500 mores
1266 1462 1429 1501 aliorum
1460 1478 1506 1503 ac

178 1535 339 1578 peccata
363 1529 634 1578 reprehendat,
658 1527 745 1577 quis
767 1527 857 1565 huic
880 1527 1055 1577 ignoscat
1076 1526 1106 1564 si
1132 1541 1210 1577 qua
1231 1526 1268 1565 in
1291 1541 1330 1565 re
1351 1527 1434 1577 ipse
1453 1530 1505 1567 ab
1528 1547 1567 1569 10

177 1593 362 1643 religione
382 1593 485 1631 offici
510 1593 744 1632 deciinarit?
804 1595 1055 1643 Quapropter
1076 1593 1151 1629 hoc
1172 1591 1289 1631 etiam
1312 1593 1434 1643 magis
1454 1595 1505 1632 ab

175 1657 361 1696 omnibus
388 1657 470 1697 eius
493 1658 600 1696 modi
621 1657 716 1696 civis
744 1659 966 1696 laudandus
987 1671 1033 1696 ac
1054 1657 1277 1707 diligendus
1304 1666 1373 1706 est,
1396 1661 1505 1708 quod

176 1737 255 1761 non
283 1725 410 1762 solum
431 1723 481 1761 ab
503 1737 542 1762 re
570 1723 728 1773 publica
753 1723 878 1762 civem
909 1723 1133 1773 improbum
1162 1732 1347 1770 removet,
1370 1738 1503 1763 verum

175 1788 293 1827 etiam
313 1802 354 1827 se
382 1788 510 1839 ipsum
532 1789 615 1827 eius
637 1789 744 1828 modi
772 1790 852 1827 fore
874 1790 1078 1839 profitetur
1098 1803 1143 1826 ae
1172 1797 1340 1839 praestat
1362 1799 1403 1828 ut
1429 1790 1504 1828 sibi

176 1867 255 1892 non
296 1855 417 1892 modo
454 1854 656 1892 communi
697 1856 898 1893 voluntate
938 1854 1088 1892 virtutis
1127 1862 1245 1904 atque
1284 1854 1397 1900 offici,
1434 1856 1503 1893 sed
1528 1871 1563 1902 ¹5

175 1918 292 1957 etiam
332 1919 367 1957 vi
407 1921 578 1969 quadam
620 1919 742 1970 magis
783 1920 1001 1959 necessaria
1040 1928 1143 1959 recte
1175 1920 1222 1957 sit
1258 1921 1503 1970 honesteque

138 1994 155 2024 3
175 1983 397 2023 vivendum.
444 1987 583 2035 Itaque
605 1987 692 2031 hoc,
716 1985 877 2033 iudices,
900 2001 946 2025 ex
968 1985 1128 2024 homine
1149 1985 1364 2023 clarissimo
1384 1994 1503 2035 atque

174 2049 508 2099 eloquentissimo,
530 2052 571 2087 L.
592 2052 745 2097 Crasso,
765 2064 880 2101 saepe
901 2051 1079 2089 auditum
1102 2059 1170 2097 est,
1190 2064 1279 2088 cum
1301 2064 1342 2089 se
1359 2051 1503 2089 nullius

217 2163 235 2190 4
261 2153 321 2182 sed
352 2151 490 2183 VHO':
527 2151 587 2181 sed
619 2150 718 2180 etiam
747 2156 771 2190 p
804 2151 866 2182 rell.
901 2152 938 2192 (i,
972 2155 986 2189 ξ
1020 2155 1104 2193 106;
1152 2152 1234 2184 Am.
1255 2153 1292 2190 J.
1319 2153 1381 2184 Ph.
1408 2155 1500 2192 xxvi,

170 2201 204 2235 p.
224 2204 300 2233 412¹·
457 2198 478 2226 6
503 2196 616 2226 dicunt
639 2194 751 2224 VHcO
769 2207 774 2225 ε
801 2196 953 2226 indicunt
968 2202 990 2236 p
1009 2197 1076 2227 rell.
1201 2197 1430 2228 continentiae
1453 2198 1500 2237 Vp

175 2239 241 2268 wll.
262 2250 268 2267 ε
293 2250 359 2270 om.
375 2238 462 2270 HcO
573 2249 611 2268 10
635 2239 676 2268 ab
696 2239 783 2269 VHrr
801 2239 866 2270 rell.
888 2251 894 2269 ε
921 2251 939 2270 a
959 2240 1022 2270 O'k
1138 2251 1175 2270 12
1199 2241 1254 2280 qui
1273 2241 1288 2269 δ
1397 2251 1434 2279 13
1458 2242 1498 2271 ab

178 2281 314 2356 Whgt:
334 2294 353 2313 a
370 2284 417 2313 cO
587 2283 625 2312 16
650 2282 680 2311 vi
699 2282 757 2313 H:
783 2282 815 2313 in
834 2284 887 2313 O:
913 2288 946 2314 ut
964 2294 979 2313 c
994 2283 1060 2314 rell.
1231 2294 1266 2323 17
1292 2288 1393 2324 atque
1411 2285 1495 2324 eloq.

172 2336 235 2356 om.
