<?xml version="1.0" encoding="UTF-8"?>
<!DOCTYPE html PUBLIC "-//W3C//DTD XHTML 1.0 Transitional//EN"
    "http://www.w3.org/TR/xhtml1/DTD/xhtml1-transitional.dtd">
<html xmlns="http://www.w3.org/1999/xhtml" xml:lang="en" lang="en">
 <head>
  <title>
</title>
<meta http-equiv="Content-Type" content="text/html;charset=utf-8" />
  <meta name='ocr-system' content='tesseract 3.04.00' />
  <meta name='ocr-capabilities' content='ocr_page ocr_carea ocr_par ocr_line ocrx_word'/>
</head>
<body>
  <div class='ocr_page' id='page_1' title='image "./orationesrecogno03ciceuoft/orationesrecogno03ciceuoft_0160.png"; bbox 0 0 1715 2734; ppageno 0'>
   <div class='ocr_carea' id='block_1_1' title="bbox 135 57 1158 101">
    <p class='ocr_par' dir='ltr' id='par_1_1' title="bbox 135 57 1158 101">
     <span class='ocr_line' id='line_1_1' title="bbox 135 57 1158 101; baseline 0.006 -11"><span class='ocrx_word' id='word_1_1' title='bbox 135 62 177 101; x_wconf 91' lang='lat'><strong>17</strong></span> <span class='ocrx_word' id='word_1_2' title='bbox 196 69 238 101; x_wconf 85' lang='lat'><strong>43</strong></span> <span class='ocrx_word' id='word_1_3' title='bbox 564 57 619 95; x_wconf 87' lang='lat' dir='ltr'><strong>M.</strong></span> <span class='ocrx_word' id='word_1_4' title='bbox 651 58 821 95; x_wconf 85' lang='lat' dir='ltr'>TVLLI</span> <span class='ocrx_word' id='word_1_5' title='bbox 851 57 1158 97; x_wconf 82' lang='lat' dir='ltr'>CICERONIS</span> 
     </span>
    </p>
   </div>
   <div class='ocr_carea' id='block_1_2' title="bbox 120 167 1580 2040">
    <p class='ocr_par' dir='ltr' id='par_1_2' title="bbox 194 167 1523 218">
     <span class='ocr_line' id='line_1_2' title="bbox 194 167 1523 218; baseline 0.002 -13"><span class='ocrx_word' id='word_1_6' title='bbox 194 168 302 205; x_wconf 89' lang='lat' dir='ltr'><strong>modi</strong></span> <span class='ocrx_word' id='word_1_7' title='bbox 323 167 511 206; x_wconf 86' lang='lat' dir='ltr'><strong>iudicium</strong></span> <span class='ocrx_word' id='word_1_8' title='bbox 533 170 610 216; x_wconf 88' lang='lat' dir='ltr'><strong>det,</strong></span> <span class='ocrx_word' id='word_1_9' title='bbox 633 182 714 218; x_wconf 86' lang='lat' dir='ltr'><strong>quo</strong></span> <span class='ocrx_word' id='word_1_10' title='bbox 734 168 881 207; x_wconf 92' lang='lat' dir='ltr'><strong>iudicio</strong></span> <span class='ocrx_word' id='word_1_11' title='bbox 905 169 1054 208; x_wconf 88' lang='lat' dir='ltr'><strong>indicta</strong></span> <span class='ocrx_word' id='word_1_12' title='bbox 1074 182 1192 208; x_wconf 87' lang='lat' dir='ltr'><strong>causa</strong></span> <span class='ocrx_word' id='word_1_13' title='bbox 1211 169 1376 208; x_wconf 89' lang='lat' dir='ltr'><strong>fortunis</strong></span> <span class='ocrx_word' id='word_1_14' title='bbox 1396 169 1523 208; x_wconf 87' lang='lat' dir='ltr'><strong>omni-</strong></span> 
     </span>
    </p>

    <p class='ocr_par' dir='ltr' id='par_1_3' title="bbox 130 207 1521 285">
     <span class='ocr_line' id='line_1_3' title="bbox 130 207 1521 285; baseline 0.003 -16"><span class='ocrx_word' id='word_1_15' title='bbox 130 207 174 244; x_wconf 74' lang='lat'><strong>18</strong></span> <span class='ocrx_word' id='word_1_16' title='bbox 194 230 267 269; x_wconf 92' lang='lat' dir='ltr'><strong>bus</strong></span> <span class='ocrx_word' id='word_1_17' title='bbox 288 232 406 270; x_wconf 80' lang='lat' dir='ltr'><strong>everti</strong></span> <span class='ocrx_word' id='word_1_18' title='bbox 432 247 591 272; x_wconf 85' lang='lat' dir='ltr'><strong>necesse</strong></span> <span class='ocrx_word' id='word_1_19' title='bbox 611 233 690 271; x_wconf 89' lang='lat' dir='ltr'><strong>sit?</strong></span> <span class='ocrx_word' id='word_1_20' title='bbox 747 235 929 272; x_wconf 82' lang='lat' dir='ltr'>Profecto</span> <span class='ocrx_word' id='word_1_21' title='bbox 950 234 1055 272; x_wconf 87' lang='lat' dir='ltr'><strong>enim</strong></span> <span class='ocrx_word' id='word_1_22' title='bbox 1081 247 1222 285; x_wconf 87' lang='lat' dir='ltr'><strong>negare</strong></span> <span class='ocrx_word' id='word_1_23' title='bbox 1243 247 1324 273; x_wconf 93' lang='lat' dir='ltr'><strong>non</strong></span> <span class='ocrx_word' id='word_1_24' title='bbox 1348 242 1461 285; x_wconf 89' lang='lat' dir='ltr'><strong>potes</strong></span> <span class='ocrx_word' id='word_1_25' title='bbox 1482 242 1521 273; x_wconf 91' lang='lat' dir='ltr'><strong>te</strong></span> 
     </span>
    </p>

    <p class='ocr_par' dir='ltr' id='par_1_4' title="bbox 129 279 1580 868">
     <span class='ocr_line' id='line_1_4' title="bbox 129 279 1520 349; baseline 0.002 -16"><span class='ocrx_word' id='word_1_26' title='bbox 129 279 171 308; x_wconf 78' lang='lat'><strong>44</strong></span> <span class='ocrx_word' id='word_1_27' title='bbox 192 308 238 333; x_wconf 83' lang='lat' dir='ltr'><strong>ex</strong></span> <span class='ocrx_word' id='word_1_28' title='bbox 272 297 356 347; x_wconf 84' lang='lat' dir='ltr'><strong>lege</strong></span> <span class='ocrx_word' id='word_1_29' title='bbox 396 299 555 348; x_wconf 91' lang='lat' dir='ltr'><strong>Rupilia</strong></span> <span class='ocrx_word' id='word_1_30' title='bbox 589 298 714 337; x_wconf 87' lang='lat' dir='ltr'><strong>sortiri</strong></span> <span class='ocrx_word' id='word_1_31' title='bbox 749 298 900 337; x_wconf 90' lang='lat' dir='ltr'><strong>iudices</strong></span> <span class='ocrx_word' id='word_1_32' title='bbox 934 299 1130 347; x_wconf 83' lang='lat' dir='ltr'><strong>debuisse,</strong></span> <span class='ocrx_word' id='word_1_33' title='bbox 1167 313 1258 338; x_wconf 89' lang='lat' dir='ltr'><strong>cum</strong></span> <span class='ocrx_word' id='word_1_34' title='bbox 1293 298 1520 349; x_wconf 88' lang='lat' dir='ltr'><strong>praesertim</strong></span> 
     </span>
     <span class='ocr_line' id='line_1_5' title="bbox 193 361 1522 412; baseline 0.002 -14"><span class='ocrx_word' id='word_1_35' title='bbox 193 361 400 400; x_wconf 79' lang='lat' dir='ltr'>Heraclius</span> <span class='ocrx_word' id='word_1_36' title='bbox 425 362 464 401; x_wconf 88' lang='lat' dir='ltr'><strong>id</strong></span> <span class='ocrx_word' id='word_1_37' title='bbox 489 364 713 412; x_wconf 80' lang='lat' dir='ltr'>postularet.</span> <span class='ocrx_word' id='word_1_38' title='bbox 772 363 840 402; x_wconf 89' lang='lat' dir='ltr'><strong>Sin</strong></span> <span class='ocrx_word' id='word_1_39' title='bbox 865 363 962 401; x_wconf 90' lang='lat' dir='ltr'><strong>illud</strong></span> <span class='ocrx_word' id='word_1_40' title='bbox 988 364 1096 410; x_wconf 89' lang='lat' dir='ltr'><strong>dicis,</strong></span> <span class='ocrx_word' id='word_1_41' title='bbox 1127 372 1165 403; x_wconf 91' lang='lat' dir='ltr'><strong>te</strong></span> <span class='ocrx_word' id='word_1_42' title='bbox 1191 363 1366 403; x_wconf 89' lang='lat' dir='ltr'><strong>Heraclii</strong></span> <span class='ocrx_word' id='word_1_43' title='bbox 1386 364 1522 402; x_wconf 80' lang='lat' dir='ltr'><strong>volun-</strong></span> 
     </span>
     <span class='ocr_line' id='line_1_6' title="bbox 190 427 1559 478; baseline 0.001 -14"><span class='ocrx_word' id='word_1_44' title='bbox 190 433 270 464; x_wconf 88' lang='lat' dir='ltr'><strong>tate</strong></span> <span class='ocrx_word' id='word_1_45' title='bbox 289 427 340 464; x_wconf 93' lang='lat' dir='ltr'><strong>ab</strong></span> <span class='ocrx_word' id='word_1_46' title='bbox 360 428 443 477; x_wconf 84' lang='lat' dir='ltr'><strong>lege</strong></span> <span class='ocrx_word' id='word_1_47' title='bbox 468 427 684 475; x_wconf 80' lang='lat' dir='ltr'><strong>recessisse,</strong></span> <span class='ocrx_word' id='word_1_48' title='bbox 709 427 792 477; x_wconf 90' lang='lat' dir='ltr'><strong>ipse</strong></span> <span class='ocrx_word' id='word_1_49' title='bbox 813 436 851 467; x_wconf 88' lang='lat' dir='ltr'><strong>te</strong></span> <span class='ocrx_word' id='word_1_50' title='bbox 872 428 1074 478; x_wconf 87' lang='lat' dir='ltr'><strong>impedies,</strong></span> <span class='ocrx_word' id='word_1_51' title='bbox 1098 430 1181 478; x_wconf 89' lang='lat' dir='ltr'><strong>ipse</strong></span> <span class='ocrx_word' id='word_1_52' title='bbox 1203 436 1269 467; x_wconf 90' lang='lat' dir='ltr'><strong>tua</strong></span> <span class='ocrx_word' id='word_1_53' title='bbox 1289 427 1520 467; x_wconf 89' lang='lat' dir='ltr'><strong>defensione</strong></span> <span class='ocrx_word' id='word_1_54' title='bbox 1541 443 1559 475; x_wconf 84' lang='lat'>5</span> 
     </span>
     <span class='ocr_line' id='line_1_7' title="bbox 190 492 1521 544; baseline 0.002 -15"><span class='ocrx_word' id='word_1_55' title='bbox 190 492 466 542; x_wconf 83' lang='lat' dir='ltr'><strong>implicabere;</strong></span> <span class='ocrx_word' id='word_1_56' title='bbox 495 506 615 542; x_wconf 86' lang='lat' dir='ltr'><strong>quare</strong></span> <span class='ocrx_word' id='word_1_57' title='bbox 635 492 740 532; x_wconf 90' lang='lat' dir='ltr'><strong>enim</strong></span> <span class='ocrx_word' id='word_1_58' title='bbox 766 493 936 544; x_wconf 91' lang='lat' dir='ltr'><strong>primum</strong></span> <span class='ocrx_word' id='word_1_59' title='bbox 957 493 1021 532; x_wconf 95' lang='lat' dir='ltr'><strong>ille</strong></span> <span class='ocrx_word' id='word_1_60' title='bbox 1041 495 1181 533; x_wconf 81' lang='lat' dir='ltr'><strong>adesse</strong></span> <span class='ocrx_word' id='word_1_61' title='bbox 1201 494 1341 541; x_wconf 92' lang='lat' dir='ltr'><strong>noluit,</strong></span> <span class='ocrx_word' id='word_1_62' title='bbox 1362 507 1453 532; x_wconf 90' lang='lat' dir='ltr'><strong>cum</strong></span> <span class='ocrx_word' id='word_1_63' title='bbox 1474 507 1521 532; x_wconf 86' lang='lat' dir='ltr'><strong>ex</strong></span> 
     </span>
     <span class='ocr_line' id='line_1_8' title="bbox 189 557 1521 608; baseline 0.002 -14"><span class='ocrx_word' id='word_1_64' title='bbox 189 570 238 595; x_wconf 88' lang='lat' dir='ltr'><strong>eo</strong></span> <span class='ocrx_word' id='word_1_65' title='bbox 259 571 423 596; x_wconf 89' lang='lat' dir='ltr'><strong>numero</strong></span> <span class='ocrx_word' id='word_1_66' title='bbox 452 557 602 596; x_wconf 89' lang='lat' dir='ltr'><strong>iudices</strong></span> <span class='ocrx_word' id='word_1_67' title='bbox 627 559 789 597; x_wconf 88' lang='lat' dir='ltr'><strong>haberet</strong></span> <span class='ocrx_word' id='word_1_68' title='bbox 814 572 913 608; x_wconf 84' lang='lat' dir='ltr'><strong>quos</strong></span> <span class='ocrx_word' id='word_1_69' title='bbox 940 561 1184 608; x_wconf 84' lang='lat' dir='ltr'><strong>postularat?</strong></span> <span class='ocrx_word' id='word_1_70' title='bbox 1213 559 1359 598; x_wconf 87' lang='lat' dir='ltr'><strong>deinde</strong></span> <span class='ocrx_word' id='word_1_71' title='bbox 1389 566 1431 597; x_wconf 87' lang='lat' dir='ltr'><strong>tu</strong></span> <span class='ocrx_word' id='word_1_72' title='bbox 1452 572 1521 597; x_wconf 90' lang='lat' dir='ltr'><strong>cur</strong></span> 
     </span>
     <span class='ocr_line' id='line_1_9' title="bbox 189 622 1521 674; baseline 0.002 -15"><span class='ocrx_word' id='word_1_73' title='bbox 189 630 278 672; x_wconf 88' lang='lat' dir='ltr'><strong>post</strong></span> <span class='ocrx_word' id='word_1_74' title='bbox 305 622 406 660; x_wconf 90' lang='lat' dir='ltr'><strong>illius</strong></span> <span class='ocrx_word' id='word_1_75' title='bbox 436 624 566 672; x_wconf 81' lang='lat' dir='ltr'><strong>fugam</strong></span> <span class='ocrx_word' id='word_1_76' title='bbox 594 623 744 662; x_wconf 89' lang='lat' dir='ltr'><strong>iudices</strong></span> <span class='ocrx_word' id='word_1_77' title='bbox 773 623 871 662; x_wconf 90' lang='lat' dir='ltr'><strong>alios</strong></span> <span class='ocrx_word' id='word_1_78' title='bbox 899 623 1056 662; x_wconf 89' lang='lat' dir='ltr'><strong>sortitus</strong></span> <span class='ocrx_word' id='word_1_79' title='bbox 1080 638 1132 671; x_wconf 86' lang='lat' dir='ltr'><strong>es,</strong></span> <span class='ocrx_word' id='word_1_80' title='bbox 1163 624 1194 662; x_wconf 91' lang='lat' dir='ltr'><strong>si</strong></span> <span class='ocrx_word' id='word_1_81' title='bbox 1224 638 1292 662; x_wconf 89' lang='lat' dir='ltr'><strong>eos</strong></span> <span class='ocrx_word' id='word_1_82' title='bbox 1313 623 1379 674; x_wconf 88' lang='lat' dir='ltr'><strong>qui</strong></span> <span class='ocrx_word' id='word_1_83' title='bbox 1411 631 1521 662; x_wconf 84' lang='lat' dir='ltr'><strong>erant</strong></span> 
     </span>
     <span class='ocr_line' id='line_1_10' title="bbox 188 687 1520 738; baseline 0.002 -14"><span class='ocrx_word' id='word_1_84' title='bbox 188 694 304 725; x_wconf 84' lang='lat' dir='ltr'><strong>antea</strong></span> <span class='ocrx_word' id='word_1_85' title='bbox 337 687 417 725; x_wconf 91' lang='lat' dir='ltr'><strong>dati</strong></span> <span class='ocrx_word' id='word_1_86' title='bbox 451 687 653 738; x_wconf 83' lang='lat' dir='ltr'><strong>utriusque</strong></span> <span class='ocrx_word' id='word_1_87' title='bbox 687 690 852 727; x_wconf 84' lang='lat' dir='ltr'><strong>dederas</strong></span> <span class='ocrx_word' id='word_1_88' title='bbox 886 690 1117 727; x_wconf 88' lang='lat' dir='ltr'><strong>voluntate?</strong></span> <span class='ocrx_word' id='word_1_89' title='bbox 1176 689 1333 727; x_wconf 86' lang='lat' dir='ltr'><strong>Deinde</strong></span> <span class='ocrx_word' id='word_1_90' title='bbox 1372 697 1520 727; x_wconf 90' lang='lat' dir='ltr'><strong>ceteras</strong></span> 
     </span>
     <span class='ocr_line' id='line_1_11' title="bbox 189 752 1580 804; baseline 0.001 -14"><span class='ocrx_word' id='word_1_91' title='bbox 189 752 297 790; x_wconf 90' lang='lat' dir='ltr'><strong>dicas</strong></span> <span class='ocrx_word' id='word_1_92' title='bbox 324 752 451 791; x_wconf 88' lang='lat' dir='ltr'><strong>omnis</strong></span> <span class='ocrx_word' id='word_1_93' title='bbox 483 753 550 791; x_wconf 95' lang='lat' dir='ltr'><strong>illo</strong></span> <span class='ocrx_word' id='word_1_94' title='bbox 580 754 665 792; x_wconf 86' lang='lat' dir='ltr'><strong>foro</strong></span> <span class='ocrx_word' id='word_1_95' title='bbox 696 755 751 791; x_wconf 91' lang='lat' dir='ltr'><strong>M.</strong></span> <span class='ocrx_word' id='word_1_96' title='bbox 786 753 1012 792; x_wconf 85' lang='lat' dir='ltr'><strong>Postumius</strong></span> <span class='ocrx_word' id='word_1_97' title='bbox 1040 762 1225 804; x_wconf 86' lang='lat' dir='ltr'><strong>quaestor</strong></span> <span class='ocrx_word' id='word_1_98' title='bbox 1251 754 1410 792; x_wconf 85' lang='lat' dir='ltr'><strong>sortitus</strong></span> <span class='ocrx_word' id='word_1_99' title='bbox 1437 762 1519 792; x_wconf 88' lang='lat' dir='ltr'><strong>est:</strong></span> <span class='ocrx_word' id='word_1_100' title='bbox 1542 770 1580 792; x_wconf 88' lang='lat'><strong>10</strong></span> 
     </span>
     <span class='ocr_line' id='line_1_12' title="bbox 189 818 1206 868; baseline 0.002 -13"><span class='ocrx_word' id='word_1_101' title='bbox 189 818 292 855; x_wconf 90' lang='lat' dir='ltr'><strong>hanc</strong></span> <span class='ocrx_word' id='word_1_102' title='bbox 313 819 435 855; x_wconf 90' lang='lat' dir='ltr'><strong>solam</strong></span> <span class='ocrx_word' id='word_1_103' title='bbox 457 826 498 856; x_wconf 87' lang='lat' dir='ltr'><strong>tu</strong></span> <span class='ocrx_word' id='word_1_104' title='bbox 520 818 586 856; x_wconf 93' lang='lat' dir='ltr'><strong>illo</strong></span> <span class='ocrx_word' id='word_1_105' title='bbox 607 825 805 856; x_wconf 89' lang='lat' dir='ltr'><strong>conventu</strong></span> <span class='ocrx_word' id='word_1_106' title='bbox 826 818 1016 868; x_wconf 88' lang='lat' dir='ltr'><strong>reperiere</strong></span> <span class='ocrx_word' id='word_1_107' title='bbox 1037 819 1206 857; x_wconf 88' lang='lat' dir='ltr'><strong>sortitus.</strong></span> 
     </span>
    </p>

    <p class='ocr_par' dir='ltr' id='par_1_5' title="bbox 127 882 1578 1847">
     <span class='ocr_line' id='line_1_13' title="bbox 127 882 1519 933; baseline -0.001 -10"><span class='ocrx_word' id='word_1_108' title='bbox 127 891 168 923; x_wconf 90' lang='lat'><strong>45</strong></span> <span class='ocrx_word' id='word_1_109' title='bbox 244 883 359 932; x_wconf 81' lang='lat' dir='ltr'><strong>Ergo,</strong></span> <span class='ocrx_word' id='word_1_110' title='bbox 391 882 541 932; x_wconf 88' lang='lat' dir='ltr'><strong>inquiet</strong></span> <span class='ocrx_word' id='word_1_111' title='bbox 571 883 722 933; x_wconf 84' lang='lat' dir='ltr'><strong>aliquis,</strong></span> <span class='ocrx_word' id='word_1_112' title='bbox 755 883 916 922; x_wconf 86' lang='lat' dir='ltr'><strong>donavit</strong></span> <span class='ocrx_word' id='word_1_113' title='bbox 954 885 1102 933; x_wconf 90' lang='lat' dir='ltr'><strong>populo</strong></span> <span class='ocrx_word' id='word_1_114' title='bbox 1137 885 1382 932; x_wconf 89' lang='lat' dir='ltr'><strong>Syracusano</strong></span> <span class='ocrx_word' id='word_1_115' title='bbox 1413 883 1519 922; x_wconf 90' lang='lat' dir='ltr'><strong>illam</strong></span> 
     </span>
     <span class='ocr_line' id='line_1_14' title="bbox 189 947 1519 996; baseline 0.001 -11"><span class='ocrx_word' id='word_1_116' title='bbox 189 947 456 986; x_wconf 85' lang='lat' dir='ltr'><strong>hereditatem.</strong></span> <span class='ocrx_word' id='word_1_117' title='bbox 516 948 703 995; x_wconf 88' lang='lat' dir='ltr'><strong>Primum,</strong></span> <span class='ocrx_word' id='word_1_118' title='bbox 735 948 766 987; x_wconf 89' lang='lat' dir='ltr'><strong>si</strong></span> <span class='ocrx_word' id='word_1_119' title='bbox 796 948 837 987; x_wconf 91' lang='lat' dir='ltr'><strong>id</strong></span> <span class='ocrx_word' id='word_1_120' title='bbox 866 948 1043 987; x_wconf 87' lang='lat' dir='ltr'><strong>confiteri</strong></span> <span class='ocrx_word' id='word_1_121' title='bbox 1072 948 1201 996; x_wconf 92' lang='lat' dir='ltr'><strong>velim,</strong></span> <span class='ocrx_word' id='word_1_122' title='bbox 1233 956 1366 988; x_wconf 88' lang='lat' dir='ltr'><strong>tamen</strong></span> <span class='ocrx_word' id='word_1_123' title='bbox 1401 949 1519 987; x_wconf 89' lang='lat' dir='ltr'><strong>istum</strong></span> 
     </span>
     <span class='ocr_line' id='line_1_15' title="bbox 188 1014 1520 1065; baseline 0.001 -13"><span class='ocrx_word' id='word_1_124' title='bbox 188 1014 461 1053; x_wconf 91' lang='lat' dir='ltr'><strong>condemnetis</strong></span> <span class='ocrx_word' id='word_1_125' title='bbox 499 1028 661 1053; x_wconf 89' lang='lat' dir='ltr'><strong>necesse</strong></span> <span class='ocrx_word' id='word_1_126' title='bbox 693 1022 776 1062; x_wconf 84' lang='lat' dir='ltr'><strong>est;</strong></span> <span class='ocrx_word' id='word_1_127' title='bbox 818 1028 948 1064; x_wconf 86' lang='lat' dir='ltr'><strong>neque</strong></span> <span class='ocrx_word' id='word_1_128' title='bbox 982 1014 1088 1053; x_wconf 91' lang='lat' dir='ltr'><strong>enim</strong></span> <span class='ocrx_word' id='word_1_129' title='bbox 1120 1014 1355 1065; x_wconf 89' lang='lat' dir='ltr'><strong>permissum</strong></span> <span class='ocrx_word' id='word_1_130' title='bbox 1389 1022 1448 1053; x_wconf 89' lang='lat' dir='ltr'><strong>est</strong></span> <span class='ocrx_word' id='word_1_131' title='bbox 1477 1022 1520 1053; x_wconf 92' lang='lat' dir='ltr'><strong>ut</strong></span> 
     </span>
     <span class='ocr_line' id='line_1_16' title="bbox 186 1078 1577 1129; baseline -0.001 -13"><span class='ocrx_word' id='word_1_132' title='bbox 186 1078 349 1128; x_wconf 87' lang='lat' dir='ltr'><strong>impune</strong></span> <span class='ocrx_word' id='word_1_133' title='bbox 372 1079 487 1118; x_wconf 92' lang='lat' dir='ltr'><strong>nobis</strong></span> <span class='ocrx_word' id='word_1_134' title='bbox 517 1079 641 1127; x_wconf 87' lang='lat' dir='ltr'><strong>liceat,</strong></span> <span class='ocrx_word' id='word_1_135' title='bbox 665 1081 774 1129; x_wconf 86' lang='lat' dir='ltr'><strong>quod</strong></span> <span class='ocrx_word' id='word_1_136' title='bbox 803 1079 918 1117; x_wconf 90' lang='lat' dir='ltr'><strong>alicui</strong></span> <span class='ocrx_word' id='word_1_137' title='bbox 949 1079 1216 1129; x_wconf 89' lang='lat' dir='ltr'><strong>eripuerimus,</strong></span> <span class='ocrx_word' id='word_1_138' title='bbox 1239 1079 1280 1118; x_wconf 90' lang='lat' dir='ltr'><strong>id</strong></span> <span class='ocrx_word' id='word_1_139' title='bbox 1309 1079 1418 1118; x_wconf 87' lang='lat' dir='ltr'><strong>alteri</strong></span> <span class='ocrx_word' id='word_1_140' title='bbox 1449 1087 1520 1118; x_wconf 90' lang='lat' dir='ltr'><strong>tra·</strong></span> <span class='ocrx_word' id='word_1_141' title='bbox 1542 1093 1577 1127; x_wconf 87' lang='lat'><strong>15</strong></span> 
     </span>
     <span class='ocr_line' id='line_1_17' title="bbox 186 1144 1519 1195; baseline 0.002 -14"><span class='ocrx_word' id='word_1_142' title='bbox 186 1144 290 1182; x_wconf 88' lang='lat' dir='ltr'><strong>dere.</strong></span> <span class='ocrx_word' id='word_1_143' title='bbox 349 1145 496 1182; x_wconf 91' lang='lat' dir='ltr'><strong>Verum</strong></span> <span class='ocrx_word' id='word_1_144' title='bbox 527 1158 573 1183; x_wconf 85' lang='lat' dir='ltr'><strong>ex</strong></span> <span class='ocrx_word' id='word_1_145' title='bbox 602 1144 676 1183; x_wconf 88' lang='lat' dir='ltr'><strong>ista</strong></span> <span class='ocrx_word' id='word_1_146' title='bbox 707 1144 906 1194; x_wconf 90' lang='lat' dir='ltr'><strong>reperietis</strong></span> <span class='ocrx_word' id='word_1_147' title='bbox 935 1144 1153 1183; x_wconf 89' lang='lat' dir='ltr'><strong>hereditate</strong></span> <span class='ocrx_word' id='word_1_148' title='bbox 1182 1144 1235 1182; x_wconf 91' lang='lat' dir='ltr'><strong>ita</strong></span> <span class='ocrx_word' id='word_1_149' title='bbox 1264 1144 1383 1182; x_wconf 90' lang='lat' dir='ltr'><strong>istum</strong></span> <span class='ocrx_word' id='word_1_150' title='bbox 1413 1158 1519 1195; x_wconf 85' lang='lat' dir='ltr'><strong>prae-</strong></span> 
     </span>
     <span class='ocr_line' id='line_1_18' title="bbox 186 1208 1517 1260; baseline 0.001 -14"><span class='ocrx_word' id='word_1_151' title='bbox 186 1209 323 1246; x_wconf 89' lang='lat' dir='ltr'><strong>datum</strong></span> <span class='ocrx_word' id='word_1_152' title='bbox 353 1216 395 1247; x_wconf 91' lang='lat' dir='ltr'><strong>ut</strong></span> <span class='ocrx_word' id='word_1_153' title='bbox 421 1223 616 1259; x_wconf 89' lang='lat' dir='ltr'><strong>perpauca</strong></span> <span class='ocrx_word' id='word_1_154' title='bbox 643 1211 797 1248; x_wconf 84' lang='lat' dir='ltr'><strong>occulte</strong></span> <span class='ocrx_word' id='word_1_155' title='bbox 824 1208 957 1248; x_wconf 90' lang='lat' dir='ltr'><strong>fecerit</strong></span> <span class='ocrx_word' id='word_1_156' title='bbox 972 1225 981 1257; x_wconf 80' lang='lat'><em>3</em></span> <span class='ocrx_word' id='word_1_157' title='bbox 1010 1210 1202 1260; x_wconf 90' lang='lat' dir='ltr'><strong>populum</strong></span> <span class='ocrx_word' id='word_1_158' title='bbox 1231 1210 1517 1259; x_wconf 86' lang='lat' dir='ltr'><strong>Syracusanum</strong></span> 
     </span>
     <span class='ocr_line' id='line_1_19' title="bbox 186 1272 1518 1324; baseline 0.002 -14"><span class='ocrx_word' id='word_1_159' title='bbox 186 1272 225 1310; x_wconf 91' lang='lat' dir='ltr'><strong>in</strong></span> <span class='ocrx_word' id='word_1_160' title='bbox 264 1273 473 1312; x_wconf 87' lang='lat' dir='ltr'><strong>maximam</strong></span> <span class='ocrx_word' id='word_1_161' title='bbox 513 1274 701 1313; x_wconf 88' lang='lat' dir='ltr'><strong>invidiam</strong></span> <span class='ocrx_word' id='word_1_162' title='bbox 741 1288 811 1313; x_wconf 84' lang='lat' dir='ltr'><strong>sua</strong></span> <span class='ocrx_word' id='word_1_163' title='bbox 848 1274 1019 1322; x_wconf 87' lang='lat' dir='ltr'><strong>infamia,</strong></span> <span class='ocrx_word' id='word_1_164' title='bbox 1053 1274 1183 1312; x_wconf 89' lang='lat' dir='ltr'><strong>alieno</strong></span> <span class='ocrx_word' id='word_1_165' title='bbox 1221 1274 1397 1324; x_wconf 87' lang='lat' dir='ltr'><strong>praemio</strong></span> <span class='ocrx_word' id='word_1_166' title='bbox 1436 1288 1518 1324; x_wconf 90' lang='lat' dir='ltr'><strong>per-</strong></span> 
     </span>
     <span class='ocr_line' id='line_1_20' title="bbox 185 1337 1516 1390; baseline 0.002 -15"><span class='ocrx_word' id='word_1_167' title='bbox 185 1337 348 1386; x_wconf 87' lang='lat' dir='ltr'><strong>venisse,</strong></span> <span class='ocrx_word' id='word_1_168' title='bbox 390 1352 536 1389; x_wconf 92' lang='lat' dir='ltr'><strong>paucos</strong></span> <span class='ocrx_word' id='word_1_169' title='bbox 575 1341 978 1389; x_wconf 76' lang='lat' dir='ltr'><strong>Syracusanos‚—eos</strong></span> <span class='ocrx_word' id='word_1_170' title='bbox 1016 1339 1082 1389; x_wconf 85' lang='lat' dir='ltr'><strong>qui</strong></span> <span class='ocrx_word' id='word_1_171' title='bbox 1122 1352 1228 1377; x_wconf 92' lang='lat' dir='ltr'><strong>nunc</strong></span> <span class='ocrx_word' id='word_1_172' title='bbox 1274 1353 1315 1378; x_wconf 91' lang='lat' dir='ltr'><strong>se</strong></span> <span class='ocrx_word' id='word_1_173' title='bbox 1357 1339 1516 1390; x_wconf 87' lang='lat' dir='ltr'><strong>publice</strong></span> 
     </span>
     <span class='ocr_line' id='line_1_21' title="bbox 184 1403 1578 1455; baseline 0.001 -15"><span class='ocrx_word' id='word_1_174' title='bbox 184 1403 420 1442; x_wconf 85' lang='lat' dir='ltr'><strong>laudationis</strong></span> <span class='ocrx_word' id='word_1_175' title='bbox 449 1417 568 1442; x_wconf 87' lang='lat' dir='ltr'><strong>causa</strong></span> <span class='ocrx_word' id='word_1_176' title='bbox 593 1404 747 1444; x_wconf 84' lang='lat' dir='ltr'><strong>venisse</strong></span> <span class='ocrx_word' id='word_1_177' title='bbox 774 1404 1020 1450; x_wconf 83' lang='lat' dir='ltr'><strong>dicunt‚—et</strong></span> <span class='ocrx_word' id='word_1_178' title='bbox 1048 1412 1142 1443; x_wconf 89' lang='lat' dir='ltr'><strong>tunc</strong></span> <span class='ocrx_word' id='word_1_179' title='bbox 1171 1405 1378 1455; x_wconf 78' lang='lat' dir='ltr'><strong>participes</strong></span> <span class='ocrx_word' id='word_1_180' title='bbox 1409 1418 1515 1455; x_wconf 89' lang='lat' dir='ltr'><strong>prae·</strong></span> <span class='ocrx_word' id='word_1_181' title='bbox 1537 1418 1578 1442; x_wconf 88' lang='lat'><strong>20</strong></span> 
     </span>
     <span class='ocr_line' id='line_1_22' title="bbox 183 1468 1515 1516; baseline 0.002 -11"><span class='ocrx_word' id='word_1_182' title='bbox 183 1469 258 1506; x_wconf 89' lang='lat' dir='ltr'><strong>dae</strong></span> <span class='ocrx_word' id='word_1_183' title='bbox 278 1468 396 1506; x_wconf 90' lang='lat' dir='ltr'><strong>fuisse</strong></span> <span class='ocrx_word' id='word_1_184' title='bbox 417 1476 455 1507; x_wconf 91' lang='lat' dir='ltr'><strong>et</strong></span> <span class='ocrx_word' id='word_1_185' title='bbox 475 1483 581 1508; x_wconf 88' lang='lat' dir='ltr'><strong>nunc</strong></span> <span class='ocrx_word' id='word_1_186' title='bbox 608 1483 688 1508; x_wconf 89' lang='lat' dir='ltr'><strong>non</strong></span> <span class='ocrx_word' id='word_1_187' title='bbox 715 1470 767 1508; x_wconf 84' lang='lat' dir='ltr'><strong>ad</strong></span> <span class='ocrx_word' id='word_1_188' title='bbox 794 1469 904 1507; x_wconf 89' lang='lat' dir='ltr'><strong>istius</strong></span> <span class='ocrx_word' id='word_1_189' title='bbox 931 1469 1212 1516; x_wconf 87' lang='lat' dir='ltr'><strong>laudationem,</strong></span> <span class='ocrx_word' id='word_1_190' title='bbox 1236 1471 1304 1508; x_wconf 89' lang='lat' dir='ltr'><strong>sed</strong></span> <span class='ocrx_word' id='word_1_191' title='bbox 1332 1471 1383 1508; x_wconf 87' lang='lat' dir='ltr'><strong>ad</strong></span> <span class='ocrx_word' id='word_1_192' title='bbox 1411 1483 1515 1508; x_wconf 91' lang='lat' dir='ltr'><strong>com-</strong></span> 
     </span>
     <span class='ocr_line' id='line_1_23' title="bbox 183 1533 1515 1585; baseline 0.002 -15"><span class='ocrx_word' id='word_1_193' title='bbox 183 1546 343 1571; x_wconf 91' lang='lat' dir='ltr'><strong>munem</strong></span> <span class='ocrx_word' id='word_1_194' title='bbox 375 1533 501 1571; x_wconf 89' lang='lat' dir='ltr'><strong>litium</strong></span> <span class='ocrx_word' id='word_1_195' title='bbox 533 1534 849 1573; x_wconf 86' lang='lat' dir='ltr'><strong>aestimationem</strong></span> <span class='ocrx_word' id='word_1_196' title='bbox 883 1534 1046 1573; x_wconf 86' lang='lat' dir='ltr'><strong>venisse.</strong></span> <span class='ocrx_word' id='word_1_197' title='bbox 1108 1537 1372 1585; x_wconf 82' lang='lat' dir='ltr'><strong>Posteaquam</strong></span> <span class='ocrx_word' id='word_1_198' title='bbox 1407 1536 1515 1574; x_wconf 90' lang='lat' dir='ltr'><strong>dam-</strong></span> 
     </span>
     <span class='ocr_line' id='line_1_24' title="bbox 182 1599 1514 1650; baseline 0.003 -15"><span class='ocrx_word' id='word_1_199' title='bbox 182 1605 296 1636; x_wconf 84' lang='lat' dir='ltr'><strong>natus</strong></span> <span class='ocrx_word' id='word_1_200' title='bbox 335 1606 392 1636; x_wconf 90' lang='lat' dir='ltr'><strong>est</strong></span> <span class='ocrx_word' id='word_1_201' title='bbox 430 1599 582 1647; x_wconf 88' lang='lat' dir='ltr'><strong>absens,</strong></span> <span class='ocrx_word' id='word_1_202' title='bbox 624 1613 705 1638; x_wconf 93' lang='lat' dir='ltr'><strong>non</strong></span> <span class='ocrx_word' id='word_1_203' title='bbox 747 1601 874 1638; x_wconf 89' lang='lat' dir='ltr'><strong>solum</strong></span> <span class='ocrx_word' id='word_1_204' title='bbox 921 1599 1022 1638; x_wconf 87' lang='lat' dir='ltr'><strong>illius</strong></span> <span class='ocrx_word' id='word_1_205' title='bbox 1069 1600 1295 1639; x_wconf 88' lang='lat' dir='ltr'><strong>hereditatis</strong></span> <span class='ocrx_word' id='word_1_206' title='bbox 1341 1602 1391 1639; x_wconf 91' lang='lat' dir='ltr'><strong>de</strong></span> <span class='ocrx_word' id='word_1_207' title='bbox 1436 1614 1514 1650; x_wconf 80' lang='lat' dir='ltr'><strong>qua</strong></span> 
     </span>
     <span class='ocr_line' id='line_1_25' title="bbox 181 1662 1511 1715; baseline 0.003 -15"><span class='ocrx_word' id='word_1_208' title='bbox 181 1662 462 1713; x_wconf 84' lang='lat' dir='ltr'><strong>ambigebatur,</strong></span> <span class='ocrx_word' id='word_1_209' title='bbox 486 1678 587 1715; x_wconf 84' lang='lat' dir='ltr'><strong>quae</strong></span> <span class='ocrx_word' id='word_1_210' title='bbox 616 1673 697 1703; x_wconf 88' lang='lat' dir='ltr'><strong>erat</strong></span> <span class='ocrx_word' id='word_1_211' title='bbox 727 1666 796 1703; x_wconf 89' lang='lat' dir='ltr'><strong>HS</strong></span> <span class='ocrx_word' id='word_1_212' title='bbox 825 1665 992 1711; x_wconf 85' lang='lat' dir='ltr'><strong>triciens,</strong></span> <span class='ocrx_word' id='word_1_213' title='bbox 1018 1667 1087 1704; x_wconf 87' lang='lat' dir='ltr'><strong>sed</strong></span> <span class='ocrx_word' id='word_1_214' title='bbox 1115 1666 1294 1704; x_wconf 88' lang='lat' dir='ltr'><strong>omnium</strong></span> <span class='ocrx_word' id='word_1_215' title='bbox 1316 1666 1511 1705; x_wconf 88' lang='lat' dir='ltr'><strong>bonorum</strong></span> 
     </span>
     <span class='ocr_line' id='line_1_26' title="bbox 181 1729 1572 1781; baseline 0.004 -16"><span class='ocrx_word' id='word_1_216' title='bbox 181 1736 431 1777; x_wconf 89' lang='lat' dir='ltr'><strong>paternorum</strong></span> <span class='ocrx_word' id='word_1_217' title='bbox 462 1729 583 1779; x_wconf 90' lang='lat' dir='ltr'><strong>ipsius</strong></span> <span class='ocrx_word' id='word_1_218' title='bbox 614 1730 801 1778; x_wconf 89' lang='lat' dir='ltr'><strong>Heraclii,</strong></span> <span class='ocrx_word' id='word_1_219' title='bbox 825 1744 926 1781; x_wconf 85' lang='lat' dir='ltr'><strong>quae</strong></span> <span class='ocrx_word' id='word_1_220' title='bbox 953 1745 1034 1769; x_wconf 93' lang='lat' dir='ltr'><strong>non</strong></span> <span class='ocrx_word' id='word_1_221' title='bbox 1068 1731 1195 1770; x_wconf 91' lang='lat' dir='ltr'><strong>minor</strong></span> <span class='ocrx_word' id='word_1_222' title='bbox 1221 1739 1302 1770; x_wconf 90' lang='lat' dir='ltr'><strong>erat</strong></span> <span class='ocrx_word' id='word_1_223' title='bbox 1332 1731 1509 1781; x_wconf 86' lang='lat' dir='ltr'><strong>pecunia,</strong></span> <span class='ocrx_word' id='word_1_224' title='bbox 1536 1750 1572 1781; x_wconf 88' lang='lat'><strong>²5</strong></span> 
     </span>
     <span class='ocr_line' id='line_1_27' title="bbox 182 1794 1512 1847; baseline 0.004 -17"><span class='ocrx_word' id='word_1_225' title='bbox 182 1794 396 1843; x_wconf 86' lang='lat' dir='ltr'><strong>palaestrae</strong></span> <span class='ocrx_word' id='word_1_226' title='bbox 427 1796 769 1844; x_wconf 83' lang='lat' dir='ltr'><strong>Syracusanorum,</strong></span> <span class='ocrx_word' id='word_1_227' title='bbox 807 1797 884 1834; x_wconf 91' lang='lat' dir='ltr'><strong>hoc</strong></span> <span class='ocrx_word' id='word_1_228' title='bbox 923 1804 981 1835; x_wconf 89' lang='lat' dir='ltr'><strong>est</strong></span> <span class='ocrx_word' id='word_1_229' title='bbox 1015 1796 1277 1847; x_wconf 83' lang='lat' dir='ltr'><strong>Syracusanis,</strong></span> <span class='ocrx_word' id='word_1_230' title='bbox 1314 1796 1512 1846; x_wconf 89' lang='lat' dir='ltr'><strong>possessio</strong></span> 
     </span>
    </p>

    <p class='ocr_par' dir='ltr' id='par_1_6' title="bbox 120 1858 1511 2040">
     <span class='ocr_line' id='line_1_28' title="bbox 120 1858 1510 1912; baseline 0.003 -17"><span class='ocrx_word' id='word_1_231' title='bbox 120 1863 164 1905; x_wconf 87' lang='lat'><strong>46</strong></span> <span class='ocrx_word' id='word_1_232' title='bbox 182 1858 354 1896; x_wconf 86' lang='lat' dir='ltr'><strong>traditur.</strong></span> <span class='ocrx_word' id='word_1_233' title='bbox 428 1860 542 1908; x_wconf 86' lang='lat' dir='ltr'><strong>Quae</strong></span> <span class='ocrx_word' id='word_1_234' title='bbox 580 1868 638 1898; x_wconf 90' lang='lat' dir='ltr'><strong>est</strong></span> <span class='ocrx_word' id='word_1_235' title='bbox 676 1860 748 1899; x_wconf 77' lang='lat' dir='ltr'><strong>ista</strong></span> <span class='ocrx_word' id='word_1_236' title='bbox 794 1863 1002 1912; x_wconf 88' lang='lat' dir='ltr'><strong>praetura?</strong></span> <span class='ocrx_word' id='word_1_237' title='bbox 1078 1861 1206 1911; x_wconf 87' lang='lat' dir='ltr'><strong>Eripis</strong></span> <span class='ocrx_word' id='word_1_238' title='bbox 1252 1861 1510 1900; x_wconf 88' lang='lat' dir='ltr'><strong>hereditatem</strong></span> 
     </span>
     <span class='ocr_line' id='line_1_29' title="bbox 182 1926 1511 1977; baseline 0.004 -17"><span class='ocrx_word' id='word_1_239' title='bbox 182 1936 283 1971; x_wconf 78' lang='lat' dir='ltr'><strong>quae</strong></span> <span class='ocrx_word' id='word_1_240' title='bbox 321 1932 479 1962; x_wconf 79' lang='lat' dir='ltr'><strong>venerat</strong></span> <span class='ocrx_word' id='word_1_241' title='bbox 522 1939 545 1963; x_wconf 89' lang='lat' dir='ltr'><strong>a</strong></span> <span class='ocrx_word' id='word_1_242' title='bbox 583 1926 818 1977; x_wconf 84' lang='lat' dir='ltr'><strong>propinquo,</strong></span> <span class='ocrx_word' id='word_1_243' title='bbox 859 1934 1017 1965; x_wconf 80' lang='lat' dir='ltr'><strong>venerat</strong></span> <span class='ocrx_word' id='word_1_244' title='bbox 1063 1934 1313 1972; x_wconf 79' lang='lat' dir='ltr'><strong>testamento,</strong></span> <span class='ocrx_word' id='word_1_245' title='bbox 1352 1934 1511 1965; x_wconf 78' lang='lat' dir='ltr'><strong>venerat</strong></span> 
     </span>
     <span class='ocr_line' id='line_1_30' title="bbox 181 1988 1510 2040; baseline 0.002 -15"><span class='ocrx_word' id='word_1_246' title='bbox 181 1988 359 2037; x_wconf 74' lang='lat' dir='ltr'><strong>legibt183</strong></span> <span class='ocrx_word' id='word_1_247' title='bbox 388 2002 489 2039; x_wconf 86' lang='lat' dir='ltr'><strong>quae</strong></span> <span class='ocrx_word' id='word_1_248' title='bbox 510 1991 616 2029; x_wconf 89' lang='lat' dir='ltr'><strong>bona</strong></span> <span class='ocrx_word' id='word_1_249' title='bbox 639 1990 757 2040; x_wconf 80' lang='lat' dir='ltr'><strong>isqui</strong></span> <span class='ocrx_word' id='word_1_250' title='bbox 787 1999 1065 2030; x_wconf 89' lang='lat' dir='ltr'><strong>testamentum</strong></span> <span class='ocrx_word' id='word_1_251' title='bbox 1094 1992 1238 2029; x_wconf 89' lang='lat' dir='ltr'><strong>fecerat</strong></span> <span class='ocrx_word' id='word_1_252' title='bbox 1266 1990 1357 2028; x_wconf 88' lang='lat' dir='ltr'><strong>huic</strong></span> <span class='ocrx_word' id='word_1_253' title='bbox 1387 1992 1510 2028; x_wconf 89' lang='lat' dir='ltr'><strong>Hera-</strong></span> 
     </span>
    </p>
   </div>
   <div class='ocr_carea' id='block_1_3' title="bbox 176 2092 1508 2222">
    <p class='ocr_par' dir='ltr' id='par_1_7' title="bbox 176 2092 1508 2222">
     <span class='ocr_line' id='line_1_31' title="bbox 224 2092 1507 2135; baseline 0.004 -14"><span class='ocrx_word' id='word_1_254' title='bbox 224 2101 243 2121; x_wconf 91' lang='lat'><em>2</em></span> <span class='ocrx_word' id='word_1_255' title='bbox 267 2096 319 2122; x_wconf 89' lang='lat' dir='ltr'><strong>est</strong></span> <span class='ocrx_word' id='word_1_256' title='bbox 338 2092 388 2123; x_wconf 91' lang='lat' dir='ltr'><strong>O:</strong></span> <span class='ocrx_word' id='word_1_257' title='bbox 413 2096 516 2126; x_wconf 89' lang='lat' dir='ltr'><strong>everti</strong></span> <span class='ocrx_word' id='word_1_258' title='bbox 534 2098 577 2128; x_wconf 85' lang='lat' dir='ltr'><strong>sit</strong></span> <span class='ocrx_word' id='word_1_259' title='bbox 596 2108 737 2128; x_wconf 87' lang='lat' dir='ltr'><strong>necesse</strong></span> <span class='ocrx_word' id='word_1_260' title='bbox 755 2096 834 2127; x_wconf 79' lang='lat' dir='ltr'><em>coni.</em></span> <span class='ocrx_word' id='word_1_261' title='bbox 856 2094 1014 2126; x_wconf 80' lang='lat' dir='ltr'><strong>Zielinski</strong></span> <span class='ocrx_word' id='word_1_262' title='bbox 1030 2098 1075 2135; x_wconf 71' lang='lat' dir='ltr'><strong>[p.</strong></span> <span class='ocrx_word' id='word_1_263' title='bbox 1102 2095 1177 2134; x_wconf 63' lang='lat'>193)</span> <span class='ocrx_word' id='word_1_264' title='bbox 1308 2094 1422 2133; x_wconf 82' lang='lat' dir='ltr'><strong>negari</strong></span> <span class='ocrx_word' id='word_1_265' title='bbox 1440 2105 1507 2126; x_wconf 91' lang='lat' dir='ltr'><strong>non</strong></span> 
     </span>
     <span class='ocr_line' id='line_1_32' title="bbox 177 2135 1508 2179; baseline 0.003 -13"><span class='ocrx_word' id='word_1_266' title='bbox 177 2141 289 2174; x_wconf 86' lang='lat' dir='ltr'><strong>potest</strong></span> <span class='ocrx_word' id='word_1_267' title='bbox 308 2135 339 2166; x_wconf 91' lang='lat' dir='ltr'><em>O</em></span> <span class='ocrx_word' id='word_1_268' title='bbox 440 2148 459 2176; x_wconf 89' lang='lat'><strong>4</strong></span> <span class='ocrx_word' id='word_1_269' title='bbox 484 2137 568 2168; x_wconf 88' lang='lat' dir='ltr'><strong>dicis</strong></span> <span class='ocrx_word' id='word_1_270' title='bbox 588 2136 619 2168; x_wconf 92' lang='grc' dir='ltr'><em>Ο</em></span> <span class='ocrx_word' id='word_1_271' title='bbox 635 2139 669 2177; x_wconf 64' lang='grc' dir='ltr'><strong>(ξ</strong></span> <span class='ocrx_word' id='word_1_272' title='bbox 691 2148 750 2176; x_wconf 82' lang='lat'><strong>123</strong></span> <span class='ocrx_word' id='word_1_273' title='bbox 775 2138 822 2175; x_wconf 77' lang='lat' dir='ltr'><strong>iii,</strong></span> <span class='ocrx_word' id='word_1_274' title='bbox 842 2141 856 2176; x_wconf 67' lang='grc' dir='ltr'>ξ</span> <span class='ocrx_word' id='word_1_275' title='bbox 876 2139 953 2177; x_wconf 71' lang='grc'>48);</span> <span class='ocrx_word' id='word_1_276' title='bbox 980 2139 1072 2169; x_wconf 88' lang='lat' dir='ltr'><strong>dices</strong></span> <span class='ocrx_word' id='word_1_277' title='bbox 1092 2138 1156 2169; x_wconf 83' lang='lat' dir='ltr'><strong>rell.</strong></span> <span class='ocrx_word' id='word_1_278' title='bbox 1178 2138 1270 2179; x_wconf 76' lang='lat' dir='ltr'><em>(Div.</em></span> <span class='ocrx_word' id='word_1_279' title='bbox 1293 2143 1306 2177; x_wconf 68' lang='grc' dir='ltr'>ξ</span> <span class='ocrx_word' id='word_1_280' title='bbox 1331 2140 1382 2179; x_wconf 84' lang='lat'><strong>12)</strong></span> <span class='ocrx_word' id='word_1_281' title='bbox 1487 2142 1508 2170; x_wconf 90' lang='lat'><strong>6</strong></span> 
     </span>
     <span class='ocr_line' id='line_1_33' title="bbox 176 2178 1507 2222; baseline 0.005 -14"><span class='ocrx_word' id='word_1_282' title='bbox 176 2178 232 2209; x_wconf 90' lang='lat' dir='ltr'><strong>ille</strong></span> <span class='ocrx_word' id='word_1_283' title='bbox 253 2179 294 2208; x_wconf 85' lang='lat'><strong>0¹</strong></span> <span class='ocrx_word' id='word_1_284' title='bbox 313 2191 320 2211; x_wconf 77' lang='grc' dir='ltr'><strong>ε</strong></span> <span class='ocrx_word' id='word_1_285' title='bbox 346 2180 401 2211; x_wconf 89' lang='lat' dir='ltr'><strong>ille</strong></span> <span class='ocrx_word' id='word_1_286' title='bbox 419 2181 492 2220; x_wconf 85' lang='lat' dir='ltr'><strong>ipse</strong></span> <span class='ocrx_word' id='word_1_287' title='bbox 511 2181 574 2213; x_wconf 78' lang='lat' dir='ltr'><strong>rell.</strong></span> <span class='ocrx_word' id='word_1_288' title='bbox 670 2191 686 2220; x_wconf 94' lang='lat'><strong>7</strong></span> <span class='ocrx_word' id='word_1_289' title='bbox 713 2182 901 2221; x_wconf 85' lang='lat' dir='ltr'><strong>postularet</strong></span> <span class='ocrx_word' id='word_1_290' title='bbox 922 2181 967 2212; x_wconf 89' lang='lat' dir='ltr'><strong>Ol</strong></span> <span class='ocrx_word' id='word_1_291' title='bbox 984 2181 1064 2213; x_wconf 82' lang='lat' dir='ltr'><strong>Par.</strong></span> <span class='ocrx_word' id='word_1_292' title='bbox 1087 2184 1171 2222; x_wconf 90' lang='lat'><strong>7786</strong></span> <span class='ocrx_word' id='word_1_293' title='bbox 1273 2192 1311 2213; x_wconf 85' lang='lat'><strong>12</strong></span> <span class='ocrx_word' id='word_1_294' title='bbox 1336 2183 1443 2222; x_wconf 88' lang='lat' dir='ltr'><strong>inquit</strong></span> <span class='ocrx_word' id='word_1_295' title='bbox 1462 2182 1507 2214; x_wconf 84' lang='grc' dir='ltr'><strong>Ο1</strong></span> 
     </span>
    </p>
   </div>
   <div class='ocr_carea' id='block_1_4' title="bbox 177 2223 1509 2353">
    <p class='ocr_par' dir='ltr' id='par_1_8' title="bbox 177 2223 1509 2353">
     <span class='ocr_line' id='line_1_34' title="bbox 180 2223 1507 2266; baseline 0.005 -15"><span class='ocrx_word' id='word_1_296' title='bbox 180 2223 219 2251; x_wconf 91' lang='lat'><strong>16</strong></span> <span class='ocrx_word' id='word_1_297' title='bbox 242 2223 341 2253; x_wconf 87' lang='lat' dir='ltr'><strong>istum</strong></span> <span class='ocrx_word' id='word_1_298' title='bbox 367 2225 413 2254; x_wconf 89' lang='lat' dir='ltr'><strong>ita</strong></span> <span class='ocrx_word' id='word_1_299' title='bbox 433 2225 463 2255; x_wconf 89' lang='lat' dir='ltr'><em>O</em></span> <span class='ocrx_word' id='word_1_300' title='bbox 479 2225 572 2263; x_wconf 64' lang='lat' dir='ltr'><em>(Diu.</em></span> <span class='ocrx_word' id='word_1_301' title='bbox 592 2227 607 2262; x_wconf 68' lang='grc' dir='ltr'><strong>ξ</strong></span> <span class='ocrx_word' id='word_1_302' title='bbox 630 2234 664 2263; x_wconf 85' lang='grc' dir='ltr'><strong>Ι;</strong></span> <span class='ocrx_word' id='word_1_303' title='bbox 691 2225 721 2256; x_wconf 85' lang='lat' dir='ltr'><strong>ii.</strong></span> <span class='ocrx_word' id='word_1_304' title='bbox 746 2230 759 2262; x_wconf 65' lang='grc' dir='ltr'>ξ</span> <span class='ocrx_word' id='word_1_305' title='bbox 783 2236 865 2265; x_wconf 69' lang='grc' dir='ltr'><strong>ιοος</strong></span> <span class='ocrx_word' id='word_1_306' title='bbox 891 2226 935 2260; x_wconf 77' lang='lat' dir='ltr'><strong>iii,</strong></span> <span class='ocrx_word' id='word_1_307' title='bbox 958 2230 972 2264; x_wconf 67' lang='grc' dir='ltr'>ξ</span> <span class='ocrx_word' id='word_1_308' title='bbox 995 2227 1071 2265; x_wconf 57' lang='grc'><strong>145)</strong></span> <span class='ocrx_word' id='word_1_309' title='bbox 1209 2236 1244 2264; x_wconf 84' lang='lat'><strong>¹7</strong></span> <span class='ocrx_word' id='word_1_310' title='bbox 1263 2227 1421 2266; x_wconf 90' lang='lat' dir='ltr'><strong>populum</strong></span> <span class='ocrx_word' id='word_1_311' title='bbox 1443 2225 1507 2257; x_wconf 85' lang='lat'><strong>0¹:</strong></span> 
     </span>
     <span class='ocr_line' id='line_1_35' title="bbox 178 2267 1508 2310; baseline 0.004 -14"><span class='ocrx_word' id='word_1_312' title='bbox 178 2267 336 2305; x_wconf 90' lang='lat' dir='ltr'><strong>populum</strong></span> <span class='ocrx_word' id='word_1_313' title='bbox 354 2269 487 2307; x_wconf 85' lang='lat' dir='ltr'><strong>quidem</strong></span> <span class='ocrx_word' id='word_1_314' title='bbox 506 2268 569 2299; x_wconf 75' lang='lat' dir='ltr'><strong>rell.</strong></span> <span class='ocrx_word' id='word_1_315' title='bbox 708 2278 748 2308; x_wconf 90' lang='lat'><strong>19</strong></span> <span class='ocrx_word' id='word_1_316' title='bbox 772 2280 858 2300; x_wconf 89' lang='lat' dir='ltr'><strong>nunc</strong></span> <span class='ocrx_word' id='word_1_317' title='bbox 876 2279 912 2299; x_wconf 87' lang='lat' dir='ltr'><strong>se</strong></span> <span class='ocrx_word' id='word_1_318' title='bbox 931 2269 1025 2300; x_wconf 77' lang='lat' dir='ltr'><strong>Onk:</strong></span> <span class='ocrx_word' id='word_1_319' title='bbox 1051 2279 1087 2300; x_wconf 90' lang='lat' dir='ltr'><strong>se</strong></span> <span class='ocrx_word' id='word_1_320' title='bbox 1106 2279 1192 2300; x_wconf 85' lang='lat' dir='ltr'><strong>nunc</strong></span> <span class='ocrx_word' id='word_1_321' title='bbox 1212 2270 1230 2299; x_wconf 88' lang='lat' dir='ltr'><strong>b</strong></span> <span class='ocrx_word' id='word_1_322' title='bbox 1246 2270 1333 2310; x_wconf 83' lang='lat' dir='ltr'><strong>vulg.</strong></span> <span class='ocrx_word' id='word_1_323' title='bbox 1464 2281 1508 2301; x_wconf 86' lang='lat'><strong>20</strong></span> 
     </span>
     <span class='ocr_line' id='line_1_36' title="bbox 177 2310 1509 2353; baseline 0.003 -13"><span class='ocrx_word' id='word_1_324' title='bbox 177 2314 258 2340; x_wconf 89' lang='lat' dir='ltr'><strong>tunc</strong></span> <span class='ocrx_word' id='word_1_325' title='bbox 276 2311 336 2341; x_wconf 76' lang='lat' dir='ltr'><strong>nb:</strong></span> <span class='ocrx_word' id='word_1_326' title='bbox 362 2312 402 2341; x_wconf 75' lang='lat' dir='ltr'><strong>d1&#39;1</strong></span> <span class='ocrx_word' id='word_1_327' title='bbox 419 2310 467 2342; x_wconf 78' lang='lat' dir='ltr'><strong>O:</strong></span> <span class='ocrx_word' id='word_1_328' title='bbox 494 2317 563 2342; x_wconf 85' lang='lat' dir='ltr'><strong>tum</strong></span> <span class='ocrx_word' id='word_1_329' title='bbox 580 2310 649 2343; x_wconf 81' lang='lat' dir='ltr'><strong>edd.</strong></span> <span class='ocrx_word' id='word_1_330' title='bbox 755 2321 840 2342; x_wconf 86' lang='lat'>21-2</span> <span class='ocrx_word' id='word_1_331' title='bbox 864 2313 923 2343; x_wconf 89' lang='lat' dir='ltr'><strong>sed</strong></span> <span class='ocrx_word' id='word_1_332' title='bbox 940 2313 981 2343; x_wconf 92' lang='lat' dir='ltr'><strong>ad</strong></span> <span class='ocrx_word' id='word_1_333' title='bbox 1000 2336 1008 2344; x_wconf 89' lang='lat'><strong>.</strong></span> <span class='ocrx_word' id='word_1_334' title='bbox 1029 2337 1036 2343; x_wconf 92' lang='lat'>.</span> <span class='ocrx_word' id='word_1_335' title='bbox 1058 2337 1063 2343; x_wconf 93' lang='lat'><em>.</em></span> <span class='ocrx_word' id='word_1_336' title='bbox 1082 2313 1218 2344; x_wconf 89' lang='lat' dir='ltr'><strong>venisse</strong></span> <span class='ocrx_word' id='word_1_337' title='bbox 1235 2324 1302 2345; x_wconf 87' lang='lat' dir='ltr'><strong>om.</strong></span> <span class='ocrx_word' id='word_1_338' title='bbox 1319 2313 1366 2344; x_wconf 90' lang='lat' dir='ltr'><strong>cO</strong></span> <span class='ocrx_word' id='word_1_339' title='bbox 1467 2324 1509 2353; x_wconf 82' lang='lat'><strong>29</strong></span> 
     </span>
    </p>
   </div>
   <div class='ocr_carea' id='block_1_5' title="bbox 179 2353 1085 2396">
    <p class='ocr_par' dir='ltr' id='par_1_9' title="bbox 179 2353 1085 2396">
     <span class='ocr_line' id='line_1_37' title="bbox 179 2353 1085 2396; baseline 0.003 -13"><span class='ocrx_word' id='word_1_340' title='bbox 179 2353 304 2384; x_wconf 84' lang='lat' dir='ltr'><strong>fecerat</strong></span> <span class='ocrx_word' id='word_1_341' title='bbox 321 2365 338 2384; x_wconf 86' lang='lat' dir='ltr'><strong>c</strong></span> <span class='ocrx_word' id='word_1_342' title='bbox 351 2354 457 2385; x_wconf 82' lang='lat' dir='ltr'><strong>Arus.</strong></span> <span class='ocrx_word' id='word_1_343' title='bbox 474 2355 573 2385; x_wconf 85' lang='lat' dir='ltr'><strong>Mess.</strong></span> <span class='ocrx_word' id='word_1_344' title='bbox 594 2366 601 2385; x_wconf 92' lang='lat'><strong>:</strong></span> <span class='ocrx_word' id='word_1_345' title='bbox 625 2354 774 2385; x_wconf 85' lang='lat' dir='ltr'><strong>fecerant</strong></span> <span class='ocrx_word' id='word_1_346' title='bbox 794 2355 836 2385; x_wconf 86' lang='lat'><strong>0¹</strong></span> <span class='ocrx_word' id='word_1_347' title='bbox 854 2368 861 2386; x_wconf 76' lang='lat' dir='ltr'><em>z</em></span> <span class='ocrx_word' id='word_1_348' title='bbox 886 2355 963 2386; x_wconf 87' lang='lat' dir='ltr'><strong>fecit</strong></span> <span class='ocrx_word' id='word_1_349' title='bbox 977 2361 1003 2396; x_wconf 88' lang='lat' dir='ltr'><strong>p</strong></span> <span class='ocrx_word' id='word_1_350' title='bbox 1021 2355 1085 2387; x_wconf 86' lang='lat' dir='ltr'><strong>rell.</strong></span> 
     </span>
    </p>
   </div>
  </div>
 </body>
</html>
