1769 2739
689 101 1006 140 PRAEFATIO

239 216 379 254 librum
400 225 518 263 quem
540 213 578 249 in
603 210 783 249 manibus
805 210 1001 248 habebam
1023 209 1174 246 nullum
1196 221 1280 245 esse
1304 207 1422 245 alium
1444 221 1562 257 quam

239 277 616 331 praestantissimum
649 275 827 314 codicem
861 274 1165 314 Cluniacensem
1198 274 1286 321 498,
1319 271 1386 321 qui
1421 271 1474 310 ibi
1504 272 1564 311 his

239 343 364 382 verbis
386 341 617 380 describitur
634 357 696 379 :--

303 410 477 446 Volumen
506 408 548 444 in
576 420 648 455 quo
677 406 888 442 continetur
929 405 1054 442 Cicero
1087 404 1127 440 in
1171 403 1358 441 Catz'llz'na
1395 408 1432 439 et
1469 403 1563 439 idem

230 481 306 523 pro
348 473 492 521 Quinto
530 471 688 519 Lagaria
726 475 761 506 et
796 477 872 519 pro
911 482 990 517 rege
1028 469 1217 517 Dejotaro
1253 473 1289 504 et
1324 468 1366 503 de
1404 468 1565 515 publicis

238 538 373 575 lilleris
401 542 436 573 et
462 538 505 572 de
543 536 684 572 actione
713 535 879 582 idemque
909 534 949 571 in
991 533 1292 570 leminis—De
1321 544 1410 568 vera
1450 531 1563 569 huius

239 601 338 640 tituli
369 599 686 650 interpretatione
715 599 803 637 vide
833 611 935 648 quae
964 597 1098 648 scripsi
1120 599 1159 634 in
1184 597 1373 636 Classical
1398 597 1562 642 Reviezer,

238 666 322 713 xvii,
346 680 383 716 p.
410 669 493 715 163.

295 733 416 768 Hunc
437 731 615 768 codicem
643 729 682 766 in
709 728 951 767 orationibus
983 726 1219 767 Catilinariis
1249 726 1413 764 edendis
1443 738 1566 775 nuper

238 795 417 834 adhibuit
434 796 583 844 collega
600 808 709 832 meus
726 801 763 832 et
776 795 926 831 amicus
943 793 1127 831 Albertus
1142 793 1186 832 C.
1205 793 1333 838 Clark,
1350 791 1405 829 vir
1418 791 1566 841 optime

239 862 288 899 de
319 862 374 898 M.
406 860 538 897 Tullio
578 859 749 904 meritus,
782 859 920 896 ceteris
950 857 1017 907 qui
1048 864 1200 895 exstant
1238 856 1346 894 libris
1380 855 1566 895 omnibus

239 924 389 974 optimo
409 923 491 962 iure
511 936 769 973 praeponens.
829 923 949 970 Quod
970 923 1020 959 ad
1041 921 1224 960 Verrinas
1245 920 1394 967 attinet,
1418 922 1566 958 nullam

239 990 377 1026 harum
400 988 623 1026 orationum
644 994 795 1037 partem
816 986 889 1024 nisi
911 987 1129 1024 secundum
1148 993 1185 1024 et
1209 985 1365 1024 tertium
1388 985 1567 1023 Actionis

240 1054 444 1092 Secundae
466 1053 585 1091 libros
606 1052 717 1090 initio
738 1052 992 1099 continebat3
1022 1058 1060 1089 et
1080 1051 1404 1101 perincommode
1425 1048 1567 1088 accidit

239 1119 347 1168 quod
368 1118 528 1168 exiguae
549 1124 700 1155 tantum
729 1124 856 1167 partes
886 1116 973 1153 libri
1004 1115 1167 1154 secundi
1198 1129 1303 1153 nunc
1334 1122 1568 1165 supersunt3

240 1183 374 1220 tertius
403 1182 500 1220 liber
529 1189 633 1220 totus
665 1189 722 1219 est
752 1181 992 1231 deperditus.
1069 1182 1148 1219 Sed
1188 1180 1344 1218 criticae
1382 1187 1439 1217 est
1477 1181 1568 1217 artis

241 1260 320 1285 non
350 1248 472 1285 modo
499 1245 659 1284 latentia
683 1246 722 1283 in
744 1247 872 1284 lucem
901 1246 1136 1294 protrahere,
1160 1259 1294 1284 verum
1322 1244 1439 1283 etiam
1466 1244 1568 1282 viam

242 1319 456 1349 monstrare
496 1324 573 1361 qua
603 1310 765 1349 iniuriae
803 1310 989 1360 temporis
1020 1311 1176 1349 obviam
1209 1310 1262 1348 ire
1292 1310 1499 1360 possimus,
1531 1316 1569 1347 et

241 1378 387 1415 damna
413 1375 614 1414 vetustatis
642 1377 747 1414 velut
773 1377 930 1414 reficere
957 1389 1004 1413 ac
1028 1376 1302 1425 redintegrare.
1363 1374 1472 1412 Licet
1493 1387 1570 1412 cer-

241 1448 320 1479 tam
341 1440 532 1478 rationem
553 1441 808 1489 sequentibus
829 1442 888 1478 vel
919 1441 1143 1490 deperditas
1178 1441 1266 1478 cod.
1298 1439 1570 1479 Cluniacensis

242 1514 369 1556 partes
391 1505 524 1544 iubere
545 1505 784 1552 reviviscere,
807 1514 845 1544 et
868 1505 1010 1543 librum
1034 1505 1153 1543 hodie
1182 1506 1357 1543 hiantem
1379 1512 1416 1543 et
1435 1505 1570 1543 decur-

242 1579 365 1611 tatum
387 1570 570 1609 omnibus
592 1571 670 1608 suis
692 1570 864 1608 numeris
886 1578 923 1609 et
945 1571 1120 1620 partibus
1142 1572 1306 1620 explere.

294 1638 414 1675 Anno
441 1638 540 1685 1548
561 1637 756 1685 quaedam
780 1635 960 1674 ‘Scholia
982 1644 1018 1673 et
1042 1635 1330 1685 Castigationes
1347 1635 1355 1652 '
1375 1635 1425 1673 ad
1447 1636 1571 1672 Accu-

243 1700 403 1739 sationis
432 1700 551 1738 libros
582 1700 606 1738 ii
636 1708 675 1739 et
702 1700 741 1738 iii
780 1700 872 1738 iuris
913 1700 1059 1750 publici
1101 1700 1191 1738 fecit
1222 1702 1359 1738 Petrus
1390 1699 1571 1737 Nannius

243 1765 448 1816 (Nanning
476 1778 503 1802 s.
537 1763 776 1815 Nanninck)‚
811 1764 1044 1803 Litterarum
1087 1764 1379 1802 Humaniorum
1410 1763 1450 1800 in
1479 1765 1571 1801 Vni-

243 1830 422 1868 versitate
454 1829 680 1867 Lovaniana
719 1831 928 1868 Professor.
992 1832 1040 1868 In
1072 1829 1131 1868 his
1168 1831 1309 1867 multas
1340 1843 1363 1866 a
1394 1836 1500 1867 textu
1532 1828 1570 1865 in

244 1894 482 1933 editionibus
504 1896 660 1944 vulgato
688 1896 955 1945 discrepantes
987 1894 1176 1933 lectiones
1207 1893 1390 1941 enotavit,
1417 1907 1438 1931 e
1467 1901 1572 1932 vetu-

245 1959 415 1998 stissimo
444 1961 618 2009 quodam
649 1960 788 1998 codice
818 1968 1030 2010 excerptas,
1053 1973 1171 2010 quem
1197 1959 1360 1997 summis
1390 1957 1571 1996 laudibus

245 2031 286 2062 ut
319 2026 504 2062 ‘aureum
534 2024 732 2062 libellum'
756 2032 793 2063 et
824 2039 946 2075 prope
974 2027 1230 2075 ἀναμάρτητον
1254 2026 1474 2062 extulerunt
1505 2024 1571 2073 qui

246 2087 450 2127 Nannium
471 2089 592 2127 secuti
614 2097 703 2127 sunt
725 2090 906 2128 editores,
958 2090 1103 2128 Nannii
1121 2089 1323 2128 varietates
1340 2091 1417 2127 fere
1434 2102 1572 2126 omnes

245 2153 391 2204 recepit
409 2155 494 2193 Car.
515 2156 737 2203 Stephanus
752 2154 895 2206 (1554)
911 2162 949 2193 et
970 2155 1009 2192 in
1024 2154 1269 2205 Appendice‚
1289 2155 1364 2193 vol.
1383 2154 1419 2200 ii,
1440 2168 1475 2203 p.
1496 2155 1570 2190 686

247 2218 453 2269 separatim
475 2219 630 2268 posuit.1

290 2320 302 2340 ¹
328 2321 587 2360 Intelligendum
612 2326 663 2351 est
689 2323 820 2360 priores
844 2322 1058 2352 Verrinarum
1084 2321 1252 2352 editiones
1279 2326 1358 2361 post
1384 2322 1569 2351 Romanam

249 2363 362 2405 (1471)
380 2375 497 2395 omnes
513 2365 683 2404 vulgarem
703 2365 898 2404 praebuisse
916 2370 1043 2396 textum
1062 2365 1116 2405 qui
1138 2366 1169 2395 in
1193 2365 1410 2396 deterioribus
1429 2365 1572 2395 familiae

891 2435 915 2459 v
1400 2433 1465 2467 ag
