1715 2734
172 83 440 122 ACTIONIS
473 83 533 120 IN
564 83 608 121 C.
631 83 873 120 VERREM
904 83 1204 122 SECVNDAE
1235 84 1338 120 LIB.
1364 84 1404 120 ΙΙ
1441 91 1561 130 4511:

170 201 208 232 et
238 195 288 233 de
322 202 390 232 tuo
421 194 496 231 isto
530 195 674 232 scelere
709 193 856 232 nefario
890 193 945 232 nil
979 207 1144 244 queror;
1182 194 1258 232 hoc
1293 193 1382 233 dico
1412 207 1494 232 non

168 259 213 297 iis
251 259 319 309 qui
357 258 563 297 Sthenium
602 267 756 304 norunt,
798 261 875 297 hoc
907 266 965 297 est
1003 258 1153 297 nemini
1185 273 1320 298 eorum
1356 259 1422 309 qui
1454 259 1493 296 in

168 323 298 362 Sicilia
331 325 676 370 fuerunt,—-nemo
715 324 820 361 enim
853 323 1004 374 ignorat
1043 337 1122 373 quo
1156 323 1221 362 hic
1261 323 1300 361 in
1335 323 1494 361 civitate

167 401 237 425 sua
274 389 493 437 splendore,
535 402 613 437 qua
650 389 757 438 apud
795 388 924 426 omnis
963 388 1115 426 Siculos
1155 387 1344 437 dignitate
1375 395 1493 437 atque

131 452 453 495 sexistimatione
487 453 559 499 sit;
598 454 667 491 sed
702 461 744 491 ut
768 453 822 490 illi
856 467 1016 503 quoque
1048 453 1114 503 qui
1150 452 1189 490 in
1219 467 1265 491 ea
1294 453 1495 503 provincia

167 531 247 556 non
277 519 433 555 fuerunt
461 517 686 567 intellegere
713 518 865 567 possint
889 518 929 555 in
957 531 1035 567 quo
1063 518 1225 556 homine
1253 525 1294 556 tu
1315 518 1494 556 statueris

166 583 389 632 exemplum
421 582 504 620 eius
537 582 656 628 modi,
694 584 803 632 quod
837 596 927 620 cum
963 590 1121 633 propter
1152 582 1399 632 iniquitatem
1440 583 1493 621 rei

166 656 249 686 tum
279 648 396 686 etiam
426 656 584 698 propter
614 648 785 686 hominis
819 649 1051 699 dignitatem
1083 650 1269 687 acerbum
1307 650 1492 688 omnibus

164 721 283 762 atque
303 712 592 751 intolerandum
613 713 818 752 videretur.
864 716 986 753 Estne
1006 714 1190 753 Sthenius
1211 714 1242 753 is
1263 714 1340 764 qui,
1364 716 1492 753 omnis

109 795 148 817 10
166 779 336 816 honores
357 777 466 816 domi
487 791 580 816 suae
607 777 791 816 facillime
811 792 902 816 cum
922 780 1089 828 adeptus
1118 786 1230 826 esset,
1253 779 1494 829 amplissime

165 857 211 880 ac
250 842 636 893 magnificentissime
666 843 795 892 gessit,
832 843 899 892 qui
933 843 1125 893 oppidum
1166 857 1246 881 non
1280 844 1494 882 maximum

166 907 343 945 maximis
364 922 410 946 ex
439 908 607 958 pecunia
628 921 697 946 sua
721 907 817 946 locis
838 908 1117 947 communibus
1146 909 1494 959 monumentisque

164 972 374 1019 decoravit,
393 972 503 1011 cuius
524 974 574 1011 de
595 972 741 1010 meritis
763 972 801 1010 in
823 986 904 1010 rem
926 973 1125 1023 publicam
1147 973 1493 1012 Thermitanorum

166 1039 398 1088 Siculosque
419 1037 620 1075 universos
642 1037 713 1075 fuit
728 1051 851 1075 aenea
872 1038 1005 1075 tabula
1026 1039 1100 1075 fixa
1120 1038 1303 1076 Thermis
1320 1038 1359 1076 in
1375 1039 1492 1085 curia,

110 1119 146 1150 ¹5
166 1104 206 1142 in
227 1118 304 1153 qua
324 1102 482 1153 publice
503 1110 583 1140 erat
604 1103 654 1140 de
675 1101 789 1139 huius
811 1102 1013 1140 beneficiis
1030 1102 1216 1152 scriptum
1239 1111 1277 1141 et
1298 1103 1495 1142 incisum?

166 1182 266 1218 quae
301 1168 433 1205 tabula
465 1174 549 1204 tum
582 1166 746 1216 imperio
779 1174 847 1204 tuo
878 1168 1040 1213 revulsa,
1076 1180 1182 1205 nunc
1216 1181 1238 1205 a
1268 1181 1331 1206 me
1361 1176 1493 1207 tamen

164 1235 370 1284 deportata
417 1240 484 1278 est,
531 1239 573 1270 ut
621 1245 758 1269 omnes
802 1230 917 1268 huius
958 1232 1128 1270 honores
1176 1231 1276 1270 inter
1315 1246 1407 1271 suos
1453 1240 1493 1271 et

164 1297 467 1349 amplitudinem
506 1303 667 1346 possent
705 1309 953 1346 cognoscere.
1015 1298 1138 1335 Estne
1177 1296 1241 1335 hic
1280 1297 1347 1347 qui
1385 1299 1492 1348 apud

166 1365 238 1403 Cn.
278 1362 523 1411 Pompeium,
556 1360 812 1399 clarissimum
843 1360 980 1408 virum,
1012 1375 1103 1399 cum
1137 1370 1342 1400 accusatus
1377 1370 1491 1411 esset,

107 1446 147 1467 20
165 1429 274 1478 quod
308 1435 466 1478 propter
496 1428 539 1466 C.
574 1425 675 1463 Mari
704 1425 1004 1464 familiaritatem
1039 1434 1076 1464 et
1112 1426 1325 1476 hospitium
1355 1435 1492 1466 contra

165 1507 246 1532 rem
285 1492 483 1543 publicam
524 1491 691 1529 sensisse
730 1504 820 1528 eum
859 1490 1008 1529 inimici
1047 1499 1085 1529 et
1123 1500 1369 1531 accusatores
1407 1493 1490 1531 eius

164 1558 352 1605 dicerent,
401 1570 571 1607 cumque
615 1555 736 1605 magis
784 1555 980 1594 invidioso
1022 1556 1185 1595 crimine
1232 1570 1350 1606 quam
1399 1572 1490 1597 vero

164 1631 430 1669 arcesseretur,
454 1623 507 1660 ita
535 1636 558 1660 a
583 1623 655 1661 Cn.
680 1621 872 1671 Pompeio
892 1621 1096 1659 absolutus
1123 1630 1181 1660 est
1206 1630 1247 1660 ut
1269 1622 1307 1660 in
1329 1637 1376 1662 eo
1404 1623 1490 1673 ipso

164 1689 311 1727 iudicio
333 1688 545 1738 Pompeius
567 1689 673 1725 hunc
694 1686 866 1736 hospitio
888 1699 959 1724 suo
980 1686 1253 1736 dignissimum
1275 1691 1490 1727 statueret?

105 1771 144 1802 25
165 1754 218 1792 ita
244 1767 360 1804 porro
385 1755 565 1791 laudatus
591 1753 856 1800 defensusque
877 1751 927 1788 ab
949 1751 1134 1790 omnibus
1159 1752 1298 1791 Siculis
1320 1761 1361 1791 ut
1382 1753 1487 1792 idern

165 1818 378 1868 Pompeius
399 1832 479 1857 non
500 1817 550 1855 ab
570 1816 732 1854 homine
753 1817 892 1862 solum,
916 1817 985 1854 sed
1007 1816 1123 1854 etiam
1144 1831 1167 1854 a
1187 1817 1386 1867 provincia
1406 1825 1488 1857 tota

164 1897 204 1921 se
226 1883 340 1921 huius
367 1881 616 1921 absolutione
643 1880 739 1918 inire
763 1880 924 1929 gratiam
949 1880 1226 1919 arbitraretur?
1283 1884 1487 1921 Postremo

163 1956 272 1986 estne
293 1948 357 1986 hic
378 1947 445 1997 qui
465 1955 503 1985 et
523 1946 699 1984 animum
725 1945 765 1983 in
786 1959 867 1984 rem
889 1945 1089 1995 publicam
1117 1945 1253 1984 habuit
1274 1946 1356 1984 eius
1378 1947 1486 1985 modi

163 2021 201 2051 et
221 2021 374 2051 tantum
398 2012 629 2050 auctoritate
649 2011 755 2061 apud
782 2024 873 2048 suos
894 2010 989 2048 civis
1013 2010 1141 2060 potuit
1162 2018 1204 2048 ut
1224 2013 1425 2060 perficeret
1446 2012 1485 2050 in

106 2092 144 2122 50
164 2077 295 2116 Sicilia
316 2079 421 2116 solus
442 2085 479 2115 te
503 2084 691 2127 praetore,
715 2077 823 2125 quod
851 2089 932 2114 non
954 2077 1075 2114 modo
1104 2076 1256 2115 Siculus
1276 2089 1394 2115 nemo
1416 2079 1485 2116 sed

209 2191 222 2211 1
249 2182 377 2212 scelere
394 2181 522 2211 nefario
543 2180 614 2220 Opq
630 2191 636 2210 1
662 2179 726 2210 nes.
744 2179 822 2210 scel.
843 2179 861 2209 b
879 2179 945 2209 rell.
961 2183 964 2186 ⁴
1060 2179 1105 2209 nil
1123 2180 1244 2219 scripsi.
1259 2180 1337 2210 Ziel.
1356 2185 1486 2211 seculus

165 2224 216 2264 (p.
240 2228 315 2263 144)
493 2226 515 2254 6
539 2228 572 2254 tu
586 2230 610 2264 p
629 2224 693 2253 rell.
712 2235 718 2252 ε
746 2234 811 2253 om.
833 2223 864 2253 O
1041 2233 1058 2261 7
1085 2223 1157 2252 eius
1169 2228 1215 2262 pq
1231 2235 1237 2253 ε
1273 2223 1370 2254 huius
1390 2223 1429 2254 0¹
1447 2225 1485 2255 ὸδ

167 2278 203 2306 17
227 2269 404 2307 deportata
423 2267 490 2298 CO¹
508 2279 514 2297 ε
551 2272 676 2306 report.
699 2266 763 2297 rell.
870 2266 968 2296 huius
987 2265 1032 2306 Cp
1050 2265 1114 2297 rell.
1131 2277 1137 2295 z
1163 2266 1234 2296 eius
1254 2266 1283 2296 O
1443 2279 1483 2298 22

164 2321 304 2350 cumque
321 2312 383 2342 uk:
417 2322 489 2341 cum
507 2321 573 2349 quo
593 2310 663 2340 CO¹
679 2321 684 2339 :
711 2310 798 2348 quod
815 2319 889 2339 curn
910 2310 945 2339 ὂδ
1088 2320 1130 2348 23
1154 2320 1172 2339 a
1189 2321 1253 2339 om.
1274 2310 1301 2339 C
1441 2322 1482 2349 24

163 2359 325 2386 statueret
344 2354 422 2385 COb
438 2355 490 2393 <ut
505 2354 583 2384 coni.
601 2353 745 2391 Ernesti)
764 2364 769 2382 τ
794 2353 947 2383 statuerit
966 2353 1028 2383 rell.
1178 2363 1219 2391 29
1243 2354 1429 2427 civeslslu*os
1445 2366 1486 2394 qr

1511 695 1568 741 46

1518 764 1575 786 112

1517 1313 1575 1344 113
