1715 2734
163 98 432 137 ACTIONIS
464 98 520 135 IN
554 97 599 137 C.
631 98 874 136 VERREM
905 98 1204 138 SECVNDAE
1235 101 1338 138 LIB.
1363 100 1382 137 I
1436 109 1454 137 1
1474 115 1490 138 2

126 214 238 246 esset.
297 208 440 256 Neque
478 208 555 245 hoc
592 220 616 244 a
649 207 760 245 vobis
801 209 970 258 populus
1010 209 1216 246 Romanus
1255 216 1492 259 exspectat3

125 286 255 322 neque
285 285 333 310 eo
361 279 491 322 potest
520 284 605 309 esse
635 279 855 318 contentus,
879 272 910 310 si
940 273 1228 311 condemnatus
1259 273 1306 311 sit
1333 274 1364 311 is
1385 273 1453 323 qui

123 338 262 375 adesse
294 336 471 383 noluerit,
496 343 534 374 et
565 336 596 374 si
632 337 750 374 fortes
781 337 928 375 fueritis
958 337 997 375 in
1027 351 1075 376 eo
1105 351 1223 387 quem
1254 351 1372 376 nemo
1404 338 1453 376 sit

123 415 240 439 ausus
271 401 494 439 defendere.
556 402 686 439 Immo
717 415 809 440 vero
843 402 954 449 adsit,
990 404 1250 452 respondeatg
1289 403 1452 441 summis

91 481 106 512 5
124 465 277 516 opibus,
299 479 457 504 summo
485 465 616 503 studio
645 466 1008 515 potentissimorum
1037 467 1245 505 hominum
1268 468 1453 506 defenda-

124 539 209 578 tur3
240 538 360 568 certet
381 543 468 568 mea
490 530 691 580 diligentia
713 544 803 568 cum
832 530 987 569 illorum
1015 532 1194 569 omnium
1223 532 1449 581 cupiditate,

123 603 249 633 vestra
269 595 467 645 integritas
489 608 579 633 cum
609 595 710 633 illius
738 595 917 646 pecunia,
941 595 1099 634 testium
1120 597 1341 635 constantia
1362 611 1452 635 curn

123 660 224 698 illius
254 668 508 710 patronorum
540 660 655 698 minis
685 668 804 710 atque
839 660 1039 710 potentia:
1078 668 1162 699 tum
1192 663 1353 700 demum
1390 663 1453 700 illa

122 724 257 763 omnia
276 724 377 762 victa
398 724 637 762 videbuntur
665 738 756 762 curn
784 725 824 762 in
850 725 1147 764 contentionem
1173 734 1453 777 certamenque

2 798 8 846 :j
67 805 105 827 10
122 789 308 827 venerint.
368 791 525 828 Absens
565 790 596 828 si
636 798 738 828 esset
777 789 848 827 iste
882 791 1103 837 damnatus,
1140 804 1220 829 non
1260 800 1339 830 tam
1379 792 1492 838 sibi4

121 854 366 893 consuluisse
386 868 504 904 quam
531 854 717 893 invidisse
737 862 888 893 vestrae
917 855 1024 894 laudi
1045 855 1250 894 videretur.
1311 858 1452 907 Neque
1472 869 1497 896 2

121 918 227 956 enim
261 920 365 957 salus
399 921 477 957 ulla
512 919 564 957 rei
600 919 782 969 publicae
817 919 940 958 maior
974 921 1050 958 hoc
1085 928 1261 970 tempore
1295 921 1452 971 reperiri

121 991 251 1033 potest
289 997 407 1033 quam
449 986 641 1034 populum
691 986 919 1022 Romanum
968 984 1204 1035 intellegere,
1246 985 1453 1036 diligenter

120 1048 272 1086 reiectis
293 1049 344 1087 ab
364 1057 591 1087 accusatore
613 1049 820 1096 iudicibus,
845 1049 984 1096 socios,
1010 1051 1125 1099 leges,
1149 1064 1229 1088 rem
1252 1051 1449 1100 publicam

7 1108 8 1113 ¹
63 1126 101 1159 15
121 1113 317 1151 senatorio
343 1113 509 1151 consilio
537 1113 705 1151 maxime
729 1127 845 1163 posse
869 1114 1030 1152 defendi
1045 1129 1056 1162 3
1089 1128 1218 1164 neque
1245 1123 1353 1153 tanta
1379 1117 1452 1154 for-

121 1177 225 1216 tunis
246 1178 423 1216 omnium
449 1178 640 1228 pernicies
661 1180 740 1216 ulla
764 1186 894 1228 potest
913 1181 1103 1218 accedere
1123 1193 1241 1229 quarn
1263 1180 1451 1230 opinione

120 1243 256 1293 populi
300 1243 472 1281 Romani
512 1243 704 1281 rationem
744 1243 927 1290 veritatis,
970 1243 1210 1294 integritatiS‚
1252 1245 1356 1292 fidei,
1397 1258 1452 1283 re-

119 1307 274 1357 ligionis
312 1309 363 1346 ab
401 1309 478 1346 hoc
517 1308 656 1346 ordine
698 1307 927 1346 abiudicari.
1000 1310 1141 1359 Itaque
1180 1309 1277 1347 mihi
1315 1310 1488 1355 videor5

121 1370 305 1425 [iudices]
336 1386 519 1423 magnam
550 1380 587 1411 et
619 1373 787 1411 maxime
816 1387 971 1424 aegram
1003 1382 1041 1412 et
1074 1387 1197 1425 prope
1227 1375 1448 1425 depositam

61 1454 100 1474 20
118 1438 171 1476 rei
203 1438 385 1488 publicae
417 1445 566 1488 partem
600 1438 832 1488 suscepisse,
864 1452 995 1489 neque
1029 1438 1068 1476 in
1101 1453 1148 1477 eo
1181 1440 1303 1490 magis
1338 1454 1450 1479 meae

118 1516 236 1553 quam
284 1511 433 1541 vestrae
480 1502 587 1541 laudi
637 1502 996 1553 existimationique
1045 1504 1218 1542 servisse.
1286 1506 1448 1544 Accessi

117 1568 222 1605 enirn
250 1569 300 1606 ad
328 1568 515 1606 invidiam
544 1567 779 1605 iudiciorum
807 1570 1014 1607 levandam
1040 1568 1448 1620 vituperationemque

117 1634 343 1679 tollendam,
368 1640 420 1679 ut,
444 1646 534 1670 curn
566 1633 663 1670 haec
693 1646 752 1670 res
783 1645 854 1681 pro
877 1634 1079 1671 voluntate
1107 1634 1243 1683 populi
1275 1635 1447 1673 Romani

117 1706 219 1735 esset
257 1697 438 1744 iudicata,
474 1697 606 1747 aliqua
645 1711 692 1736 ex
730 1706 838 1747 parte
877 1711 965 1736 mea
995 1698 1196 1748 diligentia
1235 1700 1448 1739 constituta

60 1776 74 1797 2
82 1777 98 1808 5
116 1762 326 1800 auctoritas
356 1762 591 1801 iudiciorum
612 1762 818 1809 videretur,
832 1769 1038 1811 perperam
1064 1765 1102 1801 si
1123 1771 1224 1801 esset
1249 1765 1325 1802 hoc
1350 1765 1447 1803 iudi-

117 1835 259 1874 catum,
301 1835 343 1865 ut
381 1827 469 1864 finis
508 1827 723 1876 aliquando
766 1827 991 1866 iudiciariae
1029 1829 1317 1867 controversiae
1355 1843 1446 1868 con-

117 1892 348 1930 stitueretur.
409 1891 567 1930 Etenim
602 1891 686 1930 sine
715 1892 849 1938 dubio,
881 1892 1042 1940 iudices,
1075 1893 1114 1930 in
1146 1894 1220 1931 hac
1251 1907 1369 1932 causa
1399 1904 1483 1935 ea6

164 2005 176 2024 1
204 2006 314 2034 neque
339 1995 424 2024 DW:
450 2005 559 2034 neque
586 1995 673 2024 enim
696 1996 757 2034 pr&
867 1997 888 2024 6
911 1995 1083 2026 hominum
1101 1995 1188 2034 bG2:
1213 1997 1386 2027 nominum
1406 2002 1443 2036 pl

120 2041 211 2074 [corr.
229 2039 390 2075 omnium)
505 2049 521 2077 7
542 2039 673 2078 istiusp
689 2038 793 2068 Sclzol.
817 2038 957 2070 Gronov.
976 2041 991 2067 δ
1103 2040 1122 2067 8
1149 2040 1201 2068 illa
1219 2040 1332 2070 omnia
1349 2040 1443 2080 Dpr:

118 2083 231 2113 omnia
248 2082 303 2112 illa
320 2081 385 2112 KZ
397 2081 458 2113 aL:
485 2083 594 2112 omnia
607 2093 672 2113 om.
687 2082 723 2111 ba
834 2092 871 2112 Io
896 2087 987 2112 esset
1005 2082 1068 2112 iste
1087 2082 1173 2111 Dwn
1191 2094 1196 2111 :
1221 2083 1283 2112 iste
1300 2089 1390 2113 esset
1408 2083 1443 2113 ὂδ

118 2125 190 2164 ipse
207 2125 267 2156 sibi
285 2127 300 2154 δ
371 2135 408 2154 12
433 2126 522 2155 enim
539 2125 573 2156 D
589 2125 629 2155 al.
643 2125 726 2164 pbr:
750 2135 816 2155 om.
838 2125 879 2161 63
954 2127 992 2155 16
1016 2126 1081 2155 ulla
1094 2131 1139 2164 pr
1152 2125 1257 2156 Sclzol.
1280 2125 1419 2157 Gronov.
1436 2138 1442 2156 :

117 2178 182 2199 om.
203 2168 287 2198 ow
417 2169 579 2198 accedere
597 2168 652 2207 Dp
667 2168 733 2199 rell.
755 2179 761 2198 :
785 2167 940 2198 accidere
957 2167 1090 2198 Mamtt.
1111 2169 1134 2207 (i
1162 2172 1176 2205 ξ
1195 2179 1258 2207 39:
1283 2169 1304 2199 ii
1323 2172 1338 2206 ξ
1360 2179 1418 2208 172
1435 2181 1443 2200 ε

117 2213 149 2244 iv
169 2217 184 2250 ξ
203 2223 240 2243 2:
268 2212 348 2243 Sest.
371 2215 386 2250 ξ
407 2222 488 2251 107;
513 2213 548 2251 cf
571 2210 694 2242 cluent.
715 2214 730 2248 ξ
753 2213 806 2252 10)
949 2213 987 2242 18
1011 2213 1192 2243 abiudicari
1204 2213 1266 2253 pb:
1291 2225 1364 2245 -are
1380 2214 1444 2245 ΒΨ

120 2266 159 2295 19
182 2256 307 2286 iudices
325 2255 467 2294 Nonius,
488 2255 557 2285 edd.
577 2267 583 2285 :
608 2266 673 2285 om.
694 2254 780 2286 codd.
872 2266 910 2286 ac
928 2266 1033 2295 prope
1049 2257 1126 2287 Asc.
1147 2256 1171 2295 (i
1189 2259 1204 2293 ξ
1224 2258 1298 2291 108)
1405 2268 1443 2297 25

119 2310 295 2340 perperam
307 2299 531 2339 sisc17'p51'(Cl.
546 2298 625 2329 Rev.
641 2299 717 2328 xvii.
731 2298 808 2333 201)
824 2309 831 2327 :
855 2305 1027 2338 postremo
1046 2305 1080 2330 ut
1097 2299 1181 2331 codd.
1205 2301 1292 2341 (utut
1309 2300 1441 2341 Muret„

123 2343 290 2383 Gulielm.)
308 2355 314 2373 ;
339 2348 456 2373 contra
473 2353 546 2372 eam
565 2353 637 2372 cum
654 2341 745 2372 Koclz
764 2354 770 2373 ;
794 2342 950 2372 lacunam
966 2349 1054 2383 susp.
1072 2342 1208 2377 Jordan.
