1769 2739
663 98 983 136 PRAEFATIO

166 207 346 247 Medium
379 205 477 243 inter
504 213 531 254 j]
565 213 602 243 et
641 206 756 243 codd.
791 207 1002 245 deteriores
1036 208 1167 245 locum
1202 204 1355 244 videtur
1390 206 1486 243 obti-

164 285 266 311 nere.

217 338 266 375 In
286 335 543 374 deterioribus
570 337 891 374 adnumerandus
916 344 973 375 est
1000 338 1087 376 cod.
1111 338 1147 375 S.
1173 334 1298 373 Marci
1322 347 1395 385 255
1419 334 1484 387 (b),

163 414 281 451 quem
311 400 422 450 quasi
453 402 620 450 exempli
655 415 773 439 causa
807 409 933 439 totum
966 401 1122 451 perlegi.
1180 400 1345 439 Videtur
1384 400 1485 438 circa

162 479 309 504 annum
343 480 442 512 1420
465 479 550 503 esse
580 473 767 503 exaratus.
827 467 1060 506 Cuiusmodi
1091 468 1286 515 exemplar
1310 465 1486 503 librarius

161 538 252 568 ante
272 531 408 568 oculos
430 530 609 567 habuerit
630 543 675 567 ex
696 543 744 567 eo
765 530 853 568 licet
880 532 1116 569 concludere
1137 531 1245 580 quod
1269 543 1339 579 pro
1360 529 1486 567 verbis

161 608 232 644 quo
263 595 303 632 in
336 608 488 631 numero
517 593 554 632 ii.
578 595 587 631 i
610 595 628 642 ξ
653 606 696 644 15
721 594 921 645 (nimirum
952 609 1020 645 per
1049 596 1287 645 compendia
1316 594 1487 644 scriptis)

162 659 291 708 posuit
311 661 434 698 coiere.

216 725 484 762 Erfurtensem
506 722 582 775 (E)
602 738 648 761 ex
670 723 884 762 Harleiano
909 726 1006 762 2682
1030 724 1113 775 (H)
1134 725 1374 774 descriptum
1402 737 1486 761 esse

161 796 297 826 contra
317 790 543 838 Zumptium
565 788 790 827 certissimis
811 791 1049 838 argumentis
1070 788 1353 827 demonstravit
1374 790 1419 826 A.
1439 789 1484 827 C.

161 853 279 893 Clark
309 854 358 904 (v.
391 855 529 892 Anecd.
571 855 815 901 Oxom'ensia,
850 856 939 892 Part
970 855 1018 892 vii
1050 852 1200 904 (1892),
1238 867 1300 903 pp.
1324 853 1485 903 48451).

162 919 210 956 In
237 918 488 956 Verrinarum
519 918 708 968 excerptis
738 932 828 956 cum
859 920 975 957 codd.
1009 919 1260 957 Cluniacensi
1291 926 1329 956 et
1360 919 1486 967 Regio

162 983 338 1022 Parisino
358 982 434 1035 (R)
453 984 605 1034 egregie
635 985 851 1022 concordat
870 986 942 1031 H3
981 998 1014 1022 v.
1038 997 1139 1034 quae
1169 983 1303 1034 scripsi
1334 985 1372 1021 in
1393 986 1482 1021 Am.

150 1049 194 1098 J.
216 1049 290 1086 Ple.
313 1048 437 1095 xxviii,
462 1062 496 1097 p.
525 1063 609 1097 131.

215 1114 268 1150 Vt
307 1112 609 1162 Palimpsestum
654 1112 940 1151 Taurinensem
986 1114 1177 1161 omittam,
1217 1113 1338 1152 hodie
1382 1127 1487 1151 com-

162 1178 332 1224 bustum,
374 1177 441 1227 qui
489 1177 585 1214 nihil
631 1179 706 1215 nisi
754 1179 1002 1228 perexiguam
1042 1181 1293 1217 Verrinarum
1337 1188 1486 1228 partem

161 1242 400 1290 continebat,
430 1250 575 1280 restant
604 1244 732 1280 solum
762 1243 979 1292 fragmenta
1006 1243 1167 1282 Codicis
1189 1243 1369 1282 Vaticani
1389 1243 1486 1294 (V),

161 1321 262 1357 quae
284 1309 433 1345 utinam
461 1307 580 1345 hodie
608 1321 689 1345 non
716 1315 847 1345 essent
876 1315 955 1346 tam
984 1310 1130 1358 exigua.
1203 1311 1264 1347 De
1285 1309 1344 1346 his
1365 1309 1487 1346 fusius

161 1372 356 1422 disputavi
386 1372 427 1409 in
452 1373 659 1410 American
679 1374 861 1422 Journal
884 1373 931 1421 of
947 1374 1155 1422 Philolcqu,
1179 1374 1276 1421 xxvi,
1300 1387 1361 1423 pp.
1384 1388 1489 1422 409—

163 1450 185 1484 4
190 1440 250 1485 36.
308 1438 398 1484 Qua
417 1437 457 1474 in
478 1451 518 1475 re
534 1436 699 1474 omnino
714 1438 889 1475 tollenda
905 1445 963 1475 est
979 1438 1173 1476 sententia
1192 1452 1311 1488 quam
1326 1440 1488 1488 quadra-

161 1503 267 1551 ginta
287 1503 433 1540 abhinc
447 1502 561 1540 annis
578 1502 844 1552 pronuntiavit
862 1504 919 1541 H.
935 1505 1089 1541 Meusel
1104 1505 1114 1523 ¹
1131 1519 1138 1542 :
1172 1507 1179 1523 ‘
1194 1517 1349 1542 summo
1370 1517 1488 1554 opere

162 1569 382 1605 cavendum
403 1575 461 1605 est
487 1567 676 1617 religiosis
704 1568 889 1605 omnibus
914 1575 952 1606 et
980 1569 1240 1618 prudentibus
1260 1569 1488 1607 hominibus

162 1646 212 1671 ne
231 1634 281 1671 ab
302 1635 379 1671 hoc
398 1633 649 1672 fallacissimo
668 1642 828 1673 auctore
848 1634 1095 1684 decipiantur
1121 1643 1158 1674 et
1183 1636 1488 1673 circumvenian-

161 1700 245 1736 tur.'
314 1700 510 1737 Nimirum
549 1699 613 1737 ille
651 1699 824 1749 quidem,
865 1701 961 1738 dum
1000 1702 1213 1739 litterarum
1252 1701 1487 1750 syllabarum

162 1764 369 1802 verborum
408 1763 727 1814 permutationes,
760 1764 994 1812 additiones,
1031 1765 1264 1804 omissiones
1299 1765 1409 1816 quasi
1448 1765 1487 1803 in

161 1828 304 1866 trutina
334 1830 529 1878 expendit,
553 1843 634 1867 rem
665 1828 781 1866 nimis
809 1830 861 1867 ad
890 1831 1062 1867 calculos
1090 1830 1243 1868 videtur
1273 1843 1485 1868 revocasse.

163 1895 248 1942 Ego
275 1902 412 1932 contra
438 1895 604 1932 adfirmo
630 1908 698 1944 per
726 1908 908 1943 magnam
936 1896 1074 1933 saltem
1102 1896 1239 1933 harum
1265 1895 1486 1934 orationum

161 1966 310 2008 partem
337 1973 419 1996 non
446 1973 561 2009 posse
582 1959 655 1997 nisi
682 1961 893 1998 adiuvante
913 1960 1107 1998 Vaticano
1128 1975 1262 1999 verum
1284 1960 1487 1999 Ciceronis

161 2031 309 2061 textum
357 2024 555 2064 constitui.
612 2026 697 2063 Sint
743 2026 922 2074 exempla
970 2027 1009 2062 in
1057 2025 1163 2064 libris
1211 2026 1404 2076 prioribus
1447 2026 1485 2062 hi

160 2090 235 2127 loci
253 2105 316 2128 :—

216 2154 251 2192 ii.
285 2154 334 2203 i}
360 2166 428 2202 107
462 2155 529 2192 ubi
560 2154 721 2192 verbum
753 2155 976 2203 reprehendi
1001 2154 1040 2192 in
1069 2156 1106 2192 V
1125 2156 1209 2193 solo
1238 2156 1484 2193 adservatum

160 2226 229 2258 est.

205 2308 213 2325 ¹
240 2307 290 2337 De
301 2307 460 2338 Ciceronis
475 2308 506 2337 V
502 2308 692 2338 errinarum
710 2308 865 2339 codz'cilms
878 2320 885 2339 ε
911 2309 992 2340 Pars
1007 2310 1026 2347 i,
1044 2310 1056 2338 Ι
1065 2310 1116 2339 'tri
1125 2310 1233 2339 maior
1239 2309 1324 2348 fides
1338 2309 1485 2339 habenda

162 2352 212 2389 sit,
223 2351 433 2391 palimpsesto
447 2351 600 2381 Vaticano
611 2363 655 2381 cm
673 2351 769 2382 codici
779 2353 879 2392 Regw
891 2352 1073 2383 Parisiensi
1085 2363 1165 2391 7774
1181 2353 1359 2393 &Beroliniy
1377 2354 1482 2392 1876).

788 2406 852 2444 xiii
