1715 2734
155 87 206 134 84
231 102 291 134 193
591 87 646 123 M.
679 86 848 123 TVLLI
879 86 1187 125 CICERONIS

146 403 203 434 194

149 1384 209 1415 195

224 209 316 236 cum
338 196 377 235 in
399 196 444 234 iis
465 195 561 235 locis
582 195 622 234 in
642 195 786 246 quibus
807 208 864 242 eS‚
883 195 1060 243 versaris,
1079 209 1159 234 rem
1181 194 1296 246 geris,
1315 195 1558 246 provinciam
1709 0 1715 297 ι

224 261 488 309 administras,
508 268 664 311 paratus
684 260 758 298 sim
779 261 886 308 dare,
905 262 1092 310 angulum
1115 260 1209 298 mihi
1240 260 1411 310 aliquem
1440 260 1559 310 eligas

225 326 449 376 provinciae
470 325 719 365 reconditum
739 338 785 363 ac
806 324 1068 364 derelictum?
1097 324 1233 363 iubeas
1254 324 1307 363 ibi
1342 339 1405 364 me
1430 324 1559 363 metiri

226 404 306 440 quo
336 398 490 441 portare
520 404 600 429 non
632 389 828 440 expediat,
859 390 927 428 ubi
957 403 1086 428 emere
1117 403 1197 428 non
1228 389 1406 440 possim?
1482 391 1560 428 Im-

225 457 393 507 probum
424 456 589 503 facinus,
619 455 784 503 iudices,
810 469 890 494 non
921 456 1142 503 ferendum,
1175 454 1324 493 nemini
1354 456 1439 505 lege
1469 468 1559 492 con·
1579 467 1596 498 5
1665 442 1669 446 ⁴

224 534 395 569 cessum,
426 522 495 560 sed
535 522 696 559 fortasse
734 521 867 559 adhuc
907 519 946 558 in
986 521 1094 558 nullo
1134 519 1251 557 etiam
1291 519 1557 558 vindicatum!

225 588 379 625 Tamen
403 599 476 636 ego
500 587 587 633 hoc,
611 586 719 635 quod
751 585 837 624 ferri
864 598 966 635 nego
994 598 1125 634 posse,
1144 585 1269 632 Verri,
1290 584 1455 632 iudices,
1470 598 1560 622 con-

225 653 326 690 cedo
347 659 385 690 et
412 651 562 701 largior.
622 651 661 689 Si
683 652 764 688 ullo
785 650 824 688 in
846 651 935 688 loco
956 649 1039 688 eius
1067 649 1292 700 provinciae
1318 651 1559 689 frumentum

226 717 323 755 tanti
355 716 427 755 fuit
447 716 584 767 quanti
605 715 677 754 iste
698 715 934 761 aestimavit,
954 717 1031 753 hoc
1061 715 1210 753 crimen
1238 715 1278 753 in
1305 714 1422 753 istum
1449 728 1559 753 reum

226 784 352 821 valere
373 790 555 832 oportere
576 795 656 819 non
678 780 852 819 arbitror.
914 782 1063 818 Verum
1089 780 1194 819 enim
1216 794 1318 827 vero,
1342 793 1433 818 cum
1458 787 1560 818 esset
1586 793 1622 815 10

228 849 298 886 HS
338 846 441 886 binis
469 854 537 885 aut
568 848 687 885 etiam
722 845 841 884 ternis
881 844 1084 895 quibusvis
1120 844 1159 883 in
1194 845 1291 883 locis
1323 844 1557 895 provinciae,

226 913 435 951 duodenos
474 911 672 951 sestertios
715 910 886 960 exegisti.
957 910 997 949 Si
1036 909 1133 948 mihi
1171 917 1303 949 tecum
1343 924 1472 960 neque
1511 911 1561 949 de

225 991 386 1016 annona
412 991 542 1028 neque
566 979 616 1016 de
641 976 916 1015 aestimatione
941 983 1008 1014 tua
1028 983 1157 1026 potest
1179 990 1264 1014 esse
1285 976 1564 1023 controversia,

226 1043 323 1093 quid
362 1044 490 1090 sedes,
529 1042 626 1092 quid
666 1049 883 1092 exspectas,
922 1041 1019 1091 quid
1059 1041 1273 1079 defendis?
1321 1049 1451 1079 utrum
1491 1041 1561 1079 tibi

227 1108 418 1159 pecuniae
452 1116 613 1147 coactae
643 1107 875 1145 conciliatae
913 1106 1095 1144 videntur
1125 1107 1312 1144 adversus
1346 1108 1465 1156 leges,
1493 1107 1562 1144 ad·
1586 1119 1620 1150 15

228 1188 360 1213 versus
399 1187 479 1213 rem
515 1173 714 1224 publicam
755 1186 845 1211 cum
886 1172 1056 1210 maxima
1093 1171 1292 1210 sociorum
1327 1170 1480 1217 iniuria,
1512 1185 1563 1209 an

228 1253 320 1278 vero
352 1239 391 1278 id
419 1246 538 1286 recte,
569 1238 722 1285 ordine,
752 1252 773 1277 e
803 1252 842 1276 re
864 1237 1037 1288 publica,
1057 1237 1141 1276 sine
1163 1236 1397 1287 cuiusquam
1425 1237 1563 1275 iniuria

230 1307 376 1343 facturn
408 1318 494 1343 esse
523 1304 736 1343 defendis?

285 1372 388 1410 Cum
423 1370 493 1408 tibi
525 1377 684 1409 senatus
715 1382 762 1407 ex
799 1368 948 1407 aerario
986 1367 1197 1419 pecuniam
1231 1368 1488 1418 prompsisset
1526 1376 1564 1406 et

230 1436 405 1486 singulos
433 1434 504 1473 tibi
535 1434 717 1473 denarios
749 1435 1047 1472 adnumerasset
1080 1448 1180 1484 quos
1220 1442 1261 1472 tu
1296 1448 1368 1484 pro
1402 1434 1563 1485 singulis
1585 1445 1623 1467 20

230 1500 372 1539 modiis
401 1499 618 1538 aratoribus
648 1501 827 1545 solveres,
851 1499 948 1549 quid
975 1500 1102 1538 facere
1128 1499 1332 1538 debuisti?
1389 1499 1429 1538 Si
1455 1501 1564 1549 quod

230 1568 273 1604 L.
300 1565 390 1604 Piso
414 1565 478 1603 ille
500 1565 627 1615 Frugi,
650 1564 718 1615 qui
739 1566 866 1615 legem
887 1566 937 1603 de
958 1564 1136 1615 pecuniis
1163 1565 1392 1615 repetundis
1417 1564 1564 1615 primus

230 1630 328 1676 tulit,
365 1644 456 1669 cum
488 1630 650 1669 emisses
684 1629 821 1680 quanti
854 1638 966 1676 esset,
1004 1631 1112 1680 quod
1145 1639 1343 1680 superaret
1373 1630 1564 1681 pecuniae

232 1696 470 1743 rettulisse53
499 1695 530 1734 si
552 1703 593 1733 ut
614 1695 813 1734 ambitiosi
842 1695 1022 1735 homines
1049 1703 1116 1734 aut
1137 1696 1311 1747 benigni,
1331 1710 1422 1735 cum
1444 1696 1565 1747 pluris

232 1769 391 1801 senatus
419 1761 664 1800 aestimasset
694 1775 814 1812 quam
844 1762 981 1812 quanti
1011 1770 1113 1801 esset
1139 1776 1309 1809 annona,
1332 1776 1379 1801 ex
1406 1770 1563 1801 senatus
1586 1772 1621 1803 25

232 1826 516 1873 aestimatione,
554 1840 635 1865 non
675 1841 721 1866 ex
759 1842 942 1867 annonae
981 1828 1132 1867 ratione
1171 1828 1379 1875 solvisses3
1419 1827 1488 1874 sin,
1521 1835 1564 1865 ut

234 1892 409 1943 plerique
430 1892 589 1939 faciunt,
613 1893 651 1931 in
673 1907 753 1943 quo
774 1902 854 1932 erat
875 1894 995 1944 aliqui
1016 1901 1212 1944 quaestus,
1236 1895 1307 1933 sed
1323 1893 1354 1932 is
1375 1895 1565 1932 honestus

233 1965 353 2007 atque
391 1971 613 2003 concessus,
664 1961 918 2007 frumentum,
967 1960 1155 2009 quoniam
1204 1959 1317 1997 vilius
1365 1966 1456 2005 erat,
1515 1972 1565 1996 ne

1706 2145 1711 2174 l

1705 2179 1711 2354 l

1705 2364 1709 2384 1

1708 2386 1709 2418 l

235 2023 407 2070 emisses,
431 2023 664 2074 sumpsisses
692 2024 731 2062 id
761 2039 1012 2063 nummorum
1038 2026 1146 2075 quod
1174 2024 1244 2063 tibi
1266 2031 1424 2063 senatus
1445 2025 1566 2062 cellae

236 2088 396 2126 nomine
426 2097 683 2127 concesserat.
1585 2095 1624 2126 30

285 2204 296 2223 r
325 2204 400 2224 cum
421 2200 445 2234 p
463 2194 552 2224 rell.:
581 2205 648 2225 om.
668 2194 698 2224 O
817 2204 853 2224 es
874 2200 898 2235 p
922 2194 985 2225 rell.
1006 2206 1011 2224 :
1039 2204 1102 2224 om.
1127 2194 1157 2224 O
1320 2204 1335 2232 7
1362 2194 1424 2223 hoc
1450 2202 1512 2231 ego
1536 2192 1566 2223 O

241 2247 288 2275 14.
314 2239 352 2267 18
376 2238 529 2268 defendis
547 2238 612 2269 cO:
638 2238 838 2279 defendesp
855 2237 918 2268 rell.
1045 2248 1081 2276 15
1108 2242 1244 2268 coactae
1262 2236 1330 2267 cO:
1354 2248 1418 2267 om.
1436 2242 1459 2275 p
1473 2235 1536 2266 rell.
1559 2247 1565 2266 :

239 2286 358 2318 captae
373 2281 512 2312 Mueller
527 2282 588 2316 (iii,
610 2283 647 2318 §5
665 2291 720 2320 91,
737 2281 816 2320 225)
951 2291 987 2320 17
1014 2283 1121 2312 recte]
1141 2282 1271 2311 ratione
1291 2280 1321 2311 Ο
1337 2281 1447 2319 (etiam
1469 2283 1483 2316 ξ
1502 2281 1565 2309 206

239 2324 341 2362 infra}
456 2336 498 2356 20
523 2329 734 2355 numerasset
754 2324 784 2353 Ο
895 2335 932 2354 21
960 2324 1172 2364 persolveres
1194 2323 1225 2353 V
1322 2334 1360 2362 27
1386 2327 1460 2353 erat
1481 2321 1564 2351 VO:

240 2368 338 2397 ctiam
355 2374 427 2399 erat
439 2374 464 2409 p
482 2369 545 2400 rell.
