1715 2734
104 79 155 121 55
176 84 235 119 137
541 72 596 109 M.
628 72 797 110 TVLLI
828 72 1137 111 CICERONIS

171 181 397 232 generatim,
415 189 457 221 ut
472 189 657 229 aratores,
673 189 716 220 ut
732 189 979 230 mercatores,
997 190 1039 221 ut
1051 182 1277 222 navicularii
1291 197 1302 231 3
1321 196 1505 222 censores

170 245 335 297 quidem
362 247 430 297 qui
455 246 578 297 magis
606 260 725 297 quarn
754 246 932 285 aediles?
988 248 1053 287 Ob
1074 248 1343 287 beneficium?
1399 250 1505 298 Ergo

171 313 247 351 hoc
285 312 467 358 fatebere,
508 313 579 350 abs
611 319 649 350 te
687 313 785 350 haec
823 311 945 361 petita
978 326 1210 352 esse—nam
1250 321 1384 363 empta
1421 327 1503 352 non

169 377 334 417 audebis
355 378 486 417 dicere
502 392 512 425 3
540 385 578 416 te
602 390 670 416 eos
699 377 945 427 magistratus
965 378 1194 418 hominibus
1216 378 1398 425 benefici,
1422 392 1504 418 non

170 443 223 482 rei
244 442 427 494 publicae
447 456 566 480 causa
581 442 804 492 permisisse
821 444 837 479 ?
895 444 989 481 Hoc
1009 456 1099 482 cum
1118 451 1200 482 tute
1220 445 1376 490 fateare,
1399 443 1503 494 quis-
1521 453 1541 486 5

170 521 290 558 quam
328 507 527 547 dubitabit
566 506 662 557 quin
700 515 742 544 tu
782 506 896 545 istam
935 508 1042 557 apud
1076 509 1246 558 populos
1277 507 1503 558 provinciae

170 573 289 611 totius
321 572 510 610 invidiam
544 579 664 622 atque
699 571 960 611 offensionem
994 586 1075 611 non
1109 572 1337 611 ambitionis
1372 586 1503 623 neque

169 637 453 676 beneficiorum
491 638 843 684 conlocandorum,
889 638 959 675 sed
997 637 1191 687 pecuniae
1229 637 1504 676 conciliandae

87 709 148 747 138
169 716 288 741 causa
314 701 562 752 susceperis?
620 703 761 752 Itaque
783 701 837 739 illi
857 715 1040 741 censores
1067 703 1244 741 fecerunt
1265 702 1372 740 idern
1392 703 1503 752 quod

169 767 210 805 in
229 774 362 805 nostra
381 780 421 805 re
441 766 601 817 publica
620 768 748 805 solent
769 766 794 804 ii
815 766 882 817 qui
903 781 972 817 per
990 767 1235 817 largitionem
1255 767 1503 818 magistratus
1525 781 1565 804 10

169 831 302 882 adepti
323 839 437 870 sunt:
467 833 663 871 dederunt
684 845 845 882 operam
866 840 909 870 ut
929 831 982 870 ita
1002 840 1238 882 potestatem
1265 840 1443 882 gererent
1459 841 1502 871 ut

169 896 275 935 illam
305 898 488 935 lacunam
518 896 572 935 rei
598 896 798 935 familiaris
822 898 1033 947 explerent.
1095 896 1158 935 Sic
1179 910 1321 935 census
1341 897 1502 935 habitus

168 969 228 1000 est
265 969 304 1000 te
334 969 513 1012 praetore
552 969 595 1000 ut
633 975 681 1001 eo
715 975 837 1000 censu
873 961 1017 999 nullius
1052 961 1218 1000 civitatis
1253 975 1312 1000 res
1343 962 1504 1012 publica

168 1035 301 1078 posset
334 1026 622 1073 administrari3
660 1040 752 1064 narn
782 1026 1080 1077 locupletissimi
1114 1026 1306 1077 cuiusque
1338 1040 1502 1065 censum

169 1099 434 1138 extenuarant,
472 1091 691 1130 tenuissimi
730 1099 928 1130 auxerant.
990 1093 1131 1142 Itaque
1168 1091 1209 1129 in
1241 1091 1396 1130 tributis
1434 1092 1503 1130 im·
1527 1107 1562 1137 15

168 1159 353 1208 perandis
392 1164 547 1195 tantum
595 1156 726 1195 oneris
774 1157 880 1206 plebi
924 1157 1203 1207 imponebatur
1249 1165 1303 1204 ut,
1348 1156 1501 1196 etiamsi

169 1223 350 1261 homines
371 1230 556 1270 tacerent,
579 1236 638 1261 res
660 1222 744 1273 ipsa
764 1222 874 1260 illum
895 1236 1058 1261 censum
1079 1222 1313 1273 repudiaret,
1331 1221 1371 1261 id
1392 1224 1502 1273 quod

93 1289 148 1337 56
169 1288 341 1339 intellegi
371 1288 555 1326 facillime
585 1302 625 1326 re
655 1288 739 1338 ipsa
768 1295 909 1338 potest.
969 1290 1074 1326 Nam
1104 1290 1146 1326 L.
1184 1290 1382 1336 Metellus,
1420 1289 1499 1339 qui,

168 1361 428 1404 posteaquam
457 1367 530 1404 ego
557 1353 782 1403 inquirendi
806 1367 924 1392 causa
951 1354 990 1392 in
1019 1353 1191 1392 Siciliam
1212 1353 1312 1401 veni,
1340 1362 1501 1403 repente

168 1421 213 1458 L.
245 1419 384 1459 Laetili
414 1420 588 1458 adventu
619 1419 730 1458 istius
762 1433 843 1458 non
870 1421 994 1458 modo
1025 1421 1187 1467 amicus,
1211 1432 1346 1458 verum
1381 1419 1499 1458 etiarn
1522 1434 1562 1457 20

167 1493 356 1535 cognatus
374 1487 498 1524 factus
522 1485 692 1532 est‚—is,
716 1486 825 1535 quod
838 1484 998 1523 videbat
1019 1485 1127 1523 istius
1148 1498 1270 1523 censu
1286 1484 1376 1523 stari
1391 1487 1500 1523 nullo

167 1552 290 1589 modo
310 1564 436 1601 posse,
454 1564 546 1589 eum
567 1564 731 1589 censum
752 1550 949 1589 observari
970 1550 1081 1588 iussit
1100 1549 1167 1600 qui
1184 1550 1267 1588 viro
1288 1549 1500 1588 fortissimo

165 1624 285 1666 atque
301 1615 638 1662 innocentissimo,
657 1617 742 1654 Sex.
768 1616 988 1662 Peducaeo,
1007 1623 1185 1665 praetore
1210 1614 1368 1654 habitus
1384 1623 1496 1654 esset.

169 1683 289 1720 Erant
314 1681 419 1720 enim
441 1689 525 1719 tum
553 1694 735 1719 censores
761 1680 913 1731 legibus
935 1680 1026 1719 facti
1053 1680 1195 1719 delecti
1222 1694 1245 1718 a
1265 1680 1345 1719 suis
1369 1680 1499 1719 civita-

166 1745 283 1792 tibus,
315 1745 470 1796 quibus‚
503 1746 534 1784 si
559 1745 655 1796 quid
686 1745 989 1792 commisissent,
1023 1759 1176 1796 poenae
1204 1745 1356 1795 legibus
1387 1752 1497 1783 erant
1519 1759 1557 1792 ²5

88 1826 146 1859 13¹)
166 1811 414 1850 constitutae.
473 1813 532 1849 Te
570 1818 702 1849 autem
746 1818 925 1860 praetore
963 1810 1050 1861 quis
1089 1824 1228 1849 censor
1265 1818 1333 1849 aut
1371 1811 1496 1860 legem

167 1884 358 1915 metueret
396 1890 474 1926 qua
512 1890 593 1915 non
632 1877 849 1923 tenebatur,
884 1875 1073 1926 quoniam
1113 1884 1266 1915 creatus
1297 1878 1382 1925 lege
1416 1889 1496 1914 non

166 1949 260 1988 erat,
298 1950 364 1980 aut
402 1941 784 1980 animadversionem
828 1949 948 1988 tuam,
989 1955 1081 1980 curn
1120 1941 1160 1980 id
1203 1942 1312 1992 quod
1349 1942 1420 1979 abs
1459 1949 1497 1979 te

166 2014 312 2044 emerat
329 2006 600 2045 vendidisset?
647 2008 799 2044 Teneat
821 2006 898 2044 iarn
920 2020 1014 2045 sane
1035 2020 1144 2045 meos
1165 2006 1273 2045 testis
1296 2006 1493 2051 Metellus,

211 2120 227 2148 7
252 2110 446 2140 ambitionis
463 2110 631 2141 tollendae
648 2110 779 2151 Pluygr..
801 2110 903 2149 Kays.
923 2111 955 2151 (ξ
978 2120 1037 2149 132
1054 2112 1171 2150 supra‘*
1322 2121 1357 2148 14
1385 2111 1494 2149 possit

170 2153 200 2182 V
263 2164 400 2183 censum
424 2152 498 2183 VcO
514 2166 520 2184 :
547 2164 670 2185 census
684 2160 708 2194 j>
726 2154 790 2184 rell.
887 2165 924 2192 15
951 2155 1133 2184 hauserant
1150 2153 1200 2183 cO
1266 2159 1494 2184 extenuarunt

166 2220 172 2226 .
194 2221 200 2227 .
222 2221 229 2227 .
249 2203 417 2228 auxerunt
433 2198 510 2229 Zscl.
546 2203 580 2238 p.
604 2199 677 2236 194]
831 2208 866 2237 17
892 2207 1013 2228 omnes
1031 2197 1058 2226 V
1221 2198 1258 2227 18
1282 2208 1316 2228 re
1336 2198 1410 2237 ipsa
1425 2208 1491 2228 om.

168 2240 217 2269 O:
243 2241 323 2271 Zicl.
341 2241 389 2271 l.c.
531 2252 569 2271 21
597 2251 720 2271 census
737 2241 784 2271 cO
930 2243 972 2271 26
995 2241 1069 2280 quis
1089 2240 1138 2271 O:
1164 2241 1218 2280 qui
1238 2241 1304 2271 rell.
1451 2242 1494 2271 23

166 2293 240 2313 cum
255 2284 298 2323 pl>
316 2284 404 2324 vulg.
421 2295 427 2314 t
451 2284 507 2323 qui
527 2284 577 2314 O:
602 2284 658 2323 qui
669 2283 782 2315 cumV
797 2285 843 2325 (Ξ
863 2294 939 2315 cum
957 2296 963 2314 :
989 2284 1123 2314 utenim
1136 2285 1288 2314 nimirum
1302 2284 1493 2315 :nimirum

169 2330 183 2364 ε
206 2336 263 2365 154
282 2327 382 2367 affra>

1710 2409 1711 2417 a
1707 2364 1711 2395 A..
1708 2180 1713 2351 ᾈ-ᾃ-.--,--
1708 2102 1715 2172 ....,,-
1708 1513 1715 2086 mmm—⁴*
