1715 2734
171 83 439 122 ACTIONIs
471 84 532 120 IN
562 82 608 121 c.
629 82 871 119 VERREM
903 81 1201 120 SECVNDAE
1229 70 1408 118 LIB.11’
1442 80 1497 127 56

171 202 285 245 cogat
308 195 404 232 alios
424 194 594 240 laudare,
616 192 716 230 sicut
740 192 780 230 in
801 191 932 230 multis
957 198 1121 230 conatus
1142 198 1225 238 est;
1254 192 1377 230 modo
1397 192 1496 230 haec

171 259 286 297 faciat
317 271 418 308 quae
449 257 550 295 facit.
611 257 710 305 Quis
744 256 850 295 enim
881 269 1070 306 umquam
1105 263 1213 293 tanta
1241 269 1264 292 a
1293 269 1495 305 quoquam

171 323 423 370 contumelia,
462 322 548 372 quis
582 330 690 360 tanta
727 321 943 372 ignominia
981 322 1158 359 adfectus
1198 322 1286 358 est?
1344 320 1497 369 Quinto

170 402 330 439 quoque
360 401 467 426 anno
497 387 628 425 Sicilia
661 395 743 425 tota
781 395 974 425 censetur.
1034 388 1127 424 Erat
1165 399 1284 424 censa
1318 393 1496 435 praetore

132 467 152 499 5
171 456 380 492 Peducaeo
395 469 405 501 3
438 453 598 504 quintus
624 466 751 491 annus
781 466 871 490 curn
901 452 941 490 in
970 459 1009 490 te
1038 459 1256 501 praetorem
1282 450 1496 497 incidisset,

168 532 288 557 censa
321 520 455 557 denuo
488 526 558 556 est.
618 520 780 556 Postero
813 530 919 555 anno
950 519 994 554 L.
1028 517 1215 554 Metellus
1250 515 1495 554 mentionem

169 583 225 621 tui
255 597 396 622 census
421 583 504 621 fieri
533 591 637 621 vetat
652 597 662 630 3
689 596 872 621 censores
896 582 992 620 dicit
1016 583 1066 620 de
1091 582 1242 630 integro
1272 581 1346 619 sibi
1376 580 1496 618 creari

168 650 346 699 placere3
392 646 542 687 interea
583 648 887 686 Peducaeanum
931 660 1094 685 censum
1133 646 1329 685 observari
1373 645 1492 684 iubet.

170 715 263 751 Hoc
301 712 333 751 si
377 721 467 751 tuus
506 712 686 751 inimicus
728 712 893 759 fecisset,
935 720 1081 759 tamen,
1120 711 1151 749 si
1189 711 1323 749 animo
1365 723 1495 760 aequo

111 793 150 815 10
168 777 369 828 provincia
403 776 566 820 tulisset,
590 776 735 814 inimici
763 777 952 815 iudicium
982 790 1097 827 grave
1120 776 1326 814 videretur.
1386 775 1495 813 Fecit

166 843 317 881 amicus
359 856 496 881 recens
533 849 570 880 et
614 850 804 892 cognatus
842 842 1108 889 voluntarius;
1150 841 1261 880 aliter
1304 840 1421 887 enim,
1463 840 1494 878 si

166 908 408 958 provinciam
435 907 613 955 retinere,
637 908 668 945 si
696 909 824 945 salvus
848 907 931 957 ipse
955 907 995 945 in
1024 906 1226 957 provincia
1254 908 1369 944 vellet
1394 918 1490 952 esse,

165 974 292 1011 facere
316 986 396 1010 non
421 972 560 1023 potuit.
621 974 834 1022 Exspectas
862 972 978 1010 etiam
1001 972 1096 1021 quid
1121 971 1161 1009 hi
1191 970 1395 1009 iudicent?
1452 969 1491 1008 Si

165 1037 236 1075 tibi
257 1037 525 1087 magistratum
549 1037 785 1086 abrogasset,
811 1036 961 1074 minore
989 1035 1204 1086 ignominia
1225 1043 1262 1073 te
1282 1034 1492 1073 adfecisset

107 1116 145 1148 15
164 1115 284 1152 quarn
322 1115 413 1140 cum
448 1115 493 1140 ea
531 1115 632 1151 quae
671 1102 710 1139 in
746 1100 971 1151 magistratu
1001 1099 1152 1150 gessisti
1187 1099 1342 1137 sustulit
1373 1107 1492 1149 atque

164 1167 279 1204 inrita
312 1166 422 1204 iussit
457 1180 551 1206 esse.
612 1167 754 1215 Neque
784 1165 824 1203 in
855 1167 928 1203 hac
962 1178 1002 1203 re
1036 1167 1119 1203 sola
1153 1164 1225 1202 fuit
1255 1164 1337 1202 eius
1368 1164 1489 1211 modi,

163 1233 244 1278 sed,
274 1240 487 1281 antequam
519 1244 592 1281 ego
622 1231 663 1268 in
692 1230 862 1269 Siciliam
891 1229 991 1275 veni,
1022 1229 1060 1267 in
1091 1229 1269 1267 maximis
1299 1229 1415 1267 rebus
1444 1242 1490 1266 ac

163 1297 363 1347 plurimis;
406 1310 497 1335 nam
530 1304 568 1335 et
601 1295 789 1335 Heraclio
828 1297 1091 1345 Syracusanos
1126 1302 1213 1332 tuos
1247 1294 1333 1332 illos
1365 1295 1492 1344 palae-

163 1362 290 1400 stritas
311 1363 417 1400 bona
444 1361 645 1400 restituere
672 1360 793 1407 iussit,
816 1368 853 1398 et
877 1359 1049 1410 Epicrati
1078 1359 1254 1405 Bidinos,
1278 1367 1315 1397 et
1340 1359 1490 1409 pupillo

105 1443 144 1465 20
165 1427 435 1476 Drepanitano
473 1429 519 1464 A.
562 1425 788 1472 Claudium,
827 1433 875 1471 et,
917 1424 991 1462 nisi
1035 1431 1185 1462 mature
1224 1424 1411 1461 Laetilius
1450 1424 1489 1461 in

163 1492 334 1530 Siciliam
364 1506 455 1531 cum
484 1491 620 1529 litteris
650 1490 830 1536 venisset,
863 1489 992 1527 minus
1022 1500 1111 1526 XXX
1139 1488 1278 1527 diebus
1304 1490 1489 1527 Metellus

162 1564 285 1595 totam
307 1557 447 1595 trienni
469 1564 689 1607 praeturam
712 1563 819 1593 tuam
843 1554 1073 1592 rescidisset.

216 1624 267 1661 Et
288 1622 475 1673 quoniam
497 1623 546 1660 de
567 1635 612 1660 ea
633 1620 799 1671 pecunia
820 1633 938 1669 quarn
960 1619 1031 1657 tibi
1051 1620 1101 1657 ad
1118 1626 1284 1657 statuam
1307 1632 1488 1657 censores

161 1690 411 1727 contulerunt
443 1688 531 1734 dixi,
569 1701 649 1726 non
687 1686 783 1724 mihi
822 1684 1212 1735 praetermittendum
1247 1684 1400 1722 videtur
1438 1698 1488 1722 ne

104 1764 142 1796 25
162 1753 258 1792 illud
285 1754 446 1804 quidem
473 1767 595 1804 genus
626 1751 817 1802 pecuniae
848 1749 1079 1789 conciliatae
1100 1763 1218 1799 quam
1246 1757 1287 1787 tu
1314 1763 1336 1787 a
1360 1749 1489 1787 civita-

161 1819 265 1857 tibus
287 1826 500 1857 statuarum
521 1817 682 1856 nomine
703 1815 874 1866 coegisti.
921 1814 1052 1853 Video
1072 1814 1177 1853 enim
1199 1813 1281 1852 eius
1297 1814 1488 1864 pecuniae

161 1896 355 1922 summam
391 1897 476 1922 esse
510 1882 780 1933 pergrandem,
817 1881 868 1919 ad
902 1881 972 1919 HS
1008 1879 1178 1918 viciens:
1214 1887 1367 1917 tantum
1397 1892 1487 1917 con-

161 1948 311 1987 ficietur
344 1962 391 1987 ex
429 1947 662 1987 testimoniis
697 1954 734 1985 et
773 1945 908 1984 litteris
944 1945 1156 1984 civitatum.
1217 1946 1267 1982 Et
1301 1944 1373 1983 iste
1410 1945 1487 1983 hoc

160 2014 343 2052 concedit
383 2027 456 2052 nec
504 2021 633 2063 potest
677 2012 787 2050 aliter
833 2011 973 2050 dicere.
1045 2012 1177 2060 Quare
1225 2010 1334 2048 cuius
1376 2010 1487 2067 modi

203 2131 222 2158 4
249 2119 328 2150 Erat
345 2119 432 2149 enim
455 2118 484 2148 Ο
639 2128 656 2156 5
683 2117 715 2147 in
736 2122 768 2147 te
786 2121 975 2156 praetorem
995 2115 1064 2147 cdd.
1090 2115 1294 2155 Vsccutt'(1'n
1313 2125 1376 2154 quo
1392 2115 1486 2146 estin

161 2167 195 2193 te
212 2173 289 2202 pop.
308 2173 356 2193 ro.
371 2162 483 2199 :PR
502 2173 508 2190 :
534 2167 566 2191 te
584 2166 738 2200 praetore
751 2165 775 2200 j>
793 2160 860 2191 rell.
988 2161 1008 2189 6
1034 2161 1178 2190 denuost
1200 2160 1231 2189 V
1343 2169 1364 2197 9
1390 2159 1452 2189 etsi
1470 2160 1488 2188 b

161 2207 295 2237 fecisset
317 2205 378 2235 VO
395 2217 400 2235 :
425 2206 485 2236 tibi
503 2206 638 2235 fecisset
652 2204 717 2244 qu
733 2204 776 2235 al.
799 2215 805 2233 ε
838 2203 897 2233 tibi
923 2207 997 2233 ante
1014 2208 1087 2234 tuus
1105 2214 1123 2233 r
1273 2213 1358 2242 equo
1375 2203 1486 2232 animo

165 2249 210 2279 Vb
347 2250 385 2279 18
411 2249 641 2288 Syracusanos
663 2247 725 2277 0¹:
752 2253 819 2286 —op
837 2247 903 2278 rell.
1023 2257 1062 2285 27
1087 2247 1191 2277 vicies
1212 2246 1346 2277 Garal.:
1372 2246 1508 2276 tricies·

160 2293 289 2332 Zumpt
306 2293 386 2331 (·xx-
406 2302 462 2322 Lxr
487 2292 553 2322 cO:
588 2301 678 2322 cxxx
700 2296 745 2330 pq
769 2291 811 2321 al.
835 2293 871 2327 ἐξ
895 2300 966 2331 142,
990 2292 1065 2328 165)
1199 2290 1395 2320 conficietur
1418 2288 1485 2319 cO:

160 2336 337 2367 conficitur
353 2335 420 2366 rell.
527 2337 568 2365 28
594 2340 628 2365 et
646 2336 735 2374 (ante
750 2333 885 2374 litteris)
906 2333 947 2363 0¹
963 2345 970 2364 z
995 2344 1033 2364 ac
1050 2333 1116 2365 rell.

1521 96 1580 129 139

1515 1004 1574 1037 140
