<?xml version="1.0" encoding="UTF-8"?>
<!DOCTYPE html PUBLIC "-//W3C//DTD XHTML 1.0 Transitional//EN"
    "http://www.w3.org/TR/xhtml1/DTD/xhtml1-transitional.dtd">
<html xmlns="http://www.w3.org/1999/xhtml" xml:lang="en" lang="en">
 <head>
  <title>
</title>
<meta http-equiv="Content-Type" content="text/html;charset=utf-8" />
  <meta name='ocr-system' content='tesseract 3.04.00' />
  <meta name='ocr-capabilities' content='ocr_page ocr_carea ocr_par ocr_line ocrx_word'/>
</head>
<body>
  <div class='ocr_page' id='page_1' title='image "./orationesrecogno03ciceuoft/orationesrecogno03ciceuoft_0214.png"; bbox 0 0 1715 2734; ppageno 0'>
   <div class='ocr_carea' id='block_1_1' title="bbox 102 63 1150 111">
    <p class='ocr_par' dir='ltr' id='par_1_1' title="bbox 102 63 1150 111">
     <span class='ocr_line' id='line_1_1' title="bbox 102 63 1150 111; baseline 0.003 -10"><span class='ocrx_word' id='word_1_1' title='bbox 102 63 161 111; x_wconf 86' lang='lat'>69</span> <span class='ocrx_word' id='word_1_2' title='bbox 188 69 251 102; x_wconf 89' lang='lat'>166</span> <span class='ocrx_word' id='word_1_3' title='bbox 556 67 611 103; x_wconf 91' lang='lat' dir='ltr'>M.</span> <span class='ocrx_word' id='word_1_4' title='bbox 643 66 811 103; x_wconf 92' lang='lat' dir='ltr'>TVLLI</span> <span class='ocrx_word' id='word_1_5' title='bbox 843 65 1150 106; x_wconf 89' lang='lat' dir='ltr'>CICERONIS</span> 
     </span>
    </p>
   </div>
   <div class='ocr_carea' id='block_1_2' title="bbox 95 176 1570 1790">
    <p class='ocr_par' dir='ltr' id='par_1_2' title="bbox 95 176 1570 1790">
     <span class='ocr_line' id='line_1_2' title="bbox 187 176 1512 229; baseline 0.003 -16"><span class='ocrx_word' id='word_1_6' title='bbox 187 177 393 215; x_wconf 88' lang='lat' dir='ltr'>‘Aratores</span> <span class='ocrx_word' id='word_1_7' title='bbox 420 176 567 215; x_wconf 89' lang='lat' dir='ltr'>inimici</span> <span class='ocrx_word' id='word_1_8' title='bbox 589 184 680 215; x_wconf 88' lang='lat' dir='ltr'>sunt</span> <span class='ocrx_word' id='word_1_9' title='bbox 704 184 863 227; x_wconf 89' lang='lat' dir='ltr'>propter</span> <span class='ocrx_word' id='word_1_10' title='bbox 882 179 1094 216; x_wconf 87' lang='lat' dir='ltr'>decumas.&#39;</span> <span class='ocrx_word' id='word_1_11' title='bbox 1152 177 1291 227; x_wconf 86' lang='lat' dir='ltr'>Quid?</span> <span class='ocrx_word' id='word_1_12' title='bbox 1312 178 1379 229; x_wconf 89' lang='lat' dir='ltr'>qui</span> <span class='ocrx_word' id='word_1_13' title='bbox 1399 192 1512 229; x_wconf 88' lang='lat' dir='ltr'>agros</span> 
     </span>
     <span class='ocr_line' id='line_1_3' title="bbox 184 239 1513 291; baseline 0.003 -14"><span class='ocrx_word' id='word_1_14' title='bbox 184 239 370 279; x_wconf 88' lang='lat' dir='ltr'>immunis</span> <span class='ocrx_word' id='word_1_15' title='bbox 396 241 620 291; x_wconf 88' lang='lat' dir='ltr'>liberosque</span> <span class='ocrx_word' id='word_1_16' title='bbox 646 248 767 289; x_wconf 87' lang='lat' dir='ltr'>arant,</span> <span class='ocrx_word' id='word_1_17' title='bbox 790 255 859 280; x_wconf 91' lang='lat' dir='ltr'>cur</span> <span class='ocrx_word' id='word_1_18' title='bbox 885 243 1082 281; x_wconf 88' lang='lat' dir='ltr'>oderunt?</span> <span class='ocrx_word' id='word_1_19' title='bbox 1111 256 1179 280; x_wconf 91' lang='lat' dir='ltr'>cur</span> <span class='ocrx_word' id='word_1_20' title='bbox 1204 242 1422 290; x_wconf 82' lang='lat' dir='ltr'>Halaesini,</span> <span class='ocrx_word' id='word_1_21' title='bbox 1444 256 1513 281; x_wconf 88' lang='lat' dir='ltr'>cur</span> 
     </span>
     <span class='ocr_line' id='line_1_4' title="bbox 183 306 1511 358; baseline 0.002 -14"><span class='ocrx_word' id='word_1_22' title='bbox 183 306 441 357; x_wconf 85' lang='lat' dir='ltr'>Centuripini,</span> <span class='ocrx_word' id='word_1_23' title='bbox 465 320 534 345; x_wconf 90' lang='lat' dir='ltr'>cur</span> <span class='ocrx_word' id='word_1_24' title='bbox 560 307 774 356; x_wconf 86' lang='lat' dir='ltr'>Segestani,</span> <span class='ocrx_word' id='word_1_25' title='bbox 801 320 870 345; x_wconf 92' lang='lat' dir='ltr'>cur</span> <span class='ocrx_word' id='word_1_26' title='bbox 892 308 1180 357; x_wconf 79' lang='lat' dir='ltr'>Halicyenses?</span> <span class='ocrx_word' id='word_1_27' title='bbox 1238 309 1359 357; x_wconf 88' lang='lat' dir='ltr'>Quod</span> <span class='ocrx_word' id='word_1_28' title='bbox 1388 321 1511 358; x_wconf 87' lang='lat' dir='ltr'>genus</span> 
     </span>
     <span class='ocr_line' id='line_1_5' title="bbox 182 371 1511 423; baseline 0.001 -13"><span class='ocrx_word' id='word_1_29' title='bbox 182 371 399 419; x_wconf 87' lang='lat' dir='ltr'>hominum,</span> <span class='ocrx_word' id='word_1_30' title='bbox 424 385 542 422; x_wconf 86' lang='lat' dir='ltr'>quem</span> <span class='ocrx_word' id='word_1_31' title='bbox 569 385 788 418; x_wconf 86' lang='lat' dir='ltr'>numerum,</span> <span class='ocrx_word' id='word_1_32' title='bbox 812 385 930 422; x_wconf 85' lang='lat' dir='ltr'>quem</span> <span class='ocrx_word' id='word_1_33' title='bbox 952 373 1131 411; x_wconf 81' lang='lat' dir='ltr'>ordinem</span> <span class='ocrx_word' id='word_1_34' title='bbox 1159 374 1329 422; x_wconf 91' lang='lat' dir='ltr'>proferre</span> <span class='ocrx_word' id='word_1_35' title='bbox 1349 386 1511 423; x_wconf 90' lang='lat' dir='ltr'>possum</span> 
     </span>
     <span class='ocr_line' id='line_1_6' title="bbox 181 436 1549 487; baseline 0.001 -12"><span class='ocrx_word' id='word_1_36' title='bbox 181 436 248 487; x_wconf 89' lang='lat' dir='ltr'>qui</span> <span class='ocrx_word' id='word_1_37' title='bbox 272 444 310 476; x_wconf 87' lang='lat' dir='ltr'>te</span> <span class='ocrx_word' id='word_1_38' title='bbox 330 450 409 475; x_wconf 90' lang='lat' dir='ltr'>non</span> <span class='ocrx_word' id='word_1_39' title='bbox 431 436 569 485; x_wconf 86' lang='lat' dir='ltr'>oderit,</span> <span class='ocrx_word' id='word_1_40' title='bbox 593 437 673 475; x_wconf 91' lang='lat' dir='ltr'>sive</span> <span class='ocrx_word' id='word_1_41' title='bbox 693 437 839 475; x_wconf 87' lang='lat' dir='ltr'>civium</span> <span class='ocrx_word' id='word_1_42' title='bbox 866 438 1137 476; x_wconf 87' lang='lat' dir='ltr'>Romanorum</span> <span class='ocrx_word' id='word_1_43' title='bbox 1159 437 1240 476; x_wconf 88' lang='lat' dir='ltr'>sive</span> <span class='ocrx_word' id='word_1_44' title='bbox 1261 437 1512 476; x_wconf 89' lang='lat' dir='ltr'>Siculorum?</span> <span class='ocrx_word' id='word_1_45' title='bbox 1532 449 1549 480; x_wconf 85' lang='lat'><em>5</em></span> 
     </span>
     <span class='ocr_line' id='line_1_7' title="bbox 181 501 1510 553; baseline 0.001 -13"><span class='ocrx_word' id='word_1_46' title='bbox 181 509 234 549; x_wconf 93' lang='lat' dir='ltr'>ut,</span> <span class='ocrx_word' id='word_1_47' title='bbox 257 501 409 540; x_wconf 87' lang='lat' dir='ltr'>etiamsi</span> <span class='ocrx_word' id='word_1_48' title='bbox 431 515 567 540; x_wconf 80' lang='lat' dir='ltr'>causas</span> <span class='ocrx_word' id='word_1_49' title='bbox 597 515 666 540; x_wconf 92' lang='lat' dir='ltr'>cur</span> <span class='ocrx_word' id='word_1_50' title='bbox 692 509 730 540; x_wconf 89' lang='lat' dir='ltr'>te</span> <span class='ocrx_word' id='word_1_51' title='bbox 757 502 912 540; x_wconf 91' lang='lat' dir='ltr'>oderint</span> <span class='ocrx_word' id='word_1_52' title='bbox 939 516 1018 541; x_wconf 89' lang='lat' dir='ltr'>non</span> <span class='ocrx_word' id='word_1_53' title='bbox 1044 503 1191 553; x_wconf 84' lang='lat' dir='ltr'>possim</span> <span class='ocrx_word' id='word_1_54' title='bbox 1213 503 1357 550; x_wconf 80' lang='lat' dir='ltr'>dicere,</span> <span class='ocrx_word' id='word_1_55' title='bbox 1378 510 1510 541; x_wconf 87' lang='lat' dir='ltr'>tamen</span> 
     </span>
     <span class='ocr_line' id='line_1_8' title="bbox 180 566 1509 617; baseline 0.001 -13"><span class='ocrx_word' id='word_1_56' title='bbox 180 566 277 605; x_wconf 91' lang='lat' dir='ltr'>illud</span> <span class='ocrx_word' id='word_1_57' title='bbox 303 567 517 606; x_wconf 90' lang='lat' dir='ltr'>dicendum</span> <span class='ocrx_word' id='word_1_58' title='bbox 545 575 696 617; x_wconf 77' lang='lat' dir='ltr'>putem,</span> <span class='ocrx_word' id='word_1_59' title='bbox 716 580 835 617; x_wconf 88' lang='lat' dir='ltr'>quem</span> <span class='ocrx_word' id='word_1_60' title='bbox 857 581 996 606; x_wconf 87' lang='lat' dir='ltr'>omnes</span> <span class='ocrx_word' id='word_1_61' title='bbox 1027 569 1210 606; x_wconf 82' lang='lat' dir='ltr'>mortales</span> <span class='ocrx_word' id='word_1_62' title='bbox 1231 567 1395 615; x_wconf 87' lang='lat' dir='ltr'>oderint,</span> <span class='ocrx_word' id='word_1_63' title='bbox 1419 581 1509 606; x_wconf 90' lang='lat' dir='ltr'>eum</span> 
     </span>
     <span class='ocr_line' id='line_1_9' title="bbox 100 631 1507 682; baseline 0.003 -15"><span class='ocrx_word' id='word_1_64' title='bbox 100 635 160 678; x_wconf 83' lang='lat'>167</span> <span class='ocrx_word' id='word_1_65' title='bbox 180 631 292 670; x_wconf 85' lang='lat' dir='ltr'>vobis</span> <span class='ocrx_word' id='word_1_66' title='bbox 319 645 480 682; x_wconf 89' lang='lat' dir='ltr'>quoque</span> <span class='ocrx_word' id='word_1_67' title='bbox 500 631 594 670; x_wconf 92' lang='lat' dir='ltr'>odio</span> <span class='ocrx_word' id='word_1_68' title='bbox 623 645 708 670; x_wconf 89' lang='lat' dir='ltr'>esse</span> <span class='ocrx_word' id='word_1_69' title='bbox 735 639 925 681; x_wconf 86' lang='lat' dir='ltr'>oportere.</span> <span class='ocrx_word' id='word_1_70' title='bbox 985 634 1049 669; x_wconf 90' lang='lat' dir='ltr'>An</span> <span class='ocrx_word' id='word_1_71' title='bbox 1077 633 1153 670; x_wconf 93' lang='lat' dir='ltr'>hoc</span> <span class='ocrx_word' id='word_1_72' title='bbox 1177 632 1308 671; x_wconf 88' lang='lat' dir='ltr'>dicere</span> <span class='ocrx_word' id='word_1_73' title='bbox 1331 632 1507 679; x_wconf 83' lang='lat' dir='ltr'>audebis,</span> 
     </span>
     <span class='ocr_line' id='line_1_10' title="bbox 180 696 1510 747; baseline 0.002 -13"><span class='ocrx_word' id='word_1_74' title='bbox 180 704 311 735; x_wconf 89' lang='lat' dir='ltr'>utrum</span> <span class='ocrx_word' id='word_1_75' title='bbox 338 698 388 735; x_wconf 87' lang='lat' dir='ltr'>de</span> <span class='ocrx_word' id='word_1_76' title='bbox 418 705 456 735; x_wconf 92' lang='lat' dir='ltr'>te</span> <span class='ocrx_word' id='word_1_77' title='bbox 484 704 667 744; x_wconf 87' lang='lat' dir='ltr'>aratores,</span> <span class='ocrx_word' id='word_1_78' title='bbox 698 705 829 735; x_wconf 89' lang='lat' dir='ltr'>utrum</span> <span class='ocrx_word' id='word_1_79' title='bbox 855 696 1029 747; x_wconf 89' lang='lat' dir='ltr'>denique</span> <span class='ocrx_word' id='word_1_80' title='bbox 1059 697 1178 736; x_wconf 88' lang='lat' dir='ltr'>Siculi</span> <span class='ocrx_word' id='word_1_81' title='bbox 1209 697 1377 736; x_wconf 84' lang='lat' dir='ltr'>universi</span> <span class='ocrx_word' id='word_1_82' title='bbox 1409 697 1510 736; x_wconf 90' lang='lat' dir='ltr'>bene</span> 
     </span>
     <span class='ocr_line' id='line_1_11' title="bbox 179 762 1570 812; baseline -0.003 -12"><span class='ocrx_word' id='word_1_83' title='bbox 179 762 412 808; x_wconf 89' lang='lat' dir='ltr'>existiment,</span> <span class='ocrx_word' id='word_1_84' title='bbox 453 769 520 800; x_wconf 91' lang='lat' dir='ltr'>aut</span> <span class='ocrx_word' id='word_1_85' title='bbox 564 775 644 812; x_wconf 92' lang='lat' dir='ltr'>quo</span> <span class='ocrx_word' id='word_1_86' title='bbox 682 764 804 801; x_wconf 88' lang='lat' dir='ltr'>modo</span> <span class='ocrx_word' id='word_1_87' title='bbox 847 762 1080 810; x_wconf 86' lang='lat' dir='ltr'>existiment,</span> <span class='ocrx_word' id='word_1_88' title='bbox 1125 763 1177 801; x_wconf 89' lang='lat' dir='ltr'>ad</span> <span class='ocrx_word' id='word_1_89' title='bbox 1219 776 1301 801; x_wconf 89' lang='lat' dir='ltr'>rem</span> <span class='ocrx_word' id='word_1_90' title='bbox 1340 763 1380 801; x_wconf 91' lang='lat' dir='ltr'>id</span> <span class='ocrx_word' id='word_1_91' title='bbox 1428 775 1509 801; x_wconf 91' lang='lat' dir='ltr'>non</span> <span class='ocrx_word' id='word_1_92' title='bbox 1533 776 1570 797; x_wconf 92' lang='lat'>10</span> 
     </span>
     <span class='ocr_line' id='line_1_12' title="bbox 178 827 1509 878; baseline 0.001 -13"><span class='ocrx_word' id='word_1_93' title='bbox 178 827 402 878; x_wconf 87' lang='lat' dir='ltr'>pertinere?</span> <span class='ocrx_word' id='word_1_94' title='bbox 458 828 602 877; x_wconf 89' lang='lat' dir='ltr'>Neque</span> <span class='ocrx_word' id='word_1_95' title='bbox 636 835 678 866; x_wconf 93' lang='lat' dir='ltr'>tu</span> <span class='ocrx_word' id='word_1_96' title='bbox 717 829 794 865; x_wconf 93' lang='lat' dir='ltr'>hoc</span> <span class='ocrx_word' id='word_1_97' title='bbox 828 827 959 866; x_wconf 90' lang='lat' dir='ltr'>dicere</span> <span class='ocrx_word' id='word_1_98' title='bbox 992 828 1169 875; x_wconf 85' lang='lat' dir='ltr'>audebis,</span> <span class='ocrx_word' id='word_1_99' title='bbox 1203 842 1277 867; x_wconf 90' lang='lat' dir='ltr'>nec</span> <span class='ocrx_word' id='word_1_100' title='bbox 1311 828 1342 866; x_wconf 90' lang='lat' dir='ltr'>si</span> <span class='ocrx_word' id='word_1_101' title='bbox 1374 827 1509 878; x_wconf 87' lang='lat' dir='ltr'>cupias</span> 
     </span>
     <span class='ocr_line' id='line_1_13' title="bbox 178 892 1509 943; baseline 0.002 -13"><span class='ocrx_word' id='word_1_102' title='bbox 178 892 336 940; x_wconf 75' lang='lat' dir='ltr'>licebit3</span> <span class='ocrx_word' id='word_1_103' title='bbox 376 892 547 943; x_wconf 90' lang='lat' dir='ltr'>eripiunt</span> <span class='ocrx_word' id='word_1_104' title='bbox 587 892 693 931; x_wconf 89' lang='lat' dir='ltr'>enim</span> <span class='ocrx_word' id='word_1_105' title='bbox 732 892 803 931; x_wconf 90' lang='lat' dir='ltr'>tibi</span> <span class='ocrx_word' id='word_1_106' title='bbox 843 892 957 931; x_wconf 89' lang='lat' dir='ltr'>istam</span> <span class='ocrx_word' id='word_1_107' title='bbox 997 893 1215 932; x_wconf 86' lang='lat' dir='ltr'>orationem</span> <span class='ocrx_word' id='word_1_108' title='bbox 1255 900 1509 932; x_wconf 89' lang='lat' dir='ltr'>contemnen-</span> 
     </span>
     <span class='ocr_line' id='line_1_14' title="bbox 176 957 1505 1007; baseline 0 -11"><span class='ocrx_word' id='word_1_109' title='bbox 176 958 317 996; x_wconf 90' lang='lat' dir='ltr'>dorum</span> <span class='ocrx_word' id='word_1_110' title='bbox 354 957 574 996; x_wconf 87' lang='lat' dir='ltr'>Siculorum</span> <span class='ocrx_word' id='word_1_111' title='bbox 613 965 732 1007; x_wconf 88' lang='lat' dir='ltr'>atque</span> <span class='ocrx_word' id='word_1_112' title='bbox 764 965 960 996; x_wconf 87' lang='lat' dir='ltr'>aratorum</span> <span class='ocrx_word' id='word_1_113' title='bbox 993 966 1143 996; x_wconf 79' lang='lat' dir='ltr'>statuae</span> <span class='ocrx_word' id='word_1_114' title='bbox 1176 958 1264 996; x_wconf 87' lang='lat' dir='ltr'>illae</span> <span class='ocrx_word' id='word_1_115' title='bbox 1295 965 1505 1007; x_wconf 88' lang='lat' dir='ltr'>equestres,</span> 
     </span>
     <span class='ocr_line' id='line_1_15' title="bbox 176 1022 1508 1073; baseline 0.001 -12"><span class='ocrx_word' id='word_1_116' title='bbox 176 1036 273 1073; x_wconf 86' lang='lat' dir='ltr'>quas</span> <span class='ocrx_word' id='word_1_117' title='bbox 294 1030 335 1061; x_wconf 90' lang='lat' dir='ltr'>tu</span> <span class='ocrx_word' id='word_1_118' title='bbox 357 1025 476 1073; x_wconf 87' lang='lat' dir='ltr'>paulo</span> <span class='ocrx_word' id='word_1_119' title='bbox 496 1030 588 1062; x_wconf 88' lang='lat' dir='ltr'>ante</span> <span class='ocrx_word' id='word_1_120' title='bbox 609 1036 728 1072; x_wconf 88' lang='lat' dir='ltr'>quarn</span> <span class='ocrx_word' id='word_1_121' title='bbox 748 1024 800 1061; x_wconf 90' lang='lat' dir='ltr'>ad</span> <span class='ocrx_word' id='word_1_122' title='bbox 821 1023 959 1062; x_wconf 90' lang='lat' dir='ltr'>urbem</span> <span class='ocrx_word' id='word_1_123' title='bbox 980 1022 1132 1061; x_wconf 88' lang='lat' dir='ltr'>venires</span> <span class='ocrx_word' id='word_1_124' title='bbox 1152 1022 1247 1073; x_wconf 87' lang='lat' dir='ltr'>poni</span> <span class='ocrx_word' id='word_1_125' title='bbox 1269 1022 1508 1073; x_wconf 88' lang='lat' dir='ltr'>inscribique</span> 
     </span>
     <span class='ocr_line' id='line_1_16' title="bbox 175 1087 1566 1136; baseline -0.002 -10"><span class='ocrx_word' id='word_1_126' title='bbox 175 1087 331 1136; x_wconf 89' lang='lat' dir='ltr'>iussisti,</span> <span class='ocrx_word' id='word_1_127' title='bbox 372 1096 414 1127; x_wconf 92' lang='lat' dir='ltr'>ut</span> <span class='ocrx_word' id='word_1_128' title='bbox 456 1088 635 1127; x_wconf 87' lang='lat' dir='ltr'>omnium</span> <span class='ocrx_word' id='word_1_129' title='bbox 679 1088 927 1127; x_wconf 88' lang='lat' dir='ltr'>inimicorum</span> <span class='ocrx_word' id='word_1_130' title='bbox 967 1096 1123 1127; x_wconf 87' lang='lat' dir='ltr'>tuorum</span> <span class='ocrx_word' id='word_1_131' title='bbox 1162 1087 1315 1126; x_wconf 88' lang='lat' dir='ltr'>animos</span> <span class='ocrx_word' id='word_1_132' title='bbox 1352 1101 1508 1126; x_wconf 85' lang='lat' dir='ltr'>accusa-</span> <span class='ocrx_word' id='word_1_133' title='bbox 1530 1101 1566 1134; x_wconf 87' lang='lat'>15</span> 
     </span>
     <span class='ocr_line' id='line_1_17' title="bbox 95 1152 1507 1203; baseline -0.001 -11"><span class='ocrx_word' id='word_1_134' title='bbox 95 1160 157 1192; x_wconf 84' lang='lat'>168</span> <span class='ocrx_word' id='word_1_135' title='bbox 176 1160 386 1203; x_wconf 88' lang='lat' dir='ltr'>torumque</span> <span class='ocrx_word' id='word_1_136' title='bbox 407 1154 589 1192; x_wconf 87' lang='lat' dir='ltr'>tardares.</span> <span class='ocrx_word' id='word_1_137' title='bbox 650 1153 750 1202; x_wconf 87' lang='lat' dir='ltr'>Quis</span> <span class='ocrx_word' id='word_1_138' title='bbox 776 1153 881 1192; x_wconf 87' lang='lat' dir='ltr'>enim</span> <span class='ocrx_word' id='word_1_139' title='bbox 903 1152 974 1191; x_wconf 88' lang='lat' dir='ltr'>tibi</span> <span class='ocrx_word' id='word_1_140' title='bbox 995 1154 1184 1191; x_wconf 83' lang='lat' dir='ltr'>molestus</span> <span class='ocrx_word' id='word_1_141' title='bbox 1204 1160 1306 1191; x_wconf 87' lang='lat' dir='ltr'>esset</span> <span class='ocrx_word' id='word_1_142' title='bbox 1331 1160 1398 1190; x_wconf 86' lang='lat' dir='ltr'>aut</span> <span class='ocrx_word' id='word_1_143' title='bbox 1419 1153 1507 1203; x_wconf 87' lang='lat' dir='ltr'>quis</span> 
     </span>
     <span class='ocr_line' id='line_1_18' title="bbox 173 1216 1504 1269; baseline -0.002 -12"><span class='ocrx_word' id='word_1_144' title='bbox 173 1220 371 1269; x_wconf 86' lang='lat' dir='ltr'>appellare</span> <span class='ocrx_word' id='word_1_145' title='bbox 393 1226 430 1257; x_wconf 89' lang='lat' dir='ltr'>te</span> <span class='ocrx_word' id='word_1_146' title='bbox 455 1219 632 1265; x_wconf 85' lang='lat' dir='ltr'>auderet,</span> <span class='ocrx_word' id='word_1_147' title='bbox 653 1231 743 1256; x_wconf 91' lang='lat' dir='ltr'>cum</span> <span class='ocrx_word' id='word_1_148' title='bbox 765 1217 915 1256; x_wconf 89' lang='lat' dir='ltr'>videret</span> <span class='ocrx_word' id='word_1_149' title='bbox 935 1225 1082 1256; x_wconf 89' lang='lat' dir='ltr'>statuas</span> <span class='ocrx_word' id='word_1_150' title='bbox 1107 1218 1157 1256; x_wconf 90' lang='lat' dir='ltr'>ab</span> <span class='ocrx_word' id='word_1_151' title='bbox 1184 1216 1504 1267; x_wconf 81' lang='lat' dir='ltr'>negotiatoribus,</span> 
     </span>
     <span class='ocr_line' id='line_1_19' title="bbox 174 1282 1506 1332; baseline 0 -10"><span class='ocrx_word' id='word_1_152' title='bbox 174 1284 225 1322; x_wconf 87' lang='lat' dir='ltr'>ab</span> <span class='ocrx_word' id='word_1_153' title='bbox 245 1284 473 1331; x_wconf 89' lang='lat' dir='ltr'>aratoribus,</span> <span class='ocrx_word' id='word_1_154' title='bbox 496 1297 519 1322; x_wconf 93' lang='lat' dir='ltr'>a</span> <span class='ocrx_word' id='word_1_155' title='bbox 539 1285 743 1322; x_wconf 86' lang='lat' dir='ltr'>communi</span> <span class='ocrx_word' id='word_1_156' title='bbox 772 1283 926 1322; x_wconf 83' lang='lat' dir='ltr'>Siciliae</span> <span class='ocrx_word' id='word_1_157' title='bbox 947 1283 1123 1332; x_wconf 84' lang='lat' dir='ltr'>positas?</span> <span class='ocrx_word' id='word_1_158' title='bbox 1178 1283 1301 1331; x_wconf 81' lang='lat' dir='ltr'>Quod</span> <span class='ocrx_word' id='word_1_159' title='bbox 1321 1290 1379 1321; x_wconf 90' lang='lat' dir='ltr'>est</span> <span class='ocrx_word' id='word_1_160' title='bbox 1399 1282 1506 1322; x_wconf 91' lang='lat' dir='ltr'>aliud</span> 
     </span>
     <span class='ocr_line' id='line_1_20' title="bbox 174 1348 1506 1399; baseline 0 -13"><span class='ocrx_word' id='word_1_161' title='bbox 174 1349 213 1386; x_wconf 94' lang='lat' dir='ltr'>in</span> <span class='ocrx_word' id='word_1_162' title='bbox 253 1349 317 1388; x_wconf 92' lang='lat' dir='ltr'>illa</span> <span class='ocrx_word' id='word_1_163' title='bbox 355 1349 556 1399; x_wconf 86' lang='lat' dir='ltr'>provincia</span> <span class='ocrx_word' id='word_1_164' title='bbox 594 1362 718 1399; x_wconf 84' lang='lat' dir='ltr'>genus</span> <span class='ocrx_word' id='word_1_165' title='bbox 757 1348 996 1387; x_wconf 85' lang='lat' dir='ltr'>hominum?</span> <span class='ocrx_word' id='word_1_166' title='bbox 1063 1349 1238 1386; x_wconf 88' lang='lat' dir='ltr'>Nullum.</span> <span class='ocrx_word' id='word_1_167' title='bbox 1313 1349 1418 1397; x_wconf 84' lang='lat' dir='ltr'>Ergo</span> <span class='ocrx_word' id='word_1_168' title='bbox 1454 1348 1506 1386; x_wconf 89' lang='lat' dir='ltr'>ab</span> 
     </span>
     <span class='ocr_line' id='line_1_21' title="bbox 173 1413 1567 1465; baseline -0.001 -13"><span class='ocrx_word' id='word_1_169' title='bbox 173 1414 353 1453; x_wconf 84' lang='lat' dir='ltr'>universa</span> <span class='ocrx_word' id='word_1_170' title='bbox 386 1414 602 1465; x_wconf 85' lang='lat' dir='ltr'>provincia,</span> <span class='ocrx_word' id='word_1_171' title='bbox 634 1415 928 1464; x_wconf 82' lang='lat' dir='ltr'>generatimque</span> <span class='ocrx_word' id='word_1_172' title='bbox 957 1427 980 1451; x_wconf 88' lang='lat' dir='ltr'>a</span> <span class='ocrx_word' id='word_1_173' title='bbox 1009 1413 1170 1464; x_wconf 85' lang='lat' dir='ltr'>singulis</span> <span class='ocrx_word' id='word_1_174' title='bbox 1200 1413 1283 1452; x_wconf 91' lang='lat' dir='ltr'>eius</span> <span class='ocrx_word' id='word_1_175' title='bbox 1316 1413 1504 1463; x_wconf 74' lang='lat' dir='ltr'>partibUS‚</span> <span class='ocrx_word' id='word_1_176' title='bbox 1527 1424 1567 1446; x_wconf 89' lang='lat'>20</span> 
     </span>
     <span class='ocr_line' id='line_1_22' title="bbox 172 1479 1506 1530; baseline 0 -13"><span class='ocrx_word' id='word_1_177' title='bbox 172 1493 253 1518; x_wconf 89' lang='lat' dir='ltr'>non</span> <span class='ocrx_word' id='word_1_178' title='bbox 274 1482 401 1519; x_wconf 90' lang='lat' dir='ltr'>solum</span> <span class='ocrx_word' id='word_1_179' title='bbox 423 1480 605 1530; x_wconf 83' lang='lat' dir='ltr'>diligitur,</span> <span class='ocrx_word' id='word_1_180' title='bbox 627 1482 696 1519; x_wconf 92' lang='lat' dir='ltr'>sed</span> <span class='ocrx_word' id='word_1_181' title='bbox 717 1480 835 1519; x_wconf 87' lang='lat' dir='ltr'>etiam</span> <span class='ocrx_word' id='word_1_182' title='bbox 857 1486 1028 1518; x_wconf 86' lang='lat' dir='ltr'>ornatur.</span> <span class='ocrx_word' id='word_1_183' title='bbox 1070 1479 1169 1528; x_wconf 88' lang='lat' dir='ltr'>Quis</span> <span class='ocrx_word' id='word_1_184' title='bbox 1190 1481 1296 1518; x_wconf 88' lang='lat' dir='ltr'>hunc</span> <span class='ocrx_word' id='word_1_185' title='bbox 1316 1479 1506 1529; x_wconf 87' lang='lat' dir='ltr'>attingere</span> 
     </span>
     <span class='ocr_line' id='line_1_23' title="bbox 171 1544 1506 1595; baseline 0 -13"><span class='ocrx_word' id='word_1_186' title='bbox 171 1546 345 1583; x_wconf 83' lang='lat' dir='ltr'>audeat?</span> <span class='ocrx_word' id='word_1_187' title='bbox 416 1547 533 1584; x_wconf 88' lang='lat' dir='ltr'>Potes</span> <span class='ocrx_word' id='word_1_188' title='bbox 573 1545 688 1595; x_wconf 86' lang='lat' dir='ltr'>igitur</span> <span class='ocrx_word' id='word_1_189' title='bbox 733 1545 863 1583; x_wconf 90' lang='lat' dir='ltr'>dicere</span> <span class='ocrx_word' id='word_1_190' title='bbox 902 1544 998 1583; x_wconf 88' lang='lat' dir='ltr'>nihil</span> <span class='ocrx_word' id='word_1_191' title='bbox 1038 1544 1108 1583; x_wconf 91' lang='lat' dir='ltr'>tibi</span> <span class='ocrx_word' id='word_1_192' title='bbox 1147 1544 1288 1582; x_wconf 81' lang='lat' dir='ltr'>obesse</span> <span class='ocrx_word' id='word_1_193' title='bbox 1325 1551 1506 1594; x_wconf 91' lang='lat' dir='ltr'>oportere</span> 
     </span>
     <span class='ocr_line' id='line_1_24' title="bbox 171 1608 1502 1660; baseline -0.002 -12"><span class='ocrx_word' id='word_1_194' title='bbox 171 1618 379 1658; x_wconf 86' lang='lat' dir='ltr'>aratorum,</span> <span class='ocrx_word' id='word_1_195' title='bbox 408 1610 708 1660; x_wconf 83' lang='lat' dir='ltr'>negotiatorum,</span> <span class='ocrx_word' id='word_1_196' title='bbox 732 1610 1035 1660; x_wconf 89' lang='lat' dir='ltr'>Siculorumque</span> <span class='ocrx_word' id='word_1_197' title='bbox 1065 1610 1244 1647; x_wconf 85' lang='lat' dir='ltr'>omnium</span> <span class='ocrx_word' id='word_1_198' title='bbox 1266 1608 1502 1655; x_wconf 88' lang='lat' dir='ltr'>testimonia,</span> 
     </span>
     <span class='ocr_line' id='line_1_25' title="bbox 174 1673 1504 1724; baseline -0.002 -11"><span class='ocrx_word' id='word_1_199' title='bbox 174 1688 263 1713; x_wconf 90' lang='lat' dir='ltr'>cum</span> <span class='ocrx_word' id='word_1_200' title='bbox 294 1689 430 1714; x_wconf 88' lang='lat' dir='ltr'>eorum</span> <span class='ocrx_word' id='word_1_201' title='bbox 461 1675 688 1714; x_wconf 89' lang='lat' dir='ltr'>nominibus</span> <span class='ocrx_word' id='word_1_202' title='bbox 722 1675 762 1713; x_wconf 90' lang='lat' dir='ltr'>in</span> <span class='ocrx_word' id='word_1_203' title='bbox 787 1683 1001 1713; x_wconf 85' lang='lat' dir='ltr'>statuarum</span> <span class='ocrx_word' id='word_1_204' title='bbox 1031 1673 1286 1724; x_wconf 84' lang='lat' dir='ltr'>inscriptione</span> <span class='ocrx_word' id='word_1_205' title='bbox 1311 1673 1504 1724; x_wconf 90' lang='lat' dir='ltr'>oppositis</span> 
     </span>
     <span class='ocr_line' id='line_1_26' title="bbox 174 1738 1563 1790; baseline -0.001 -12"><span class='ocrx_word' id='word_1_206' title='bbox 174 1753 333 1778; x_wconf 88' lang='lat' dir='ltr'>ornnem</span> <span class='ocrx_word' id='word_1_207' title='bbox 369 1748 407 1779; x_wconf 87' lang='lat' dir='ltr'>te</span> <span class='ocrx_word' id='word_1_208' title='bbox 441 1740 605 1790; x_wconf 83' lang='lat' dir='ltr'>speraris</span> <span class='ocrx_word' id='word_1_209' title='bbox 640 1739 829 1779; x_wconf 86' lang='lat' dir='ltr'>invidiam</span> <span class='ocrx_word' id='word_1_210' title='bbox 861 1747 980 1789; x_wconf 87' lang='lat' dir='ltr'>atque</span> <span class='ocrx_word' id='word_1_211' title='bbox 1012 1738 1213 1777; x_wconf 88' lang='lat' dir='ltr'>infamiam</span> <span class='ocrx_word' id='word_1_212' title='bbox 1248 1746 1356 1776; x_wconf 90' lang='lat' dir='ltr'>tuam</span> <span class='ocrx_word' id='word_1_213' title='bbox 1388 1751 1503 1789; x_wconf 88' lang='lat' dir='ltr'>posse</span> <span class='ocrx_word' id='word_1_214' title='bbox 1524 1753 1563 1785; x_wconf 80' lang='lat'>²5</span> 
     </span>
    </p>
   </div>
   <div class='ocr_carea' id='block_1_3' title="bbox 169 1843 1506 2358">
    <p class='ocr_par' dir='ltr' id='par_1_3' title="bbox 169 1843 1506 2358">
     <span class='ocr_line' id='line_1_27' title="bbox 218 1843 1506 1884; baseline 0 -10"><span class='ocrx_word' id='word_1_215' title='bbox 218 1855 237 1874; x_wconf 87' lang='lat'>2</span> <span class='ocrx_word' id='word_1_216' title='bbox 262 1849 357 1876; x_wconf 84' lang='lat' dir='ltr'>erant</span> <span class='ocrx_word' id='word_1_217' title='bbox 378 1843 439 1875; x_wconf 85' lang='lat' dir='ltr'>VO</span> <span class='ocrx_word' id='word_1_218' title='bbox 529 1855 548 1882; x_wconf 88' lang='lat'>4</span> <span class='ocrx_word' id='word_1_219' title='bbox 575 1844 685 1884; x_wconf 84' lang='lat' dir='ltr'>possis</span> <span class='ocrx_word' id='word_1_220' title='bbox 702 1844 739 1874; x_wconf 79' lang='grc' dir='ltr'>ὸδ</span> <span class='ocrx_word' id='word_1_221' title='bbox 837 1845 858 1874; x_wconf 90' lang='grc'>6</span> <span class='ocrx_word' id='word_1_222' title='bbox 882 1853 1001 1874; x_wconf 85' lang='lat' dir='ltr'>causas</span> <span class='ocrx_word' id='word_1_223' title='bbox 1019 1843 1129 1874; x_wconf 80' lang='lat' dir='ltr'><em>VCO:</em></span> <span class='ocrx_word' id='word_1_224' title='bbox 1153 1853 1287 1874; x_wconf 85' lang='lat' dir='ltr'>causam</span> <span class='ocrx_word' id='word_1_225' title='bbox 1305 1844 1420 1881; x_wconf 80' lang='lat' dir='ltr'>(causa</span> <span class='ocrx_word' id='word_1_226' title='bbox 1432 1843 1469 1883; x_wconf 46' lang='lat' dir='ltr'>pf*</span> <span class='ocrx_word' id='word_1_227' title='bbox 1482 1848 1506 1883; x_wconf 78' lang='lat' dir='ltr'>p</span> 
     </span>
     <span class='ocr_line' id='line_1_28' title="bbox 176 1887 1504 1928; baseline -0.001 -11"><span class='ocrx_word' id='word_1_228' title='bbox 176 1888 240 1919; x_wconf 77' lang='lat' dir='ltr'>rell.</span> <span class='ocrx_word' id='word_1_229' title='bbox 303 1889 431 1928; x_wconf 87' lang='lat' dir='ltr'>possim</span> <span class='ocrx_word' id='word_1_230' title='bbox 445 1887 524 1928; x_wconf 79' lang='lat' dir='ltr'>COp</span> <span class='ocrx_word' id='word_1_231' title='bbox 537 1888 581 1919; x_wconf 82' lang='lat' dir='ltr'>ul.</span> <span class='ocrx_word' id='word_1_232' title='bbox 598 1899 604 1918; x_wconf 73' lang='grc' dir='ltr'><strong><em>ε</em></strong></span> <span class='ocrx_word' id='word_1_233' title='bbox 623 1898 759 1927; x_wconf 86' lang='lat' dir='ltr'>possum</span> <span class='ocrx_word' id='word_1_234' title='bbox 779 1887 809 1917; x_wconf 82' lang='lat' dir='ltr'><em>V</em></span> <span class='ocrx_word' id='word_1_235' title='bbox 893 1889 914 1917; x_wconf 87' lang='lat'>8</span> <span class='ocrx_word' id='word_1_236' title='bbox 937 1887 1035 1918; x_wconf 86' lang='lat' dir='ltr'>vobis</span> <span class='ocrx_word' id='word_1_237' title='bbox 1048 1898 1181 1926; x_wconf 85' lang='lat' dir='ltr'>quoque</span> <span class='ocrx_word' id='word_1_238' title='bbox 1198 1887 1276 1927; x_wconf 78' lang='lat' dir='ltr'>COp</span> <span class='ocrx_word' id='word_1_239' title='bbox 1289 1887 1331 1917; x_wconf 81' lang='lat' dir='ltr'>al.</span> <span class='ocrx_word' id='word_1_240' title='bbox 1346 1899 1352 1917; x_wconf 91' lang='lat'>:</span> <span class='ocrx_word' id='word_1_241' title='bbox 1370 1897 1504 1926; x_wconf 88' lang='lat' dir='ltr'>quoque</span> 
     </span>
     <span class='ocr_line' id='line_1_29' title="bbox 174 1930 1502 1971; baseline -0.001 -10"><span class='ocrx_word' id='word_1_242' title='bbox 174 1932 269 1962; x_wconf 82' lang='lat' dir='ltr'>vobis</span> <span class='ocrx_word' id='word_1_243' title='bbox 290 1931 336 1962; x_wconf 87' lang='lat' dir='ltr'>Vb</span> <span class='ocrx_word' id='word_1_244' title='bbox 519 1943 539 1970; x_wconf 92' lang='lat'>9</span> <span class='ocrx_word' id='word_1_245' title='bbox 564 1937 672 1962; x_wconf 87' lang='lat' dir='ltr'>utrum</span> <span class='ocrx_word' id='word_1_246' title='bbox 699 1932 928 1970; x_wconf 75' lang='lat' dir='ltr'>negotiatores</span> <span class='ocrx_word' id='word_1_247' title='bbox 947 1935 1024 1971; x_wconf 79' lang='lat' dir='ltr'>post</span> <span class='ocrx_word' id='word_1_248' title='bbox 1046 1937 1198 1962; x_wconf 79' lang='lat' dir='ltr'>aratores</span> <span class='ocrx_word' id='word_1_249' title='bbox 1222 1931 1299 1961; x_wconf 81' lang='lat' dir='ltr'>add.</span> <span class='ocrx_word' id='word_1_250' title='bbox 1322 1930 1502 1962; x_wconf 67' lang='lat' dir='ltr'>Garatom:</span> 
     </span>
     <span class='ocr_line' id='line_1_30' title="bbox 173 1974 1503 2015; baseline -0.001 -10"><span class='ocrx_word' id='word_1_251' title='bbox 173 1975 255 2014; x_wconf 87' lang='lat' dir='ltr'>cf.ll.</span> <span class='ocrx_word' id='word_1_252' title='bbox 280 1985 326 2015; x_wconf 81' lang='lat'>17,</span> <span class='ocrx_word' id='word_1_253' title='bbox 344 1985 386 2014; x_wconf 85' lang='lat'>23</span> <span class='ocrx_word' id='word_1_254' title='bbox 404 1975 437 2013; x_wconf 67' lang='grc' dir='ltr'>(ξ</span> <span class='ocrx_word' id='word_1_255' title='bbox 460 1976 519 2006; x_wconf 87' lang='lat'>188</span> <span class='ocrx_word' id='word_1_256' title='bbox 536 1976 639 2015; x_wconf 52' lang='lat' dir='ltr'>infra)</span> <span class='ocrx_word' id='word_1_257' title='bbox 735 1986 773 2006; x_wconf 81' lang='lat' dir='ltr'>ro</span> <span class='ocrx_word' id='word_1_258' title='bbox 797 1981 854 2006; x_wconf 86' lang='lat' dir='ltr'>aut</span> <span class='ocrx_word' id='word_1_259' title='bbox 871 1974 940 2005; x_wconf 80' lang='lat' dir='ltr'><em>edd.</em></span> <span class='ocrx_word' id='word_1_260' title='bbox 957 1986 963 2004; x_wconf 88' lang='lat'>:</span> <span class='ocrx_word' id='word_1_261' title='bbox 987 1985 1028 2005; x_wconf 85' lang='lat' dir='ltr'>an</span> <span class='ocrx_word' id='word_1_262' title='bbox 1048 1974 1108 2005; x_wconf 90' lang='lat' dir='ltr'>CO</span> <span class='ocrx_word' id='word_1_263' title='bbox 1126 1975 1158 2013; x_wconf 74' lang='grc' dir='ltr'>(ξ</span> <span class='ocrx_word' id='word_1_264' title='bbox 1184 1984 1243 2013; x_wconf 86' lang='lat'>144</span> <span class='ocrx_word' id='word_1_265' title='bbox 1261 1976 1377 2013; x_wconf 40' lang='lat' dir='ltr'>supra&amp;</span> <span class='ocrx_word' id='word_1_266' title='bbox 1446 1979 1503 2004; x_wconf 83' lang='lat' dir='ltr'>aut</span> 
     </span>
     <span class='ocr_line' id='line_1_31' title="bbox 173 2016 1504 2057; baseline -0.001 -9"><span class='ocrx_word' id='word_1_267' title='bbox 173 2020 247 2055; x_wconf 72' lang='lat' dir='ltr'>(an)</span> <span class='ocrx_word' id='word_1_268' title='bbox 264 2029 329 2057; x_wconf 89' lang='lat' dir='ltr'>quo</span> <span class='ocrx_word' id='word_1_269' title='bbox 347 2020 444 2050; x_wconf 87' lang='lat' dir='ltr'>modo</span> <span class='ocrx_word' id='word_1_270' title='bbox 462 2019 658 2049; x_wconf 82' lang='lat' dir='ltr'>existiment</span> <span class='ocrx_word' id='word_1_271' title='bbox 676 2017 755 2049; x_wconf 84' lang='lat' dir='ltr'>CO:</span> <span class='ocrx_word' id='word_1_272' title='bbox 780 2029 847 2051; x_wconf 85' lang='lat' dir='ltr'>om.</span> <span class='ocrx_word' id='word_1_273' title='bbox 872 2018 903 2047; x_wconf 85' lang='lat' dir='ltr'><em>V</em></span> <span class='ocrx_word' id='word_1_274' title='bbox 915 2018 979 2049; x_wconf 80' lang='lat' dir='ltr'>rell.</span> <span class='ocrx_word' id='word_1_275' title='bbox 1086 2028 1121 2047; x_wconf 90' lang='lat'>11</span> <span class='ocrx_word' id='word_1_276' title='bbox 1149 2019 1264 2057; x_wconf 82' lang='lat' dir='ltr'>cupias</span> <span class='ocrx_word' id='word_1_277' title='bbox 1282 2016 1340 2047; x_wconf 88' lang='lat' dir='ltr'>CO</span> <span class='ocrx_word' id='word_1_278' title='bbox 1356 2029 1363 2047; x_wconf 75' lang='grc' dir='ltr'><strong><em>ε</em></strong></span> <span class='ocrx_word' id='word_1_279' title='bbox 1388 2018 1504 2057; x_wconf 83' lang='lat' dir='ltr'>cupies</span> 
     </span>
     <span class='ocr_line' id='line_1_32' title="bbox 178 2061 1502 2102; baseline -0.001 -11"><span class='ocrx_word' id='word_1_280' title='bbox 178 2062 226 2102; x_wconf 77' lang='lat' dir='ltr'>Vp</span> <span class='ocrx_word' id='word_1_281' title='bbox 243 2062 307 2093; x_wconf 82' lang='lat' dir='ltr'>rell.</span> <span class='ocrx_word' id='word_1_282' title='bbox 462 2072 500 2092; x_wconf 87' lang='lat'>12</span> <span class='ocrx_word' id='word_1_283' title='bbox 525 2063 615 2092; x_wconf 85' lang='lat' dir='ltr'>enim</span> <span class='ocrx_word' id='word_1_284' title='bbox 636 2061 714 2092; x_wconf 88' lang='lat' dir='ltr'>CO:</span> <span class='ocrx_word' id='word_1_285' title='bbox 738 2072 804 2092; x_wconf 84' lang='lat' dir='ltr'>om.</span> <span class='ocrx_word' id='word_1_286' title='bbox 829 2061 897 2091; x_wconf 82' lang='lat' dir='ltr'>Vrrb</span> <span class='ocrx_word' id='word_1_287' title='bbox 1008 2062 1332 2092; x_wconf 86' lang='lat' dir='ltr'>contemnendorum</span> <span class='ocrx_word' id='word_1_288' title='bbox 1351 2085 1358 2092; x_wconf 90' lang='lat'><strong><em>.</em></strong></span> <span class='ocrx_word' id='word_1_289' title='bbox 1380 2084 1386 2091; x_wconf 97' lang='lat'>.</span> <span class='ocrx_word' id='word_1_290' title='bbox 1408 2086 1414 2091; x_wconf 85' lang='grc'><strong>.</strong></span> <span class='ocrx_word' id='word_1_291' title='bbox 1432 2071 1502 2091; x_wconf 90' lang='lat' dir='ltr'>ara-</span> 
     </span>
     <span class='ocr_line' id='line_1_33' title="bbox 173 2103 1503 2143; baseline 0 -9"><span class='ocrx_word' id='word_1_292' title='bbox 173 2110 280 2135; x_wconf 88' lang='lat' dir='ltr'>torum</span> <span class='ocrx_word' id='word_1_293' title='bbox 301 2105 416 2140; x_wconf 74' lang='lat' dir='ltr'>Garal.</span> <span class='ocrx_word' id='word_1_294' title='bbox 435 2109 517 2136; x_wconf 81' lang='lat' dir='ltr'>ancl.</span> <span class='ocrx_word' id='word_1_295' title='bbox 536 2106 603 2136; x_wconf 78' lang='lat' dir='ltr'>secl.</span> <span class='ocrx_word' id='word_1_296' title='bbox 625 2104 740 2136; x_wconf 75' lang='lat' dir='ltr'>Muell.</span> <span class='ocrx_word' id='word_1_297' title='bbox 858 2114 895 2143; x_wconf 85' lang='lat'>15</span> <span class='ocrx_word' id='word_1_298' title='bbox 920 2104 1131 2135; x_wconf 88' lang='lat' dir='ltr'>inimicorum</span> <span class='ocrx_word' id='word_1_299' title='bbox 1153 2104 1263 2136; x_wconf 82' lang='lat' dir='ltr'>Vrell.</span> <span class='ocrx_word' id='word_1_300' title='bbox 1283 2116 1289 2135; x_wconf 92' lang='lat'>:</span> <span class='ocrx_word' id='word_1_301' title='bbox 1314 2103 1503 2142; x_wconf 86' lang='lat' dir='ltr'>iniquorum</span> 
     </span>
     <span class='ocr_line' id='line_1_34' title="bbox 171 2144 1503 2189; baseline 0.003 -13"><span class='ocrx_word' id='word_1_302' title='bbox 171 2144 229 2176; x_wconf 87' lang='lat' dir='ltr'>CO</span> <span class='ocrx_word' id='word_1_303' title='bbox 246 2147 344 2186; x_wconf 76' lang='lat' dir='ltr'>(fort.</span> <span class='ocrx_word' id='word_1_304' title='bbox 364 2151 462 2185; x_wconf 84' lang='lat' dir='ltr'>recle;</span> <span class='ocrx_word' id='word_1_305' title='bbox 497 2146 534 2186; x_wconf 74' lang='lat' dir='ltr'>cs]</span> <span class='ocrx_word' id='word_1_306' title='bbox 553 2147 572 2185; x_wconf 84' lang='lat' dir='ltr'>i,</span> <span class='ocrx_word' id='word_1_307' title='bbox 595 2149 609 2184; x_wconf 64' lang='grc' dir='ltr'><strong>ξ</strong></span> <span class='ocrx_word' id='word_1_308' title='bbox 632 2155 691 2184; x_wconf 83' lang='grc' dir='ltr'>Ι9;</span> <span class='ocrx_word' id='word_1_309' title='bbox 716 2157 745 2181; x_wconf 79' lang='lat' dir='ltr'>v.</span> <span class='ocrx_word' id='word_1_310' title='bbox 769 2149 783 2183; x_wconf 67' lang='grc' dir='ltr'>ξ</span> <span class='ocrx_word' id='word_1_311' title='bbox 806 2148 879 2185; x_wconf 82' lang='lat'><strong>177)</strong></span> <span class='ocrx_word' id='word_1_312' title='bbox 1054 2157 1089 2185; x_wconf 88' lang='lat'>17</span> <span class='ocrx_word' id='word_1_313' title='bbox 1114 2148 1286 2187; x_wconf 80' lang='lat' dir='ltr'>appellare</span> <span class='ocrx_word' id='word_1_314' title='bbox 1311 2154 1343 2179; x_wconf 84' lang='lat' dir='ltr'>te</span> <span class='ocrx_word' id='word_1_315' title='bbox 1365 2148 1412 2180; x_wconf 90' lang='lat' dir='ltr'>V:</span> <span class='ocrx_word' id='word_1_316' title='bbox 1445 2160 1503 2189; x_wconf 90' lang='lat' dir='ltr'>ap-</span> 
     </span>
     <span class='ocr_line' id='line_1_35' title="bbox 169 2188 1500 2232; baseline 0.004 -13"><span class='ocrx_word' id='word_1_317' title='bbox 169 2190 310 2228; x_wconf 80' lang='lat' dir='ltr'>pellaret</span> <span class='ocrx_word' id='word_1_318' title='bbox 330 2189 378 2221; x_wconf 86' lang='lat' dir='ltr'>C:</span> <span class='ocrx_word' id='word_1_319' title='bbox 402 2190 577 2230; x_wconf 86' lang='lat' dir='ltr'>appellare</span> <span class='ocrx_word' id='word_1_320' title='bbox 595 2188 659 2220; x_wconf 82' lang='lat' dir='ltr'>rell.</span> <span class='ocrx_word' id='word_1_321' title='bbox 749 2200 768 2219; x_wconf 88' lang='lat' dir='ltr'>a</span> <span class='ocrx_word' id='word_1_322' title='bbox 786 2195 899 2229; x_wconf 85' lang='lat' dir='ltr'>negot.</span> <span class='ocrx_word' id='word_1_323' title='bbox 920 2189 965 2219; x_wconf 76' lang='lat' dir='ltr'>Vb</span> <span class='ocrx_word' id='word_1_324' title='bbox 1102 2192 1138 2220; x_wconf 90' lang='lat'>18</span> <span class='ocrx_word' id='word_1_325' title='bbox 1162 2191 1203 2221; x_wconf 86' lang='lat' dir='ltr'>ab</span> <span class='ocrx_word' id='word_1_326' title='bbox 1219 2197 1301 2223; x_wconf 79' lang='lat' dir='ltr'>arat.</span> <span class='ocrx_word' id='word_1_327' title='bbox 1323 2192 1406 2232; x_wconf 54' lang='grc' dir='ltr'>Πρὸς</span> <span class='ocrx_word' id='word_1_328' title='bbox 1434 2204 1500 2224; x_wconf 85' lang='lat' dir='ltr'>om.</span> 
     </span>
     <span class='ocr_line' id='line_1_36' title="bbox 171 2231 1502 2274; baseline 0.002 -13"><span class='ocrx_word' id='word_1_329' title='bbox 171 2231 250 2272; x_wconf 82' lang='lat' dir='ltr'>COq</span> <span class='ocrx_word' id='word_1_330' title='bbox 357 2233 471 2264; x_wconf 84' lang='lat' dir='ltr'>Sicilia</span> <span class='ocrx_word' id='word_1_331' title='bbox 493 2233 551 2263; x_wconf 86' lang='lat' dir='ltr'>VC</span> <span class='ocrx_word' id='word_1_332' title='bbox 567 2234 659 2273; x_wconf 82' lang='lat' dir='ltr'>(corr.</span> <span class='ocrx_word' id='word_1_333' title='bbox 678 2235 745 2262; x_wconf 51' lang='lat' dir='ltr'>-tre‘¹</span> <span class='ocrx_word' id='word_1_334' title='bbox 768 2232 798 2262; x_wconf 89' lang='lat' dir='ltr'>O</span> <span class='ocrx_word' id='word_1_335' title='bbox 817 2236 870 2273; x_wconf 75' lang='lat'>(§§</span> <span class='ocrx_word' id='word_1_336' title='bbox 892 2243 962 2271; x_wconf 80' lang='lat'>1¹4·</span> <span class='ocrx_word' id='word_1_337' title='bbox 988 2243 1056 2272; x_wconf 84' lang='lat'>145,</span> <span class='ocrx_word' id='word_1_338' title='bbox 1081 2243 1138 2272; x_wconf 83' lang='lat'>154</span> <span class='ocrx_word' id='word_1_339' title='bbox 1157 2236 1275 2274; x_wconf 56' lang='lat' dir='ltr'>supra)</span> <span class='ocrx_word' id='word_1_340' title='bbox 1376 2237 1502 2274; x_wconf 81' lang='lat' dir='ltr'>positas</span> 
     </span>
     <span class='ocr_line' id='line_1_37' title="bbox 174 2275 1501 2318; baseline 0.004 -13"><span class='ocrx_word' id='word_1_341' title='bbox 174 2275 219 2306; x_wconf 88' lang='lat' dir='ltr'>V:</span> <span class='ocrx_word' id='word_1_342' title='bbox 244 2288 308 2307; x_wconf 74' lang='lat'><em>0112.</em></span> <span class='ocrx_word' id='word_1_343' title='bbox 329 2276 408 2317; x_wconf 83' lang='lat' dir='ltr'>COp</span> <span class='ocrx_word' id='word_1_344' title='bbox 426 2277 491 2309; x_wconf 82' lang='lat' dir='ltr'>rell.</span> <span class='ocrx_word' id='word_1_345' title='bbox 617 2285 658 2305; x_wconf 81' lang='lat'>20</span> <span class='ocrx_word' id='word_1_346' title='bbox 683 2286 701 2305; x_wconf 89' lang='lat' dir='ltr'>a</span> <span class='ocrx_word' id='word_1_347' title='bbox 719 2275 840 2315; x_wconf 76' lang='lat' dir='ltr'>COpb:</span> <span class='ocrx_word' id='word_1_348' title='bbox 864 2277 904 2306; x_wconf 88' lang='lat' dir='ltr'>ab</span> <span class='ocrx_word' id='word_1_349' title='bbox 926 2276 994 2316; x_wconf 76' lang='lat' dir='ltr'>Vqr</span> <span class='ocrx_word' id='word_1_350' title='bbox 1101 2286 1141 2306; x_wconf 83' lang='lat'>22</span> <span class='ocrx_word' id='word_1_351' title='bbox 1167 2277 1281 2309; x_wconf 85' lang='lat' dir='ltr'>Potest</span> <span class='ocrx_word' id='word_1_352' title='bbox 1303 2279 1360 2309; x_wconf 87' lang='lat' dir='ltr'>VC</span> <span class='ocrx_word' id='word_1_353' title='bbox 1460 2290 1501 2318; x_wconf 82' lang='lat'>23</span> 
     </span>
     <span class='ocr_line' id='line_1_38' title="bbox 171 2318 1108 2358; baseline 0.001 -9"><span class='ocrx_word' id='word_1_354' title='bbox 171 2329 235 2358; x_wconf 86' lang='lat' dir='ltr'>quc</span> <span class='ocrx_word' id='word_1_355' title='bbox 253 2331 319 2351; x_wconf 86' lang='lat' dir='ltr'>om.</span> <span class='ocrx_word' id='word_1_356' title='bbox 348 2320 376 2349; x_wconf 89' lang='lat' dir='ltr'><em>V</em></span> <span class='ocrx_word' id='word_1_357' title='bbox 506 2329 547 2358; x_wconf 86' lang='lat'>25</span> <span class='ocrx_word' id='word_1_358' title='bbox 572 2320 720 2358; x_wconf 77' lang='lat' dir='ltr'>speraris</span> <span class='ocrx_word' id='word_1_359' title='bbox 742 2318 850 2349; x_wconf 85' lang='lat' dir='ltr'><em>VCO:</em></span> <span class='ocrx_word' id='word_1_360' title='bbox 875 2320 1028 2358; x_wconf 80' lang='lat' dir='ltr'>sperabis</span> <span class='ocrx_word' id='word_1_361' title='bbox 1044 2319 1108 2351; x_wconf 81' lang='lat' dir='ltr'>rell.</span> 
     </span>
    </p>
   </div>
   <div class='ocr_carea' id='block_1_4' title="bbox 1698 1149 1715 2355">
    <p class='ocr_par' dir='ltr' id='par_1_4' title="bbox 1698 1149 1715 2355">
     <span class='ocr_line' id='line_1_39' title="bbox 1698 1149 1715 2355; baseline 0 0"><span class='ocrx_word' id='word_1_362' title='bbox 1698 1149 1715 2355; x_wconf 95' lang='lat' dir='ltr'> </span> 
     </span>
    </p>
   </div>
  </div>
 </body>
</html>
