1715 2734
377 95 437 131 IN
469 93 512 132 C.
544 93 785 130 VERREM
816 92 991 130 ACTIO
1022 93 1205 129 PRIMA
1405 100 1450 137 13
1470 101 1510 136 37

128 202 270 241 iudicia
310 203 361 240 ad
404 208 583 239 senatum
626 202 810 239 translata
854 208 954 247 sunt,
996 200 1035 237 in
1074 201 1189 238 rebus
1228 199 1449 239 iudicandis

127 266 271 304 nefarie
296 265 565 316 flagitioseque
592 266 693 303 facta
720 273 820 303 sunt.
881 266 1105 315 Cognoscet
1126 279 1173 303 ex
1193 278 1256 303 me
1280 266 1450 315 populus
1470 268 1511 309 38

128 333 331 369 Romanus
352 330 448 380 quid
477 330 526 368 sit
550 343 669 380 quam
699 330 752 368 ob
782 344 875 377 rem,
898 344 988 368 cum
1018 337 1199 380 equester
1227 331 1326 368 ordo
1354 329 1451 368 iudi-

127 402 239 440 caret,
261 409 385 433 annos
406 409 528 445 prope
548 395 832 445 quinquaginta
853 395 1063 433 continuos
1083 396 1124 432 in
1145 396 1265 441 nullo,
1288 394 1448 440 iudices,

89 475 106 506 5
126 459 257 509 equite
293 461 476 497 Romano
509 458 709 497 iudicante
743 473 792 497 ne
827 459 1056 497 tenuissima
1084 459 1246 508 quidem
1280 458 1452 509 suspicio

124 532 309 574 acceptae
336 524 525 574 pecuniae
551 524 604 562 ob
632 538 713 562 rem
741 524 994 562 iudicandam
1021 524 1234 561 constituta
1254 523 1326 570 sit3
1355 523 1452 573 quid

125 589 173 627 sit
208 591 326 639 quod,
363 589 517 627 iudiciis
549 590 600 627 ad
641 589 879 627 senatorium
918 588 1098 626 ordinem
1137 587 1330 626 translatis
1365 588 1453 626 sub-

125 656 280 705 lataque
312 655 447 705 populi
478 656 649 692 Romani
685 654 724 692 in
759 668 881 692 unum
912 668 1111 704 quemque
1140 661 1310 692 vestrum
1346 661 1453 703 pote-

125 728 232 767 state,
272 722 320 769 Q.
354 720 530 759 Calidius
564 721 775 758 damnatus
813 719 952 757 dixerit
993 718 1154 757 minoris
1190 721 1261 757 HS
1296 719 1453 757 triciens

70 802 107 824 10
124 785 361 836 praetorium
383 784 586 823 hominem
608 786 772 822 honeste
800 797 880 822 non
908 797 1024 834 posse
1045 784 1249 830 damnari3
1281 784 1377 834 quid
1405 783 1453 821 sit

124 851 243 900 quod,
268 852 311 888 P.
332 850 523 900 Septimio
547 857 727 888 senatore
747 850 936 888 damnato
959 850 1006 897 Q.
1032 849 1250 888 Hortensio
1275 857 1452 899 praetore

124 916 173 953 de
203 914 380 965 pecuniis
410 914 647 964 repetundis,
676 914 722 952 lis
752 914 956 953 aestimata
985 914 1033 952 sit
1063 928 1111 953 eo
1141 914 1313 961 nomine,
1343 916 1451 964 quod

124 980 187 1018 ille
207 981 261 1018 ob
281 994 361 1018 rem
383 979 635 1018 iudicandam
658 979 867 1029 pecuniam
888 979 1114 1029 accepisset.
1179 980 1314 1029 Quid?
1342 981 1451 1029 quod
1472 989 1512 1022 39

124 1045 163 1082 in
186 1046 229 1084 C.
256 1045 473 1092 Herennio,
496 1046 605 1095 quod
635 1044 674 1082 in
696 1046 741 1084 C.
765 1044 930 1095 Popilio,
954 1045 1212 1092 senatoribus,
1235 1045 1303 1095 qui
1331 1046 1451 1084 ambo

67 1124 104 1156 15
124 1112 327 1160 peculatus
357 1110 532 1148 damnati
562 1117 664 1157 sunt,
695 1111 804 1159 quod
836 1110 875 1147 in
908 1112 963 1148 M.
996 1110 1128 1157 Atilio,
1160 1111 1227 1160 qui
1257 1112 1307 1149 de
1337 1110 1452 1149 maie—

124 1183 222 1214 state
249 1176 458 1213 damnatus
485 1182 554 1221 est,
583 1176 660 1214 hoc
687 1176 849 1225 planum
877 1176 1023 1213 factum
1051 1183 1119 1221 est,
1147 1189 1214 1214 eos
1241 1176 1451 1226 pecuniam

123 1241 175 1279 ob
203 1254 283 1279 rem
312 1240 564 1278 iudicandam
589 1240 798 1290 accepisse,
821 1241 930 1289 quod
958 1240 1104 1278 inventi
1132 1248 1223 1278 sunt
1252 1248 1451 1279 senatores

123 1304 189 1354 qui
212 1306 255 1344 C.
279 1307 400 1343 Verre
421 1311 597 1354 praetore
619 1305 771 1342 urbano
792 1304 978 1343 sortiente
999 1305 1147 1343 exirent
1168 1305 1207 1343 in
1229 1319 1319 1344 eum
1341 1319 1450 1344 reum

122 1384 241 1420 quem
277 1369 476 1419 incognita
510 1383 628 1408 causa
666 1370 988 1416 condemnarent,
1025 1371 1134 1420 quod
1173 1370 1354 1410 inventus
1393 1378 1451 1409 est

65 1451 105 1473 20
123 1442 279 1473 senator
299 1434 377 1484 qui,
404 1448 493 1472 cum
525 1433 643 1472 iudex
672 1442 784 1480 esset,
816 1433 856 1472 in
886 1435 1029 1473 eodem
1059 1435 1206 1474 iudicio
1236 1443 1274 1474 et
1302 1436 1353 1474 ab
1383 1450 1450 1475 reo

123 1500 331 1550 pecuniam
359 1499 552 1550 acciperet
574 1513 692 1549 quam
720 1499 916 1538 iudicibus
937 1500 1138 1547 divideret,
1163 1508 1200 1539 et
1224 1502 1274 1540 ab
1295 1515 1451 1540 accusa-

122 1573 204 1603 tore
233 1572 274 1603 ut
301 1578 409 1603 reum
437 1565 731 1603 condemnaret.
790 1566 875 1602 Iam
896 1578 987 1603 vero
1008 1578 1088 1615 quo
1110 1567 1230 1605 modo
1251 1580 1324 1616 ego
1345 1567 1450 1605 illam
1470 1581 1513 1614 40

122 1630 250 1668 labem
273 1628 528 1679 ignominiam
547 1629 890 1679 calamitatemque
911 1629 1030 1667 totius
1052 1630 1199 1668 ordinis
1221 1644 1448 1681 conquerar,

123 1696 198 1732 hoc
226 1696 372 1732 factum
400 1707 485 1732 esse
515 1694 553 1731 in
579 1695 653 1732 hac
680 1694 846 1741 civitate,
870 1708 961 1732 cum
987 1695 1203 1733 senatorius
1230 1697 1328 1734 ordo
1356 1697 1452 1735 iudi-

64 1773 103 1805 25
124 1767 238 1805 caret,
262 1766 303 1797 ut
324 1758 586 1798 discoloribus
614 1758 731 1809 signis
760 1758 973 1796 iuratorum
1001 1759 1207 1797 hominum
1235 1761 1451 1800 sententiae

123 1826 380 1862 notarentur?
437 1825 551 1861 Haec
572 1823 705 1861 omnia
730 1837 792 1862 me
814 1823 1020 1873 diligenter
1041 1837 1252 1875 severeque
1271 1833 1450 1865 acturum

122 1902 206 1927 esse
227 1888 425 1938 polliceor.

176 1955 268 2002 Quo
296 1967 359 1992 me
386 1953 547 1991 tandem
574 1952 707 1991 animo
735 1955 816 1992 fore
844 1954 998 2004 putatis,
1023 1954 1054 1993 si
1075 1955 1171 2005 quid
1198 1955 1237 1993 in
1265 1957 1340 1995 hoc
1365 1956 1450 2007 ipso
1469 1966 1514 2005 14

121 2017 267 2057 iudicio
293 2017 520 2056 intellexero
548 2017 663 2056 simili
690 2018 821 2068 aliqua
847 2019 997 2058 ratione
1018 2033 1103 2059 esse
1124 2020 1311 2059 violatum
1332 2029 1451 2072 atque

163 2133 181 2160 4
211 2122 243 2152 in
261 2121 336 2152 add.
355 2120 482 2160 Zumpt
570 2122 697 2153 iudices
714 2123 828 2163 scn'psz'
845 2122 896 2163 (cf.
919 2124 939 2154 ii
960 2127 975 2162 ξ
992 2134 1029 2163 13
1043 2124 1158 2163 adfin
1165 2125 1177 2163 >
1198 2137 1204 2155 :
1231 2126 1341 2156 iudice
1357 2126 1446 2158 codd.

119 2175 139 2204 5
163 2166 275 2204 equite
294 2165 393 2196 Rom.
414 2165 581 2196 iudicante
600 2167 668 2196 secl.
687 2165 801 2197 Madv.
821 2166 890 2197 edd.
1040 2179 1060 2206 9
1085 2179 1153 2198 xxx
1173 2168 1270 2208 qu:
1296 2180 1366 2200 xxx
1383 2170 1447 2201 rell.

123 2219 161 2247 13
186 2209 296 2247 Quid?
321 2209 410 2248 quod
427 2210 559 2249 scripsi:
584 2210 672 2248 quod
690 2209 777 2240 codd.
927 2221 965 2249 14
991 2211 1131 2260 Popilio
1138 2211 1214 2252 Dp:
1243 2213 1387 2252 Popillio
1404 2214 1447 2245 al.

123 2253 171 2289 16,
199 2262 246 2290 17,
278 2262 316 2291 19
340 2257 469 2283 est...
491 2258 595 2283 sunt.
617 2276 623 2282 .
644 2277 651 2283 .
672 2258 723 2283 est
750 2253 837 2283 codd.
872 2253 926 2293 (cf.
954 2255 963 2284 i
990 2257 1004 2291 ξ
1032 2265 1082 2293 20,
1112 2255 1132 2284 ii
1160 2259 1174 2292 ξ
1200 2256 1280 2296 32):
1317 2257 1392 2288 sit.

119 2294 184 2325 sint
201 2318 208 2324 .
228 2318 235 2325 .
255 2318 262 2325 .
281 2296 324 2325 sit
340 2295 410 2326 edd.
503 2306 546 2326 20
569 2301 602 2326 et
618 2306 683 2326 om.
704 2296 738 2326 D
754 2297 796 2326 al.
817 2309 837 2326 π
926 2299 968 2328 28
992 2299 1118 2337 putetis
1136 2298 1171 2328 D
1186 2299 1227 2330 al.
1242 2299 1304 2339 prb
