1715 2734
155 61 197 98 51
223 66 282 98 133
588 51 645 87 M.
677 51 846 87 TVLLI
879 50 1187 89 CICERONIS

132 831 190 862 134

129 1412 187 1444 135

214 163 454 209 demonstro,
493 169 530 201 te
566 161 691 212 pretio
730 160 895 211 remiges
931 160 1152 211 militesque
1187 160 1382 200 dimisisse
1414 176 1545 213 arguo,

216 229 308 265 Hoc
347 226 534 265 nauarchi
580 225 716 276 reliqui
757 225 905 272 dicunt,
946 226 1023 263 hoc
1067 225 1302 264 Netinorum
1349 227 1549 266 foederata

213 292 348 331 civitas
374 292 532 342 publice
557 291 665 338 dicit,
687 292 763 329 hoc
784 289 1050 336 Amestratini,
1075 290 1150 328 hoc
1177 290 1448 339 Herbitenses,
1470 293 1547 331 hoc

216 359 467 403 Hennenses,
495 356 770 407 Agyrinenses,
800 354 1057 405 Tyndaritani
1088 355 1245 405 publice
1275 355 1424 403 dicunt,
1456 363 1545 395 tuus

213 422 385 472 denique
416 422 534 468 testis,
568 430 657 459 tuus
688 421 909 471 imperator,
942 428 1031 458 tuus
1061 422 1250 467 aemulus,
1283 428 1372 459 tuus
1403 422 1546 472 hospes
1567 435 1584 467 5

213 488 451 526 Cleomenes
492 488 567 524 hoc
607 485 715 533 dicit,
754 498 839 524 sese
878 485 917 523 in
963 493 1103 523 terram
1143 498 1228 523 esse
1267 499 1465 536 egressum
1504 494 1547 524 ut

214 553 401 601 Pachyno
436 565 456 589 e
496 550 663 589 terrestri
703 550 899 601 praesidio
939 550 1080 588 milites
1120 550 1330 600 colligeret,
1366 564 1467 600 quos
1506 551 1545 589 in

214 616 378 654 navibus
409 617 660 663 conlocaret3
689 616 797 666 quod
819 623 922 653 certe
944 629 1024 653 non
1046 614 1201 653 fecisset
1222 615 1252 653 si
1275 628 1389 653 suum
1412 629 1546 654 nume-

214 695 297 719 rum
320 694 437 719 naves
459 681 672 727 haberent3
704 694 750 719 ea
770 688 828 719 est
849 679 953 718 enirn
976 680 1074 718 ratio
1098 680 1373 718 instructarum
1395 688 1546 718 ornata-

212 760 378 796 rumque
406 745 564 783 navium
594 754 635 784 ut
663 760 742 783 non
767 747 887 784 modo
908 747 1037 795 plures
1059 746 1128 783 sed
1150 759 1199 784 ne
1220 745 1361 795 singuli
1383 745 1544 795 quidem
1571 763 1607 786 10

212 811 363 861 possint
383 812 582 849 accedere.
645 811 746 849 l)ico
768 818 965 860 praeterea
986 810 1072 848 illos
1093 810 1198 860 ipsos
1215 810 1385 860 reliquos
1406 818 1544 849 nautas

212 878 315 914 fame
344 883 462 926 atque
493 875 625 926 inopia
655 890 781 913 rerum
813 875 992 913 omnium
1018 876 1220 913 confectos
1248 875 1366 914 fuisse
1391 889 1438 913 ac
1464 888 1545 925 per-

211 942 343 987 ditos;
387 941 478 980 dico
517 950 583 979 aut
623 941 752 979 omnis
787 948 893 979 extra
932 942 1089 990 culpam
1128 940 1257 987 fuisse,
1294 948 1371 987 aut,
1408 940 1439 979 si
1478 941 1545 979 uni

211 1006 463 1045 attribuenda
497 1008 613 1055 culpa
643 1006 701 1053 sit,
729 1005 767 1043 in
796 1019 844 1044 eo
871 1005 1082 1044 maximam
1110 1006 1228 1044 fuisse
1255 1005 1322 1056 qui
1353 1006 1544 1056 optimam

212 1085 363 1119 navem,
395 1071 584 1122 plurimos
616 1079 754 1109 nautas
784 1071 956 1117 haberet,
986 1084 1185 1108 summum
1210 1070 1417 1120 imperium
1447 1071 1546 1110 obti—
1567 1086 1605 1119 15

212 1144 331 1184 neret,
354 1144 431 1182 aut,
456 1136 486 1174 si
515 1150 653 1175 omnes
685 1136 723 1173 in
753 1137 869 1186 culpa
896 1135 1048 1182 fuerint,
1080 1149 1159 1173 non
1187 1135 1407 1185 oportuisse
1432 1137 1545 1176 Cleo-

212 1216 355 1241 menen
373 1201 559 1241 constitui
581 1209 840 1251 spectatorem
864 1201 1019 1239 illorum
1042 1200 1176 1239 mortis
1191 1208 1310 1251 atque
1326 1201 1520 1240 cruciatus
1537 1217 1547 1250 3

209 1267 301 1306 dico
323 1267 441 1306 etiam
469 1267 507 1305 in
536 1266 623 1316 ipso
650 1266 845 1316 supplicio
867 1267 1090 1304 mercedem
1118 1265 1378 1313 lacrimarum,
1401 1280 1545 1305 merce-

209 1335 300 1372 dem
323 1332 493 1371 vulneris
519 1340 638 1381 atque
666 1333 812 1381 plagae,
838 1332 1061 1369 mercedem
1090 1330 1234 1369 funeris
1255 1344 1300 1369 ac
1322 1333 1544 1381 sepulturae

209 1398 394 1437 constitui
416 1399 524 1436 nefas
548 1397 676 1435 fuisse.
734 1398 985 1446 Quapropter
1006 1396 1036 1433 si
1060 1395 1155 1434 mihi
1176 1398 1415 1446 respondere
1435 1398 1544 1435 voles
1567 1409 1606 1432 20

208 1466 305 1503 haec
322 1463 455 1509 dicito,
475 1465 639 1501 classem
663 1462 890 1500 instructam
908 1469 1027 1511 atque
1043 1469 1221 1499 ornatam
1243 1461 1372 1507 fuisse,
1391 1463 1542 1499 nullum

209 1537 541 1580 propugnatorem
559 1527 712 1573 afuisse,
734 1529 883 1565 nullum
901 1540 1068 1565 vacuum
1091 1534 1257 1564 tractum
1275 1540 1360 1565 esse
1377 1540 1540 1574 remum,

209 1608 290 1633 rem
327 1593 619 1632 frumentariam
655 1606 739 1631 esse
769 1592 1086 1642 suppeditatam:
1126 1591 1279 1629 mentiri
1310 1593 1541 1639 nauarchos,

211 1659 364 1698 mentiri
405 1666 463 1696 tot
502 1666 581 1696 tam
621 1657 745 1707 gravis
784 1657 971 1703 civitates,
1014 1656 1166 1694 mentiri
1207 1656 1324 1694 etiam
1369 1656 1540 1695 Siciliam

210 1732 358 1769 totam;
388 1723 587 1774 proditum
618 1737 702 1760 esse
731 1730 767 1760 te
793 1736 815 1759 a
837 1723 1067 1761 Cleomene.
1089 1721 1154 1770 qui
1184 1734 1224 1758 se
1252 1720 1390 1759 dixerit
1418 1721 1541 1760 exisse
1564 1733 1602 1766 25

210 1789 249 1827 in
271 1797 410 1828 terram
440 1796 480 1826 ut
513 1789 698 1837 Pachyno
720 1788 933 1825 deduceret
954 1786 1121 1833 milites,-
1150 1785 1325 1823 animum
1352 1786 1437 1833 illis,
1461 1800 1540 1825 non

209 1854 342 1904 copias
377 1853 572 1899 defuisse3
615 1854 871 1891 Cleomenem
911 1851 1097 1890 acerrime
1136 1858 1377 1901 pugnantem
1411 1851 1462 1889 ab
1496 1851 1541 1889 iis

209 1919 386 1958 relictum
422 1932 507 1956 esse
545 1925 663 1967 atque
698 1919 921 1963 desertum3
965 1929 1173 1954 nummum
1208 1916 1260 1954 ob
1300 1917 1540 1966 sepulturam

208 1985 346 2023 datum
375 1982 534 2021 nemini.
595 1984 709 2031 Quae
737 1981 766 2019 si
789 1982 907 2027 dices,
932 1981 1141 2029 tenebere,
1171 1979 1230 2019 sin
1257 1980 1333 2019 alia
1353 1980 1472 2028 dices,
1496 1993 1541 2019 ea

209 2062 310 2099 quae
330 2062 352 2087 a
374 2062 436 2086 me
457 2047 562 2086 dicta
583 2055 673 2085 sunt
695 2060 774 2085 non
797 2046 996 2085 refutabis.
1561 2063 1602 2094 30

251 2162 270 2191 3
296 2152 360 2182 hoc
381 2151 499 2185 Hcrb..
518 2151 581 2181 hoc
599 2149 744 2181 Amestr.
770 2150 816 2180 Va
921 2150 983 2180 hoc
1004 2149 1212 2180 Hennenses
1232 2160 1295 2181 om.
1317 2148 1379 2180 RS
1519 2159 1538 2188 4

208 2196 318 2235 Tynd.
342 2196 529 2225 Locrenses
540 2197 582 2235 pb
736 2204 758 2232 9
782 2198 1045 2232 ornatarumque
1062 2204 1128 2224 om.
1153 2193 1185 2222 V
1338 2203 1372 2223 11
1401 2197 1539 2232 possent

212 2238 312 2269 [esna
331 2239 362 2276 (ξ
381 2240 422 2277 84
439 2240 558 2279 supra)
696 2238 734 2267 16
758 2237 967 2268 Cleomenen
990 2237 1051 2267 VR
1068 2248 1074 2266 :
1101 2247 1167 2267 -em
1185 2236 1214 2268 S
1336 2247 1377 2275 24
1403 2241 1453 2267 tot
1470 2241 1537 2267 tam

209 2282 292 2313 RS:
328 2287 430 2313 totam
464 2282 511 2312 V:
545 2286 594 2312 tot
620 2286 653 2312 et
679 2286 746 2312 tam
775 2292 795 2310 π
928 2291 968 2321 25
994 2286 1096 2311 totam
1122 2291 1187 2311 om.
1213 2280 1262 2311 V:
1295 2285 1400 2312 totam
1425 2279 1493 2311 Sic.
1519 2278 1539 2310 k

211 2331 243 2357 te
267 2326 337 2367 Vp:
362 2338 427 2357 om.
446 2326 539 2357 RSW
