1715 2734
121 56 157 84 11

111 432 155 459 12

112 563 150 595 29

101 1670 142 1700 30

178 53 216 84 28
544 49 599 86 M.
633 49 801 87 TVLLI
834 49 1141 89 CICERONIS

174 159 370 209 lambere3
405 174 496 199 nam
525 162 575 200 de
603 168 802 200 conventu
830 162 982 200 nullum
1013 175 1202 212 umquam
1230 162 1402 202 iudicem
1431 177 1505 203 nec

173 232 486 275 recuperatorem
509 225 618 265 dedit
635 240 645 274 ;
674 225 831 276 iniquos
856 226 1088 265 decumanis
1111 226 1242 266 aiebat
1269 227 1398 267 omnis
1420 242 1506 267 esse

173 288 239 339 qui
263 291 380 328 ullam
402 290 481 341 agri
502 291 656 340 glebam
679 290 937 341 possiderent.
987 291 1241 330 Veniendum
1264 299 1344 330 erat
1364 293 1416 331 ad
1436 306 1504 331 eos

173 361 310 393 contra
330 355 550 405 Apronium
573 355 639 405 qui
671 357 849 395 nondum
873 356 1090 406 Aproniani
1118 356 1273 396 convivi
1304 359 1504 407 crapulam

174 420 430 459 exhalassent.
491 422 527 460 O
550 422 789 471 praeclarum
812 428 849 460 et
870 423 1265 460 commemorandum
1288 422 1503 461 iudicium!

172 498 197 523 o
217 498 395 524 severum
417 485 591 525 edictum
610 489 616 524 l
647 499 672 524 o
693 493 820 524 tutum
842 485 1062 536 perfugium
1084 494 1280 525 aratorum
1298 490 1304 524 ἔ

224 551 358 600 Atque
379 559 419 589 ut
441 551 674 601 intellegatis
696 551 807 590 cuius
829 551 937 590 modi
959 551 1032 589 ista
1056 551 1201 590 iudicia
1223 551 1260 590 in
1283 554 1500 602 octuplum,

169 616 280 665 cuius
309 616 417 655 modi
447 616 557 654 istius
585 617 635 654 de
662 617 825 655 cohorte
855 623 1146 666 recuperatores
1175 616 1383 655 existimati
1411 617 1498 664 sint,

169 680 224 718 sic
252 680 456 719 attendite.
518 682 697 730 Ecquem
734 680 878 731 putatis
909 681 1188 728 decumanum,
1231 682 1304 720 hac
1344 681 1502 721 licentia

168 745 357 795 permissa
394 753 436 784 ut
471 753 623 784 tantum
656 746 707 784 ab
745 753 897 785 aratore
928 753 1121 796 quantum
1157 746 1403 796 poposcisset
1437 761 1501 785 au-

167 811 293 857 ferret,
315 812 402 860 plus
424 824 542 860 quam
564 811 775 849 deberetur
801 810 1062 861 poposcisse?
1120 811 1379 851 Considerate
1407 825 1499 850 cum

165 875 300 914 vestris
327 875 468 913 animis
491 883 643 914 vosmet
670 875 743 926 ipsi
771 889 938 926 ecquem
967 875 1123 926 putetis,
1148 875 1374 925 praesertim
1405 890 1497 914 cum

164 940 204 979 id
234 954 314 979 non
345 942 473 979 solum
502 940 662 979 avaritia
689 942 759 980 sed
785 940 902 979 etiam
931 941 1196 991 imprudentia
1222 941 1402 980 accidere
1430 955 1497 991 po-

163 1005 288 1044 tuerit.
352 1007 502 1044 Multos
532 1019 693 1044 necesse
723 1014 792 1044 est.
851 1008 905 1044 At
935 1020 1008 1055 ego
1037 1005 1166 1044 omnis
1197 1005 1288 1044 dico
1320 1008 1417 1055 plus,
1450 1020 1496 1045 ac

164 1072 288 1109 multo
319 1072 415 1121 plus,
441 1084 559 1120 quam
588 1072 798 1110 decumam
828 1070 1047 1110 abstulisse.
1109 1072 1222 1110 Cedo
1250 1070 1345 1108 mihi
1372 1085 1494 1109 unum

162 1150 208 1175 ex
256 1135 424 1174 triennio
473 1143 676 1186 praeturae
724 1144 815 1175 tuae
862 1136 930 1186 qui
977 1135 1126 1186 octupli
1174 1137 1384 1174 damnatus
1433 1136 1493 1175 sit.

164 1202 414 1239 Damnatus?
458 1200 582 1239 immo
611 1215 702 1240 vero
737 1201 775 1239 in
806 1215 925 1251 quem
956 1201 1145 1240 iudicium
1178 1214 1224 1240 ex
1259 1201 1391 1240 edicto
1426 1209 1495 1240 tuo

162 1267 402 1316 postulatum
425 1266 483 1304 sit.
546 1268 678 1305 Nemo
698 1274 779 1305 erat
800 1266 983 1305 videlicet
1003 1274 1200 1305 aratorum
1223 1265 1290 1316 qui
1312 1265 1493 1304 iniuriam

161 1331 233 1369 sibi
269 1333 411 1370 factam
447 1331 556 1381 queri
591 1340 733 1382 posset,
771 1344 890 1370 nemo
921 1333 1234 1371 decumanorum
1270 1331 1337 1382 qui
1371 1344 1493 1381 grano

159 1396 328 1447 amplius
349 1396 423 1435 sibi
444 1410 563 1446 quam
586 1397 794 1435 deberetur
815 1396 950 1436 deberi
972 1398 1169 1447 professus
1191 1404 1304 1436 esset.
1361 1398 1492 1435 Immo

161 1475 252 1500 vero
295 1469 432 1500 contra
480 1461 654 1512 rapiebat
697 1469 735 1500 et
773 1462 999 1512 asportabat
1040 1469 1231 1512 quantum
1270 1475 1293 1500 a
1331 1475 1492 1512 quoque

159 1526 316 1565 volebat
337 1526 548 1576 AproniuS‚
572 1526 758 1565 omnibus
784 1535 915 1566 autem
944 1527 1040 1566 locis
1068 1535 1238 1566 aratores
1266 1526 1421 1577 spoliati
1445 1540 1491 1565 ac

160 1591 284 1630 vexati
302 1591 566 1642 querebantur
582 1607 590 1639 3
617 1605 746 1642 neque
763 1599 894 1630 tamen
912 1594 1035 1630 ullum
1058 1591 1247 1631 iudicium
1266 1592 1487 1642 reperietur.

161 1656 269 1706 Quid
297 1664 354 1695 est
382 1658 487 1695 hoc?
543 1658 621 1695 Tot
642 1656 710 1694 viri
741 1658 859 1696 fortes
889 1657 1045 1696 honesti
1075 1656 1246 1707 gratiosi,
1268 1664 1324 1695 tot
1355 1656 1486 1704 Siculi,

158 1729 216 1760 tot
245 1722 396 1772 equites
429 1721 610 1769 Romani,
639 1722 690 1760 ab
720 1722 882 1761 homine
912 1722 1155 1773 nequissimo
1185 1736 1232 1760 ac
1262 1721 1488 1771 turpissimo
1510 1738 1524 1758 2

157 1786 250 1825 laesi
278 1800 448 1837 poenam
476 1786 624 1836 octupli
653 1786 736 1825 sine
763 1789 841 1825 ulla
862 1787 1109 1826 dubitatione
1131 1787 1384 1826 commissam
1406 1799 1486 1825 non

157 1853 521 1902 persequebantur?
583 1853 696 1901 Quae
730 1866 858 1900 causa,
894 1867 994 1904 quae
1030 1853 1126 1892 ratio
1161 1854 1253 1892 est?
1295 1866 1374 1890 una
1409 1852 1487 1901 illa,

157 1916 320 1965 iudices,
340 1931 459 1967 quam
481 1916 634 1964 videtis,
656 1918 764 1967 quod
790 1919 892 1956 ultro
913 1917 1030 1956 etiam
1052 1918 1201 1956 inlusos
1225 1931 1266 1956 se
1288 1925 1326 1956 et
1347 1917 1485 1956 inrisos

201 2031 219 2050 2
244 2020 353 2051 aiebat
378 2020 487 2050 omnis
512 2030 588 2051 esse
610 2021 659 2050 V:
700 2032 775 2051 csse
800 2021 910 2051 aicbat
934 2031 1051 2051 omncs
1076 2031 1152 2051 csse
1173 2021 1226 2051 O:
1272 2031 1348 2051 csse
1374 2021 1485 2053 aicbat

155 2074 272 2094 omnes
289 2065 324 2094 ck
343 2064 424 2099 (non
440 2067 477 2104 p)
498 2074 505 2094 ε
530 2074 645 2094 omncs
664 2064 795 2095 dicebat
814 2075 890 2095 esse
908 2077 927 2094 π
1012 2076 1029 2102 4
1056 2065 1202 2095 nondum
1226 2064 1303 2093 VO:
1335 2065 1483 2095 nondum

155 2107 255 2137 ctiam
270 2112 293 2147 p
313 2108 376 2138 rell.
492 2119 512 2147 9
539 2108 758 2138 decumanum
779 2109 905 2147 putatis
925 2108 955 2138 Ο
1070 2118 1107 2146 ¹3
1131 2108 1266 2138 avaritia
1289 2108 1385 2137 VcO:
1409 2109 1482 2138 sine

155 2151 294 2181 avaritia
309 2156 332 2191 p
349 2151 415 2181 rell.
579 2161 614 2189 14
641 2162 679 2182 ac
698 2152 799 2182 multo
817 2152 891 2190 plus
913 2151 987 2181 ls’cO
1003 2163 1009 2181 :
1033 2163 1099 2181 om.
1121 2151 1186 2181 rell.
1211 2151 1318 2180 *habs-t
1331 2156 1354 2189 p
1372 2152 1482 2181 omnis

155 2194 229 2233 plus
248 2205 346 2233 quam
365 2195 436 2225 dec.
458 2194 539 2225 abst.
563 2194 679 2224 mediis
697 2196 841 2232 omissis„
952 2204 990 2233 15
1014 2195 1187 2224 decumam
1209 2194 1287 2223 VO:
1307 2204 1357 2223 -ns
1370 2199 1394 2233 p
1413 2194 1477 2225 rell.

154 2247 196 2267 20
220 2237 282 2268 sibi
300 2248 399 2277 quam
422 2239 468 2278 Vp
486 2237 571 2269 rcll.:
596 2248 692 2276 quam
712 2239 773 2268 sibi
794 2237 825 2268 O
986 2248 1026 2276 24
1051 2242 1102 2268 tot
1124 2241 1209 2277 xante
1224 2237 1302 2275 viri)
1319 2237 1390 2267 cO:
1412 2247 1478 2268 om.

155 2281 221 2311 rell.
350 2282 391 2311 28
416 2282 531 2312 irrisos
549 2280 636 2311 cOk:
662 2281 772 2313 irritos
785 2286 809 2321 p
826 2281 891 2312 rell.

1525 439 1542 470 5

1524 763 1559 786 10

1518 1089 1554 1119 15

1515 1409 1554 1432 20
