<?xml version="1.0" encoding="UTF-8"?>
<!DOCTYPE html PUBLIC "-//W3C//DTD XHTML 1.0 Transitional//EN"
    "http://www.w3.org/TR/xhtml1/DTD/xhtml1-transitional.dtd">
<html xmlns="http://www.w3.org/1999/xhtml" xml:lang="en" lang="en">
 <head>
  <title>
</title>
<meta http-equiv="Content-Type" content="text/html;charset=utf-8" />
  <meta name='ocr-system' content='tesseract 3.04.00' />
  <meta name='ocr-capabilities' content='ocr_page ocr_carea ocr_par ocr_line ocrx_word'/>
</head>
<body>
  <div class='ocr_page' id='page_1' title='image "./orationesrecogno03ciceuoft/orationesrecogno03ciceuoft_0385.png"; bbox 0 0 1715 2734; ppageno 0'>
   <div class='ocr_carea' id='block_1_1' title="bbox 166 126 1553 177">
    <p class='ocr_par' dir='ltr' id='par_1_1' title="bbox 166 126 1553 177">
     <span class='ocr_line' id='line_1_1' title="bbox 166 126 1553 177; baseline 0.002 -12"><span class='ocrx_word' id='word_1_1' title='bbox 166 126 434 166; x_wconf 79' lang='lat' dir='ltr'>ACTIONIs</span> <span class='ocrx_word' id='word_1_2' title='bbox 457 128 515 165; x_wconf 85' lang='lat' dir='ltr'>IN</span> <span class='ocrx_word' id='word_1_3' title='bbox 538 128 583 165; x_wconf 86' lang='lat' dir='ltr'>C.</span> <span class='ocrx_word' id='word_1_4' title='bbox 606 129 847 166; x_wconf 80' lang='lat' dir='ltr'><strong>VERREM</strong></span> <span class='ocrx_word' id='word_1_5' title='bbox 869 127 1166 167; x_wconf 83' lang='lat' dir='ltr'>SECVNDAE</span> <span class='ocrx_word' id='word_1_6' title='bbox 1190 130 1292 167; x_wconf 85' lang='lat' dir='ltr'><strong>LIB.</strong></span> <span class='ocrx_word' id='word_1_7' title='bbox 1318 130 1376 167; x_wconf 85' lang='lat' dir='ltr'>1v</span> <span class='ocrx_word' id='word_1_8' title='bbox 1436 139 1491 177; x_wconf 89' lang='lat'>44</span> <span class='ocrx_word' id='word_1_9' title='bbox 1510 137 1553 177; x_wconf 85' lang='lat'>96</span> 
     </span>
    </p>
   </div>
   <div class='ocr_carea' id='block_1_2' title="bbox 99 237 1548 1973">
    <p class='ocr_par' dir='ltr' id='par_1_2' title="bbox 163 237 1492 483">
     <span class='ocr_line' id='line_1_2' title="bbox 164 237 1492 289; baseline 0.003 -14"><span class='ocrx_word' id='word_1_10' title='bbox 164 244 392 288; x_wconf 85' lang='lat' dir='ltr'>armataque</span> <span class='ocrx_word' id='word_1_11' title='bbox 419 237 591 285; x_wconf 85' lang='lat' dir='ltr'>veniunt,</span> <span class='ocrx_word' id='word_1_12' title='bbox 623 238 714 277; x_wconf 89' lang='lat' dir='ltr'>foris</span> <span class='ocrx_word' id='word_1_13' title='bbox 743 238 852 277; x_wconf 90' lang='lat' dir='ltr'>aedis</span> <span class='ocrx_word' id='word_1_14' title='bbox 883 239 1119 289; x_wconf 84' lang='lat' dir='ltr'>effringunt3</span> <span class='ocrx_word' id='word_1_15' title='bbox 1147 240 1335 278; x_wconf 86' lang='lat' dir='ltr'>aeditumi</span> <span class='ocrx_word' id='word_1_16' title='bbox 1366 248 1492 280; x_wconf 89' lang='lat' dir='ltr'>custo-</span> 
     </span>
     <span class='ocr_line' id='line_1_3' title="bbox 164 302 1490 354; baseline 0.002 -14"><span class='ocrx_word' id='word_1_17' title='bbox 164 303 314 352; x_wconf 80' lang='lat' dir='ltr'>desque</span> <span class='ocrx_word' id='word_1_18' title='bbox 335 310 484 341; x_wconf 86' lang='lat' dir='ltr'>mature</span> <span class='ocrx_word' id='word_1_19' title='bbox 505 302 678 341; x_wconf 89' lang='lat' dir='ltr'>sentiunt</span> <span class='ocrx_word' id='word_1_20' title='bbox 695 318 705 351; x_wconf 77' lang='lat'><em>3</em></span> <span class='ocrx_word' id='word_1_21' title='bbox 739 303 894 354; x_wconf 85' lang='lat' dir='ltr'>signum</span> <span class='ocrx_word' id='word_1_22' title='bbox 915 305 1023 354; x_wconf 91' lang='lat' dir='ltr'>quod</span> <span class='ocrx_word' id='word_1_23' title='bbox 1044 311 1125 342; x_wconf 85' lang='lat' dir='ltr'>erat</span> <span class='ocrx_word' id='word_1_24' title='bbox 1145 312 1283 342; x_wconf 87' lang='lat' dir='ltr'>notum</span> <span class='ocrx_word' id='word_1_25' title='bbox 1304 305 1490 344; x_wconf 74' lang='lat' dir='ltr'>vicinitati</span> 
     </span>
     <span class='ocr_line' id='line_1_4' title="bbox 164 366 1491 420; baseline 0.003 -17"><span class='ocrx_word' id='word_1_26' title='bbox 164 366 309 404; x_wconf 88' lang='lat' dir='ltr'>bucina</span> <span class='ocrx_word' id='word_1_27' title='bbox 337 367 475 414; x_wconf 77' lang='lat' dir='ltr'>datur3</span> <span class='ocrx_word' id='word_1_28' title='bbox 504 366 685 405; x_wconf 89' lang='lat' dir='ltr'>homines</span> <span class='ocrx_word' id='word_1_29' title='bbox 724 382 771 406; x_wconf 81' lang='lat' dir='ltr'>ex</span> <span class='ocrx_word' id='word_1_30' title='bbox 799 367 899 418; x_wconf 81' lang='lat' dir='ltr'>agris</span> <span class='ocrx_word' id='word_1_31' title='bbox 929 376 1167 406; x_wconf 89' lang='lat' dir='ltr'>concurrunt</span> <span class='ocrx_word' id='word_1_32' title='bbox 1184 383 1194 416; x_wconf 75' lang='lat'>3</span> <span class='ocrx_word' id='word_1_33' title='bbox 1224 368 1359 407; x_wconf 87' lang='lat' dir='ltr'>eicitur</span> <span class='ocrx_word' id='word_1_34' title='bbox 1389 371 1491 420; x_wconf 82' lang='lat' dir='ltr'>suga-</span> 
     </span>
     <span class='ocr_line' id='line_1_5' title="bbox 163 432 1491 483; baseline 0.003 -15"><span class='ocrx_word' id='word_1_35' title='bbox 163 437 303 480; x_wconf 91' lang='lat' dir='ltr'>turque</span> <span class='ocrx_word' id='word_1_36' title='bbox 342 432 608 481; x_wconf 81' lang='lat' dir='ltr'><strong>Tlepolemus,</strong></span> <span class='ocrx_word' id='word_1_37' title='bbox 649 445 778 482; x_wconf 92' lang='lat' dir='ltr'>neque</span> <span class='ocrx_word' id='word_1_38' title='bbox 827 432 1038 482; x_wconf 89' lang='lat' dir='ltr'>quicquam</span> <span class='ocrx_word' id='word_1_39' title='bbox 1085 446 1130 471; x_wconf 86' lang='lat' dir='ltr'>ex</span> <span class='ocrx_word' id='word_1_40' title='bbox 1178 434 1270 471; x_wconf 90' lang='lat' dir='ltr'>fano</span> <span class='ocrx_word' id='word_1_41' title='bbox 1318 435 1491 483; x_wconf 78' lang='lat' dir='ltr'>Chrysae</span> 
     </span>
    </p>

    <p class='ocr_par' dir='ltr' id='par_1_3' title="bbox 125 497 1548 806">
     <span class='ocr_line' id='line_1_6' title="bbox 125 497 1487 547; baseline 0.003 -15"><span class='ocrx_word' id='word_1_42' title='bbox 125 510 142 541; x_wconf 87' lang='lat'>5</span> <span class='ocrx_word' id='word_1_43' title='bbox 163 503 314 545; x_wconf 87' lang='lat' dir='ltr'>praeter</span> <span class='ocrx_word' id='word_1_44' title='bbox 334 508 456 533; x_wconf 92' lang='lat' dir='ltr'>unum</span> <span class='ocrx_word' id='word_1_45' title='bbox 478 498 752 545; x_wconf 80' lang='lat' dir='ltr'>perparvulum</span> <span class='ocrx_word' id='word_1_46' title='bbox 774 497 928 547; x_wconf 85' lang='lat' dir='ltr'>signum</span> <span class='ocrx_word' id='word_1_47' title='bbox 950 512 996 536; x_wconf 86' lang='lat' dir='ltr'>ex</span> <span class='ocrx_word' id='word_1_48' title='bbox 1015 510 1103 535; x_wconf 87' lang='lat' dir='ltr'>aere</span> <span class='ocrx_word' id='word_1_49' title='bbox 1133 497 1397 536; x_wconf 84' lang='lat' dir='ltr'>desideratum</span> <span class='ocrx_word' id='word_1_50' title='bbox 1419 506 1487 536; x_wconf 85' lang='lat' dir='ltr'>est.</span> 
     </span>
     <span class='ocr_line' id='line_1_7' title="bbox 217 559 1548 612; baseline 0.002 -15"><span class='ocrx_word' id='word_1_51' title='bbox 217 559 355 598; x_wconf 86' lang='lat' dir='ltr'>Matris</span> <span class='ocrx_word' id='word_1_52' title='bbox 388 562 558 610; x_wconf 82' lang='lat' dir='ltr'>Magnae</span> <span class='ocrx_word' id='word_1_53' title='bbox 592 562 725 599; x_wconf 86' lang='lat' dir='ltr'>fanum</span> <span class='ocrx_word' id='word_1_54' title='bbox 764 563 871 612; x_wconf 91' lang='lat' dir='ltr'>apud</span> <span class='ocrx_word' id='word_1_55' title='bbox 910 561 1114 612; x_wconf 83' lang='lat' dir='ltr'>Enguinos</span> <span class='ocrx_word' id='word_1_56' title='bbox 1149 562 1351 607; x_wconf 87' lang='lat' dir='ltr'>est,—iam</span> <span class='ocrx_word' id='word_1_57' title='bbox 1384 563 1488 600; x_wconf 87' lang='lat' dir='ltr'>enim</span> <span class='ocrx_word' id='word_1_58' title='bbox 1508 574 1548 608; x_wconf 74' lang='lat'>97</span> 
     </span>
     <span class='ocr_line' id='line_1_8' title="bbox 162 623 1489 676; baseline 0.005 -16"><span class='ocrx_word' id='word_1_59' title='bbox 162 623 257 661; x_wconf 91' lang='lat' dir='ltr'>mihi</span> <span class='ocrx_word' id='word_1_60' title='bbox 292 638 372 662; x_wconf 88' lang='lat' dir='ltr'>non</span> <span class='ocrx_word' id='word_1_61' title='bbox 404 626 526 662; x_wconf 91' lang='lat' dir='ltr'>modo</span> <span class='ocrx_word' id='word_1_62' title='bbox 558 625 724 664; x_wconf 86' lang='lat' dir='ltr'>breviter</span> <span class='ocrx_word' id='word_1_63' title='bbox 759 628 808 664; x_wconf 90' lang='lat' dir='ltr'>de</span> <span class='ocrx_word' id='word_1_64' title='bbox 843 640 924 664; x_wconf 92' lang='lat' dir='ltr'>uno</span> <span class='ocrx_word' id='word_1_65' title='bbox 958 640 1117 676; x_wconf 91' lang='lat' dir='ltr'>quoque</span> <span class='ocrx_word' id='word_1_66' title='bbox 1156 627 1381 674; x_wconf 86' lang='lat' dir='ltr'>dicendum,</span> <span class='ocrx_word' id='word_1_67' title='bbox 1419 630 1489 666; x_wconf 87' lang='lat' dir='ltr'>sed</span> 
     </span>
     <span class='ocr_line' id='line_1_9' title="bbox 161 688 1489 741; baseline 0.003 -15"><span class='ocrx_word' id='word_1_68' title='bbox 161 688 278 726; x_wconf 90' lang='lat' dir='ltr'>etiam</span> <span class='ocrx_word' id='word_1_69' title='bbox 310 691 594 738; x_wconf 85' lang='lat' dir='ltr'>praetereunda</span> <span class='ocrx_word' id='word_1_70' title='bbox 625 690 806 729; x_wconf 88' lang='lat' dir='ltr'>videntur</span> <span class='ocrx_word' id='word_1_71' title='bbox 835 705 920 730; x_wconf 88' lang='lat' dir='ltr'>esse</span> <span class='ocrx_word' id='word_1_72' title='bbox 949 694 1152 741; x_wconf 86' lang='lat' dir='ltr'>permulta,</span> <span class='ocrx_word' id='word_1_73' title='bbox 1187 700 1228 730; x_wconf 84' lang='lat' dir='ltr'>ut</span> <span class='ocrx_word' id='word_1_74' title='bbox 1258 694 1308 731; x_wconf 87' lang='lat' dir='ltr'>ad</span> <span class='ocrx_word' id='word_1_75' title='bbox 1343 693 1489 731; x_wconf 84' lang='lat' dir='ltr'>maiora</span> 
     </span>
     <span class='ocr_line' id='line_1_10' title="bbox 161 753 1487 806; baseline 0.003 -15"><span class='ocrx_word' id='word_1_76' title='bbox 161 753 271 791; x_wconf 90' lang='lat' dir='ltr'>istius</span> <span class='ocrx_word' id='word_1_77' title='bbox 292 762 329 792; x_wconf 91' lang='lat' dir='ltr'>et</span> <span class='ocrx_word' id='word_1_78' title='bbox 350 754 570 793; x_wconf 86' lang='lat' dir='ltr'>inlustriora</span> <span class='ocrx_word' id='word_1_79' title='bbox 591 755 630 793; x_wconf 92' lang='lat' dir='ltr'>in</span> <span class='ocrx_word' id='word_1_80' title='bbox 652 757 727 794; x_wconf 88' lang='lat' dir='ltr'>hoc</span> <span class='ocrx_word' id='word_1_81' title='bbox 752 770 893 806; x_wconf 84' lang='lat' dir='ltr'>genere</span> <span class='ocrx_word' id='word_1_82' title='bbox 914 758 1014 794; x_wconf 83' lang='lat' dir='ltr'>furta</span> <span class='ocrx_word' id='word_1_83' title='bbox 1034 764 1072 795; x_wconf 86' lang='lat' dir='ltr'>et</span> <span class='ocrx_word' id='word_1_84' title='bbox 1093 758 1238 795; x_wconf 80' lang='lat' dir='ltr'>scelera</span> <span class='ocrx_word' id='word_1_85' title='bbox 1259 757 1460 796; x_wconf 86' lang='lat' dir='ltr'>veniamus</span> <span class='ocrx_word' id='word_1_86' title='bbox 1480 773 1487 796; x_wconf 76' lang='grc' dir='ltr'>ε</span> 
     </span>
    </p>

    <p class='ocr_par' dir='ltr' id='par_1_4' title="bbox 99 817 1545 1973">
     <span class='ocr_line' id='line_1_11' title="bbox 105 817 1487 871; baseline 0.005 -18"><span class='ocrx_word' id='word_1_87' title='bbox 105 831 143 853; x_wconf 94' lang='lat'>10</span> <span class='ocrx_word' id='word_1_88' title='bbox 162 817 201 855; x_wconf 91' lang='lat' dir='ltr'>in</span> <span class='ocrx_word' id='word_1_89' title='bbox 222 819 298 857; x_wconf 92' lang='lat' dir='ltr'>hoc</span> <span class='ocrx_word' id='word_1_90' title='bbox 319 820 411 857; x_wconf 83' lang='lat' dir='ltr'>fano</span> <span class='ocrx_word' id='word_1_91' title='bbox 438 820 576 858; x_wconf 89' lang='lat' dir='ltr'>loricas</span> <span class='ocrx_word' id='word_1_92' title='bbox 603 822 812 870; x_wconf 81' lang='lat' dir='ltr'>galeasque</span> <span class='ocrx_word' id='word_1_93' title='bbox 839 835 990 868; x_wconf 82' lang='lat' dir='ltr'>aeneas,</span> <span class='ocrx_word' id='word_1_94' title='bbox 1015 823 1182 859; x_wconf 83' lang='lat' dir='ltr'>caelatas</span> <span class='ocrx_word' id='word_1_95' title='bbox 1212 835 1330 871; x_wconf 91' lang='lat' dir='ltr'>opere</span> <span class='ocrx_word' id='word_1_96' title='bbox 1352 822 1487 861; x_wconf 89' lang='lat' dir='ltr'>Corin-</span> 
     </span>
     <span class='ocr_line' id='line_1_12' title="bbox 161 882 1487 935; baseline 0.003 -15"><span class='ocrx_word' id='word_1_97' title='bbox 161 882 259 930; x_wconf 82' lang='lat' dir='ltr'>thio,</span> <span class='ocrx_word' id='word_1_98' title='bbox 280 883 515 934; x_wconf 82' lang='lat' dir='ltr'>hydriasque</span> <span class='ocrx_word' id='word_1_99' title='bbox 535 885 691 934; x_wconf 86' lang='lat' dir='ltr'>grandis</span> <span class='ocrx_word' id='word_1_100' title='bbox 722 885 837 923; x_wconf 88' lang='lat' dir='ltr'>simili</span> <span class='ocrx_word' id='word_1_101' title='bbox 864 886 903 923; x_wconf 91' lang='lat' dir='ltr'>in</span> <span class='ocrx_word' id='word_1_102' title='bbox 930 899 1072 935; x_wconf 81' lang='lat' dir='ltr'>genere</span> <span class='ocrx_word' id='word_1_103' title='bbox 1098 893 1217 935; x_wconf 87' lang='lat' dir='ltr'>atque</span> <span class='ocrx_word' id='word_1_104' title='bbox 1246 888 1384 924; x_wconf 87' lang='lat' dir='ltr'>eadem</span> <span class='ocrx_word' id='word_1_105' title='bbox 1406 894 1487 925; x_wconf 86' lang='lat' dir='ltr'>arte</span> 
     </span>
     <span class='ocr_line' id='line_1_13' title="bbox 160 948 1487 1001; baseline 0.004 -16"><span class='ocrx_word' id='word_1_106' title='bbox 160 948 350 996; x_wconf 88' lang='lat' dir='ltr'>perfectas</span> <span class='ocrx_word' id='word_1_107' title='bbox 378 948 483 987; x_wconf 89' lang='lat' dir='ltr'>idern</span> <span class='ocrx_word' id='word_1_108' title='bbox 513 950 575 987; x_wconf 90' lang='lat' dir='ltr'>ille</span> <span class='ocrx_word' id='word_1_109' title='bbox 606 950 748 1000; x_wconf 82' lang='lat' dir='ltr'>Scipio,</span> <span class='ocrx_word' id='word_1_110' title='bbox 773 951 828 988; x_wconf 87' lang='lat' dir='ltr'>vir</span> <span class='ocrx_word' id='word_1_111' title='bbox 855 951 1040 989; x_wconf 88' lang='lat' dir='ltr'>omnibus</span> <span class='ocrx_word' id='word_1_112' title='bbox 1067 952 1182 989; x_wconf 87' lang='lat' dir='ltr'>rebus</span> <span class='ocrx_word' id='word_1_113' title='bbox 1203 953 1487 1001; x_wconf 88' lang='lat' dir='ltr'>praecellentis-</span> 
     </span>
     <span class='ocr_line' id='line_1_14' title="bbox 160 1011 1486 1065; baseline 0.004 -16"><span class='ocrx_word' id='word_1_114' title='bbox 160 1011 292 1059; x_wconf 89' lang='lat' dir='ltr'>simus,</span> <span class='ocrx_word' id='word_1_115' title='bbox 328 1021 510 1063; x_wconf 85' lang='lat' dir='ltr'>posuerat</span> <span class='ocrx_word' id='word_1_116' title='bbox 544 1021 582 1052; x_wconf 89' lang='lat' dir='ltr'>et</span> <span class='ocrx_word' id='word_1_117' title='bbox 616 1027 731 1052; x_wconf 91' lang='lat' dir='ltr'>suum</span> <span class='ocrx_word' id='word_1_118' title='bbox 763 1028 909 1053; x_wconf 88' lang='lat' dir='ltr'>nomen</span> <span class='ocrx_word' id='word_1_119' title='bbox 941 1015 1197 1065; x_wconf 82' lang='lat' dir='ltr'>inscripserat.</span> <span class='ocrx_word' id='word_1_120' title='bbox 1269 1016 1377 1064; x_wconf 87' lang='lat' dir='ltr'>Quid</span> <span class='ocrx_word' id='word_1_121' title='bbox 1409 1016 1486 1054; x_wconf 90' lang='lat' dir='ltr'>iam</span> 
     </span>
     <span class='ocr_line' id='line_1_15' title="bbox 161 1077 1483 1130; baseline 0.003 -15"><span class='ocrx_word' id='word_1_122' title='bbox 161 1078 211 1116; x_wconf 86' lang='lat' dir='ltr'>de</span> <span class='ocrx_word' id='word_1_123' title='bbox 250 1077 324 1116; x_wconf 88' lang='lat' dir='ltr'>isto</span> <span class='ocrx_word' id='word_1_124' title='bbox 362 1080 473 1128; x_wconf 84' lang='lat' dir='ltr'>plura</span> <span class='ocrx_word' id='word_1_125' title='bbox 511 1079 641 1118; x_wconf 88' lang='lat' dir='ltr'>dicam</span> <span class='ocrx_word' id='word_1_126' title='bbox 680 1087 747 1118; x_wconf 87' lang='lat' dir='ltr'>aut</span> <span class='ocrx_word' id='word_1_127' title='bbox 786 1082 953 1130; x_wconf 87' lang='lat' dir='ltr'>querar?</span> <span class='ocrx_word' id='word_1_128' title='bbox 1022 1080 1169 1119; x_wconf 87' lang='lat' dir='ltr'>Omnia</span> <span class='ocrx_word' id='word_1_129' title='bbox 1206 1080 1281 1127; x_wconf 86' lang='lat' dir='ltr'>illa,</span> <span class='ocrx_word' id='word_1_130' title='bbox 1323 1081 1483 1129; x_wconf 82' lang='lat' dir='ltr'>iudices,</span> 
     </span>
     <span class='ocr_line' id='line_1_16' title="bbox 102 1141 1486 1194; baseline 0.003 -15"><span class='ocrx_word' id='word_1_131' title='bbox 102 1157 140 1189; x_wconf 86' lang='lat'>15</span> <span class='ocrx_word' id='word_1_132' title='bbox 159 1141 328 1189; x_wconf 86' lang='lat' dir='ltr'>abstulit,</span> <span class='ocrx_word' id='word_1_133' title='bbox 353 1142 448 1181; x_wconf 89' lang='lat' dir='ltr'>nihil</span> <span class='ocrx_word' id='word_1_134' title='bbox 473 1143 512 1181; x_wconf 92' lang='lat' dir='ltr'>in</span> <span class='ocrx_word' id='word_1_135' title='bbox 541 1143 831 1194; x_wconf 87' lang='lat' dir='ltr'>religiosissimo</span> <span class='ocrx_word' id='word_1_136' title='bbox 852 1146 944 1183; x_wconf 89' lang='lat' dir='ltr'>fano</span> <span class='ocrx_word' id='word_1_137' title='bbox 970 1152 1121 1194; x_wconf 88' lang='lat' dir='ltr'>praeter</span> <span class='ocrx_word' id='word_1_138' title='bbox 1141 1144 1301 1194; x_wconf 86' lang='lat' dir='ltr'>vestigia</span> <span class='ocrx_word' id='word_1_139' title='bbox 1321 1145 1486 1184; x_wconf 82' lang='lat' dir='ltr'>violatae</span> 
     </span>
     <span class='ocr_line' id='line_1_17' title="bbox 159 1206 1486 1259; baseline 0.002 -15"><span class='ocrx_word' id='word_1_140' title='bbox 159 1206 354 1256; x_wconf 85' lang='lat' dir='ltr'>religionis</span> <span class='ocrx_word' id='word_1_141' title='bbox 383 1221 609 1258; x_wconf 90' lang='lat' dir='ltr'>nomenque</span> <span class='ocrx_word' id='word_1_142' title='bbox 641 1210 681 1246; x_wconf 88' lang='lat' dir='ltr'>P.</span> <span class='ocrx_word' id='word_1_143' title='bbox 714 1208 909 1258; x_wconf 89' lang='lat' dir='ltr'>Scipionis</span> <span class='ocrx_word' id='word_1_144' title='bbox 939 1208 1092 1258; x_wconf 91' lang='lat' dir='ltr'>reliquit</span> <span class='ocrx_word' id='word_1_145' title='bbox 1108 1224 1117 1256; x_wconf 78' lang='lat'><em>3</em></span> <span class='ocrx_word' id='word_1_146' title='bbox 1146 1208 1319 1246; x_wconf 89' lang='lat' dir='ltr'>hostium</span> <span class='ocrx_word' id='word_1_147' title='bbox 1349 1209 1486 1259; x_wconf 82' lang='lat' dir='ltr'>spolia,</span> 
     </span>
     <span class='ocr_line' id='line_1_18' title="bbox 158 1272 1484 1323; baseline 0.002 -14"><span class='ocrx_word' id='word_1_148' title='bbox 158 1280 416 1310; x_wconf 85' lang='lat' dir='ltr'>monumenta</span> <span class='ocrx_word' id='word_1_149' title='bbox 435 1272 724 1323; x_wconf 89' lang='lat' dir='ltr'>imperatorum,</span> <span class='ocrx_word' id='word_1_150' title='bbox 749 1275 892 1312; x_wconf 84' lang='lat' dir='ltr'>decora</span> <span class='ocrx_word' id='word_1_151' title='bbox 918 1281 1036 1323; x_wconf 86' lang='lat' dir='ltr'>atque</span> <span class='ocrx_word' id='word_1_152' title='bbox 1056 1281 1287 1312; x_wconf 86' lang='lat' dir='ltr'>ornamenta</span> <span class='ocrx_word' id='word_1_153' title='bbox 1306 1275 1484 1312; x_wconf 90' lang='lat' dir='ltr'>fanorum</span> 
     </span>
     <span class='ocr_line' id='line_1_19' title="bbox 157 1338 1485 1388; baseline 0.001 -13"><span class='ocrx_word' id='word_1_154' title='bbox 157 1339 322 1386; x_wconf 87' lang='lat' dir='ltr'>posthac</span> <span class='ocrx_word' id='word_1_155' title='bbox 356 1338 415 1376; x_wconf 91' lang='lat' dir='ltr'>his</span> <span class='ocrx_word' id='word_1_156' title='bbox 446 1339 651 1388; x_wconf 84' lang='lat' dir='ltr'>praeclaris</span> <span class='ocrx_word' id='word_1_157' title='bbox 690 1339 917 1377; x_wconf 87' lang='lat' dir='ltr'>nominibus</span> <span class='ocrx_word' id='word_1_158' title='bbox 955 1338 1108 1376; x_wconf 88' lang='lat' dir='ltr'>amissis</span> <span class='ocrx_word' id='word_1_159' title='bbox 1147 1340 1186 1376; x_wconf 90' lang='lat' dir='ltr'>in</span> <span class='ocrx_word' id='word_1_160' title='bbox 1224 1338 1485 1377; x_wconf 90' lang='lat' dir='ltr'>instrumento</span> 
     </span>
     <span class='ocr_line' id='line_1_20' title="bbox 156 1403 1545 1453; baseline 0.001 -12"><span class='ocrx_word' id='word_1_161' title='bbox 156 1411 275 1453; x_wconf 88' lang='lat' dir='ltr'>atque</span> <span class='ocrx_word' id='word_1_162' title='bbox 309 1403 347 1440; x_wconf 91' lang='lat' dir='ltr'>in</span> <span class='ocrx_word' id='word_1_163' title='bbox 382 1404 623 1453; x_wconf 88' lang='lat' dir='ltr'>supellectile</span> <span class='ocrx_word' id='word_1_164' title='bbox 657 1403 788 1442; x_wconf 90' lang='lat' dir='ltr'>Verris</span> <span class='ocrx_word' id='word_1_165' title='bbox 827 1403 1147 1441; x_wconf 85' lang='lat' dir='ltr'>nominabuntur.</span> <span class='ocrx_word' id='word_1_166' title='bbox 1206 1405 1269 1441; x_wconf 93' lang='lat' dir='ltr'>Tu</span> <span class='ocrx_word' id='word_1_167' title='bbox 1304 1403 1485 1442; x_wconf 87' lang='lat' dir='ltr'>videlicet</span> <span class='ocrx_word' id='word_1_168' title='bbox 1504 1407 1545 1448; x_wconf 84' lang='lat'>98</span> 
     </span>
     <span class='ocr_line' id='line_1_21' title="bbox 100 1468 1481 1517; baseline -0.001 -11"><span class='ocrx_word' id='word_1_169' title='bbox 100 1485 139 1506; x_wconf 85' lang='lat'>20</span> <span class='ocrx_word' id='word_1_170' title='bbox 159 1471 263 1506; x_wconf 92' lang='lat' dir='ltr'>solus</span> <span class='ocrx_word' id='word_1_171' title='bbox 278 1468 377 1506; x_wconf 85' lang='lat' dir='ltr'>vasis</span> <span class='ocrx_word' id='word_1_172' title='bbox 393 1469 604 1508; x_wconf 91' lang='lat' dir='ltr'>Corinthiis</span> <span class='ocrx_word' id='word_1_173' title='bbox 621 1469 839 1515; x_wconf 88' lang='lat' dir='ltr'>delectaris,</span> <span class='ocrx_word' id='word_1_174' title='bbox 859 1476 899 1506; x_wconf 93' lang='lat' dir='ltr'>tu</span> <span class='ocrx_word' id='word_1_175' title='bbox 915 1468 1015 1506; x_wconf 92' lang='lat' dir='ltr'>illius</span> <span class='ocrx_word' id='word_1_176' title='bbox 1033 1468 1130 1507; x_wconf 88' lang='lat' dir='ltr'>aeris</span> <span class='ocrx_word' id='word_1_177' title='bbox 1145 1468 1481 1517; x_wconf 84' lang='lat' dir='ltr'>temperationem,</span> 
     </span>
     <span class='ocr_line' id='line_1_22' title="bbox 157 1532 1484 1584; baseline -0.001 -13"><span class='ocrx_word' id='word_1_178' title='bbox 157 1540 198 1571; x_wconf 87' lang='lat' dir='ltr'>tu</span> <span class='ocrx_word' id='word_1_179' title='bbox 219 1547 383 1584; x_wconf 88' lang='lat' dir='ltr'>operum</span> <span class='ocrx_word' id='word_1_180' title='bbox 404 1533 630 1572; x_wconf 88' lang='lat' dir='ltr'>liniamenta</span> <span class='ocrx_word' id='word_1_181' title='bbox 651 1533 918 1572; x_wconf 89' lang='lat' dir='ltr'>sollertissime</span> <span class='ocrx_word' id='word_1_182' title='bbox 939 1533 1125 1583; x_wconf 85' lang='lat' dir='ltr'>perspicis</span> <span class='ocrx_word' id='word_1_183' title='bbox 1143 1536 1149 1570; x_wconf 68' lang='lat'>1</span> <span class='ocrx_word' id='word_1_184' title='bbox 1208 1534 1321 1571; x_wconf 88' lang='lat' dir='ltr'>Haec</span> <span class='ocrx_word' id='word_1_185' title='bbox 1352 1532 1484 1582; x_wconf 88' lang='lat' dir='ltr'>Scipio</span> 
     </span>
     <span class='ocr_line' id='line_1_23' title="bbox 156 1598 1484 1648; baseline -0.001 -12"><span class='ocrx_word' id='word_1_186' title='bbox 156 1598 220 1636; x_wconf 89' lang='lat' dir='ltr'>ille</span> <span class='ocrx_word' id='word_1_187' title='bbox 253 1611 333 1636; x_wconf 86' lang='lat' dir='ltr'>non</span> <span class='ocrx_word' id='word_1_188' title='bbox 367 1598 627 1647; x_wconf 88' lang='lat' dir='ltr'>intellegebat,</span> <span class='ocrx_word' id='word_1_189' title='bbox 662 1600 784 1636; x_wconf 91' lang='lat' dir='ltr'>homo</span> <span class='ocrx_word' id='word_1_190' title='bbox 822 1598 1073 1636; x_wconf 88' lang='lat' dir='ltr'>doctissimus</span> <span class='ocrx_word' id='word_1_191' title='bbox 1106 1606 1224 1648; x_wconf 87' lang='lat' dir='ltr'>atque</span> <span class='ocrx_word' id='word_1_192' title='bbox 1255 1599 1484 1636; x_wconf 83' lang='lat' dir='ltr'>humanissi-</span> 
     </span>
     <span class='ocr_line' id='line_1_24' title="bbox 157 1663 1480 1713; baseline -0.001 -12"><span class='ocrx_word' id='word_1_193' title='bbox 157 1676 244 1701; x_wconf 91' lang='lat' dir='ltr'>mus</span> <span class='ocrx_word' id='word_1_194' title='bbox 265 1679 271 1702; x_wconf 89' lang='lat'><strong>:</strong></span> <span class='ocrx_word' id='word_1_195' title='bbox 301 1671 343 1701; x_wconf 90' lang='lat' dir='ltr'>tu</span> <span class='ocrx_word' id='word_1_196' title='bbox 371 1663 454 1701; x_wconf 90' lang='lat' dir='ltr'>sine</span> <span class='ocrx_word' id='word_1_197' title='bbox 475 1665 552 1701; x_wconf 89' lang='lat' dir='ltr'>ulla</span> <span class='ocrx_word' id='word_1_198' title='bbox 573 1664 679 1702; x_wconf 83' lang='lat' dir='ltr'>bona</span> <span class='ocrx_word' id='word_1_199' title='bbox 699 1672 790 1709; x_wconf 86' lang='lat' dir='ltr'>arte,</span> <span class='ocrx_word' id='word_1_200' title='bbox 815 1663 899 1702; x_wconf 90' lang='lat' dir='ltr'>sine</span> <span class='ocrx_word' id='word_1_201' title='bbox 929 1663 1183 1709; x_wconf 82' lang='lat' dir='ltr'>humanitate,</span> <span class='ocrx_word' id='word_1_202' title='bbox 1209 1663 1291 1701; x_wconf 89' lang='lat' dir='ltr'>sine</span> <span class='ocrx_word' id='word_1_203' title='bbox 1312 1663 1480 1713; x_wconf 90' lang='lat' dir='ltr'>ingenio,</span> 
     </span>
     <span class='ocr_line' id='line_1_25' title="bbox 157 1728 1481 1778; baseline -0.002 -11"><span class='ocrx_word' id='word_1_204' title='bbox 157 1729 241 1767; x_wconf 90' lang='lat' dir='ltr'>sine</span> <span class='ocrx_word' id='word_1_205' title='bbox 269 1728 414 1776; x_wconf 88' lang='lat' dir='ltr'>litteris,</span> <span class='ocrx_word' id='word_1_206' title='bbox 437 1728 628 1778; x_wconf 89' lang='lat' dir='ltr'>intellegis</span> <span class='ocrx_word' id='word_1_207' title='bbox 650 1737 687 1767; x_wconf 88' lang='lat' dir='ltr'>et</span> <span class='ocrx_word' id='word_1_208' title='bbox 716 1728 892 1766; x_wconf 76' lang='lat' dir='ltr'>iudicas!</span> <span class='ocrx_word' id='word_1_209' title='bbox 949 1728 1052 1766; x_wconf 88' lang='lat' dir='ltr'>Vide</span> <span class='ocrx_word' id='word_1_210' title='bbox 1082 1742 1131 1766; x_wconf 91' lang='lat' dir='ltr'>ne</span> <span class='ocrx_word' id='word_1_211' title='bbox 1158 1728 1221 1766; x_wconf 88' lang='lat' dir='ltr'>ille</span> <span class='ocrx_word' id='word_1_212' title='bbox 1248 1741 1326 1765; x_wconf 92' lang='lat' dir='ltr'>non</span> <span class='ocrx_word' id='word_1_213' title='bbox 1355 1729 1481 1766; x_wconf 92' lang='lat' dir='ltr'>solum</span> 
     </span>
     <span class='ocr_line' id='line_1_26' title="bbox 99 1793 1482 1844; baseline 0.001 -14"><span class='ocrx_word' id='word_1_214' title='bbox 99 1809 138 1840; x_wconf 86' lang='lat'>25</span> <span class='ocrx_word' id='word_1_215' title='bbox 158 1793 415 1844; x_wconf 82' lang='lat' dir='ltr'>temperantia</span> <span class='ocrx_word' id='word_1_216' title='bbox 449 1795 519 1832; x_wconf 90' lang='lat' dir='ltr'>sed</span> <span class='ocrx_word' id='word_1_217' title='bbox 553 1794 670 1831; x_wconf 88' lang='lat' dir='ltr'>etiam</span> <span class='ocrx_word' id='word_1_218' title='bbox 705 1793 970 1843; x_wconf 87' lang='lat' dir='ltr'>intellegentia</span> <span class='ocrx_word' id='word_1_219' title='bbox 1002 1801 1040 1831; x_wconf 88' lang='lat' dir='ltr'>te</span> <span class='ocrx_word' id='word_1_220' title='bbox 1071 1801 1189 1843; x_wconf 89' lang='lat' dir='ltr'>atque</span> <span class='ocrx_word' id='word_1_221' title='bbox 1219 1793 1312 1831; x_wconf 90' lang='lat' dir='ltr'>istos</span> <span class='ocrx_word' id='word_1_222' title='bbox 1344 1793 1409 1843; x_wconf 91' lang='lat' dir='ltr'>qui</span> <span class='ocrx_word' id='word_1_223' title='bbox 1440 1807 1482 1832; x_wconf 90' lang='lat' dir='ltr'>se</span> 
     </span>
     <span class='ocr_line' id='line_1_27' title="bbox 157 1858 1480 1909; baseline -0.001 -12"><span class='ocrx_word' id='word_1_224' title='bbox 157 1858 343 1909; x_wconf 88' lang='lat' dir='ltr'>elegantis</span> <span class='ocrx_word' id='word_1_225' title='bbox 358 1858 434 1897; x_wconf 92' lang='lat' dir='ltr'>dici</span> <span class='ocrx_word' id='word_1_226' title='bbox 449 1860 584 1896; x_wconf 90' lang='lat' dir='ltr'>volunt</span> <span class='ocrx_word' id='word_1_227' title='bbox 601 1858 744 1896; x_wconf 90' lang='lat' dir='ltr'>vicerit.</span> <span class='ocrx_word' id='word_1_228' title='bbox 797 1860 900 1896; x_wconf 90' lang='lat' dir='ltr'>Nam</span> <span class='ocrx_word' id='word_1_229' title='bbox 920 1858 1012 1907; x_wconf 87' lang='lat' dir='ltr'>quia</span> <span class='ocrx_word' id='word_1_230' title='bbox 1032 1871 1151 1907; x_wconf 84' lang='lat' dir='ltr'>quam</span> <span class='ocrx_word' id='word_1_231' title='bbox 1169 1858 1330 1906; x_wconf 87' lang='lat' dir='ltr'>pulchra</span> <span class='ocrx_word' id='word_1_232' title='bbox 1351 1866 1480 1896; x_wconf 91' lang='lat' dir='ltr'>essent</span> 
     </span>
     <span class='ocr_line' id='line_1_28' title="bbox 157 1922 1480 1973; baseline -0.001 -11"><span class='ocrx_word' id='word_1_233' title='bbox 157 1923 416 1973; x_wconf 83' lang='lat' dir='ltr'>intellegebat,</span> <span class='ocrx_word' id='word_1_234' title='bbox 441 1923 587 1961; x_wconf 90' lang='lat' dir='ltr'>idcirco</span> <span class='ocrx_word' id='word_1_235' title='bbox 608 1923 854 1961; x_wconf 77' lang='lat' dir='ltr'>existimabat</span> <span class='ocrx_word' id='word_1_236' title='bbox 884 1936 929 1961; x_wconf 82' lang='lat' dir='ltr'>ea</span> <span class='ocrx_word' id='word_1_237' title='bbox 956 1936 1036 1960; x_wconf 93' lang='lat' dir='ltr'>non</span> <span class='ocrx_word' id='word_1_238' title='bbox 1065 1924 1116 1961; x_wconf 89' lang='lat' dir='ltr'>ad</span> <span class='ocrx_word' id='word_1_239' title='bbox 1143 1922 1349 1960; x_wconf 89' lang='lat' dir='ltr'>hominum</span> <span class='ocrx_word' id='word_1_240' title='bbox 1374 1925 1480 1961; x_wconf 79' lang='lat' dir='ltr'>luxu-</span> 
     </span>
    </p>
   </div>
   <div class='ocr_carea' id='block_1_3' title="bbox 149 2027 1484 2414">
    <p class='ocr_par' dir='ltr' id='par_1_5' title="bbox 149 2027 1484 2414">
     <span class='ocr_line' id='line_1_29' title="bbox 204 2027 1481 2067; baseline 0 -9"><span class='ocrx_word' id='word_1_241' title='bbox 204 2037 216 2057; x_wconf 92' lang='lat'>1</span> <span class='ocrx_word' id='word_1_242' title='bbox 244 2027 402 2058; x_wconf 88' lang='lat' dir='ltr'>aeditumi</span> <span class='ocrx_word' id='word_1_243' title='bbox 420 2027 540 2057; x_wconf 74' lang='lat' dir='ltr'>Gellius</span> <span class='ocrx_word' id='word_1_244' title='bbox 552 2028 610 2067; x_wconf 82' lang='lat' dir='ltr'>xii,</span> <span class='ocrx_word' id='word_1_245' title='bbox 628 2037 676 2063; x_wconf 83' lang='lat'>10,</span> <span class='ocrx_word' id='word_1_246' title='bbox 693 2029 714 2057; x_wconf 84' lang='lat'><strong>6</strong></span> <span class='ocrx_word' id='word_1_247' title='bbox 728 2030 733 2043; x_wconf 75' lang='lat'><em>¹</em></span> <span class='ocrx_word' id='word_1_248' title='bbox 749 2028 781 2057; x_wconf 79' lang='lat' dir='ltr'>in</span> <span class='ocrx_word' id='word_1_249' title='bbox 800 2027 1260 2067; x_wconf 64' lang='lat' dir='ltr'>aremplm‘ibusfidelissimis*</span> <span class='ocrx_word' id='word_1_250' title='bbox 1277 2027 1437 2057; x_wconf 77' lang='lat' dir='ltr'>invenisse</span> <span class='ocrx_word' id='word_1_251' title='bbox 1448 2039 1481 2058; x_wconf 75' lang='lat' dir='ltr'>se</span> 
     </span>
     <span class='ocr_line' id='line_1_30' title="bbox 159 2070 1480 2111; baseline 0 -10"><span class='ocrx_word' id='word_1_252' title='bbox 159 2075 318 2101; x_wconf 73' lang='lat' dir='ltr'>testatur:</span> <span class='ocrx_word' id='word_1_253' title='bbox 342 2071 469 2101; x_wconf 78' lang='lat' dir='ltr'>aeditui</span> <span class='ocrx_word' id='word_1_254' title='bbox 488 2070 578 2102; x_wconf 82' lang='lat' dir='ltr'>codd.</span> <span class='ocrx_word' id='word_1_255' title='bbox 601 2083 607 2102; x_wconf 80' lang='lat' dir='ltr'>z</span> <span class='ocrx_word' id='word_1_256' title='bbox 629 2071 778 2101; x_wconf 85' lang='lat' dir='ltr'>aeditimi</span> <span class='ocrx_word' id='word_1_257' title='bbox 798 2071 893 2101; x_wconf 81' lang='lat' dir='ltr'>malit</span> <span class='ocrx_word' id='word_1_258' title='bbox 903 2071 1124 2109; x_wconf 57' lang='lat' dir='ltr'>Hirschfelder</span> <span class='ocrx_word' id='word_1_259' title='bbox 1236 2073 1256 2099; x_wconf 91' lang='lat'>6</span> <span class='ocrx_word' id='word_1_260' title='bbox 1281 2070 1480 2111; x_wconf 56' lang='lat' dir='ltr'>eguinos-S:</span> 
     </span>
     <span class='ocr_line' id='line_1_31' title="bbox 158 2113 1478 2153; baseline 0 -9"><span class='ocrx_word' id='word_1_261' title='bbox 158 2115 298 2153; x_wconf 84' lang='lat' dir='ltr'>eguinos</span> <span class='ocrx_word' id='word_1_262' title='bbox 316 2115 411 2145; x_wconf 80' lang='lat' dir='ltr'>RH:</span> <span class='ocrx_word' id='word_1_263' title='bbox 435 2115 592 2153; x_wconf 85' lang='lat' dir='ltr'>inguinos</span> <span class='ocrx_word' id='word_1_264' title='bbox 612 2116 627 2143; x_wconf 89' lang='grc' dir='ltr'><em>δ</em></span> <span class='ocrx_word' id='word_1_265' title='bbox 707 2125 722 2153; x_wconf 92' lang='lat'>7</span> <span class='ocrx_word' id='word_1_266' title='bbox 748 2125 813 2144; x_wconf 91' lang='lat' dir='ltr'>non</span> <span class='ocrx_word' id='word_1_267' title='bbox 835 2116 934 2145; x_wconf 88' lang='lat' dir='ltr'>modo</span> <span class='ocrx_word' id='word_1_268' title='bbox 954 2115 1100 2144; x_wconf 84' lang='lat' dir='ltr'>breviter</span> <span class='ocrx_word' id='word_1_269' title='bbox 1119 2113 1196 2143; x_wconf 87' lang='lat' dir='ltr'>mihi</span> <span class='ocrx_word' id='word_1_270' title='bbox 1217 2113 1278 2143; x_wconf 70' lang='grc' dir='ltr'>ΞΨ</span> <span class='ocrx_word' id='word_1_271' title='bbox 1367 2114 1478 2144; x_wconf 90' lang='lat' dir='ltr'>dicen-</span> 
     </span>
     <span class='ocr_line' id='line_1_32' title="bbox 158 2156 1476 2198; baseline 0.001 -11"><span class='ocrx_word' id='word_1_272' title='bbox 158 2159 235 2187; x_wconf 89' lang='lat' dir='ltr'>dum</span> <span class='ocrx_word' id='word_1_273' title='bbox 255 2163 306 2188; x_wconf 89' lang='lat' dir='ltr'>est</span> <span class='ocrx_word' id='word_1_274' title='bbox 320 2159 362 2198; x_wconf 65' lang='lat' dir='ltr'>pb*</span> <span class='ocrx_word' id='word_1_275' title='bbox 509 2168 543 2188; x_wconf 84' lang='grc'>11</span> <span class='ocrx_word' id='word_1_276' title='bbox 573 2158 711 2196; x_wconf 79' lang='lat' dir='ltr'>grandis</span> <span class='ocrx_word' id='word_1_277' title='bbox 727 2158 824 2187; x_wconf 85' lang='lat' dir='ltr'>simili</span> <span class='ocrx_word' id='word_1_278' title='bbox 846 2159 877 2187; x_wconf 90' lang='lat' dir='ltr'>in</span> <span class='ocrx_word' id='word_1_279' title='bbox 898 2157 965 2189; x_wconf 80' lang='lat' dir='ltr'>edd.</span> <span class='ocrx_word' id='word_1_280' title='bbox 983 2171 988 2188; x_wconf 90' lang='lat'>:</span> <span class='ocrx_word' id='word_1_281' title='bbox 1014 2158 1150 2196; x_wconf 82' lang='lat' dir='ltr'>grandis</span> <span class='ocrx_word' id='word_1_282' title='bbox 1169 2156 1266 2186; x_wconf 88' lang='lat' dir='ltr'>simili</span> <span class='ocrx_word' id='word_1_283' title='bbox 1287 2161 1305 2184; x_wconf 81' lang='grc' dir='ltr'>λ</span> <span class='ocrx_word' id='word_1_284' title='bbox 1328 2158 1389 2187; x_wconf 61' lang='lat' dir='ltr'>(ile.</span> <span class='ocrx_word' id='word_1_285' title='bbox 1411 2157 1476 2188; x_wconf 75' lang='lat' dir='ltr'>cod.</span> 
     </span>
     <span class='ocr_line' id='line_1_33' title="bbox 158 2199 1475 2241; baseline 0 -11"><span class='ocrx_word' id='word_1_286' title='bbox 158 2200 295 2241; x_wconf 74' lang='lat' dir='ltr'>Lamb.)</span> <span class='ocrx_word' id='word_1_287' title='bbox 314 2212 320 2232; x_wconf 92' lang='lat'><strong>:</strong></span> <span class='ocrx_word' id='word_1_288' title='bbox 347 2201 561 2239; x_wconf 84' lang='lat' dir='ltr'>grandissimi</span> <span class='ocrx_word' id='word_1_289' title='bbox 581 2201 625 2231; x_wconf 93' lang='lat' dir='ltr'>hii</span> <span class='ocrx_word' id='word_1_290' title='bbox 651 2202 683 2231; x_wconf 91' lang='lat' dir='ltr'>in</span> <span class='ocrx_word' id='word_1_291' title='bbox 706 2201 735 2230; x_wconf 73' lang='lat' dir='ltr'>l?</span> <span class='ocrx_word' id='word_1_292' title='bbox 756 2205 784 2231; x_wconf 76' lang='lat' dir='ltr'>et</span> <span class='ocrx_word' id='word_1_293' title='bbox 804 2204 895 2237; x_wconf 74' lang='lat' dir='ltr'>(corr.</span> <span class='ocrx_word' id='word_1_294' title='bbox 915 2200 1169 2240; x_wconf 82' lang='lat' dir='ltr'>grandissimas)</span> <span class='ocrx_word' id='word_1_295' title='bbox 1189 2200 1218 2229; x_wconf 81' lang='lat' dir='ltr'>S</span> <span class='ocrx_word' id='word_1_296' title='bbox 1237 2199 1294 2238; x_wconf 78' lang='lat' dir='ltr'>(J.</span> <span class='ocrx_word' id='word_1_297' title='bbox 1313 2199 1375 2229; x_wconf 67' lang='lat' dir='ltr'>Plz.</span> <span class='ocrx_word' id='word_1_298' title='bbox 1396 2210 1475 2239; x_wconf 82' lang='lat' dir='ltr'>xxx,</span> 
     </span>
     <span class='ocr_line' id='line_1_34' title="bbox 159 2243 1476 2284; baseline 0 -11"><span class='ocrx_word' id='word_1_299' title='bbox 159 2248 237 2278; x_wconf 70' lang='lat'><em>201)</em></span> <span class='ocrx_word' id='word_1_300' title='bbox 374 2254 411 2274; x_wconf 88' lang='lat'>12</span> <span class='ocrx_word' id='word_1_301' title='bbox 439 2244 474 2275; x_wconf 90' lang='lat' dir='ltr'>P.</span> <span class='ocrx_word' id='word_1_302' title='bbox 495 2244 610 2284; x_wconf 88' lang='lat' dir='ltr'>Scipio</span> <span class='ocrx_word' id='word_1_303' title='bbox 623 2246 665 2283; x_wconf 60' lang='lat' dir='ltr'>pa</span> <span class='ocrx_word' id='word_1_304' title='bbox 687 2243 776 2274; x_wconf 72' lang='lat' dir='ltr'><em>(Div.</em></span> <span class='ocrx_word' id='word_1_305' title='bbox 798 2246 812 2278; x_wconf 70' lang='grc' dir='ltr'>ξ</span> <span class='ocrx_word' id='word_1_306' title='bbox 834 2246 889 2274; x_wconf 55' lang='grc' dir='ltr'>22Ἲ</span> <span class='ocrx_word' id='word_1_307' title='bbox 1021 2253 1057 2281; x_wconf 84' lang='grc'>13</span> <span class='ocrx_word' id='word_1_308' title='bbox 1082 2244 1297 2281; x_wconf 84' lang='lat' dir='ltr'>inscripserat</span> <span class='ocrx_word' id='word_1_309' title='bbox 1317 2244 1331 2271; x_wconf 86' lang='grc' dir='ltr'>δ</span> <span class='ocrx_word' id='word_1_310' title='bbox 1351 2255 1357 2272; x_wconf 77' lang='lat'>2</span> <span class='ocrx_word' id='word_1_311' title='bbox 1383 2253 1476 2273; x_wconf 84' lang='lat' dir='ltr'>suum</span> 
     </span>
     <span class='ocr_line' id='line_1_35' title="bbox 159 2285 1478 2327; baseline 0 -11"><span class='ocrx_word' id='word_1_312' title='bbox 159 2285 376 2327; x_wconf 82' lang='lat' dir='ltr'>inscripserat</span> <span class='ocrx_word' id='word_1_313' title='bbox 401 2292 425 2326; x_wconf 81' lang='lat' dir='ltr'>p</span> <span class='ocrx_word' id='word_1_314' title='bbox 453 2287 534 2326; x_wconf 85' lang='lat' dir='ltr'>(om.</span> <span class='ocrx_word' id='word_1_315' title='bbox 563 2287 722 2323; x_wconf 80' lang='lat' dir='ltr'>nomen):</span> <span class='ocrx_word' id='word_1_316' title='bbox 750 2287 933 2325; x_wconf 83' lang='lat' dir='ltr'>scripserat</span> <span class='ocrx_word' id='word_1_317' title='bbox 954 2286 1045 2316; x_wconf 56' lang='lat' dir='ltr'>RSW</span> <span class='ocrx_word' id='word_1_318' title='bbox 1068 2288 1099 2322; x_wconf 66' lang='grc' dir='ltr'>(ξ</span> <span class='ocrx_word' id='word_1_319' title='bbox 1123 2286 1298 2324; x_wconf 57' lang='lat' dir='ltr'>1031&#39;11sml</span> <span class='ocrx_word' id='word_1_320' title='bbox 1441 2297 1478 2324; x_wconf 88' lang='lat'>19</span> 
     </span>
     <span class='ocr_line' id='line_1_36' title="bbox 154 2330 1484 2372; baseline 0.002 -13"><span class='ocrx_word' id='word_1_321' title='bbox 154 2334 252 2369; x_wconf 84' lang='lat' dir='ltr'>atque</span> <span class='ocrx_word' id='word_1_322' title='bbox 276 2330 309 2360; x_wconf 90' lang='lat' dir='ltr'>in</span> <span class='ocrx_word' id='word_1_323' title='bbox 334 2330 412 2361; x_wconf 79' lang='lat' dir='ltr'>RS:</span> <span class='ocrx_word' id='word_1_324' title='bbox 446 2336 547 2370; x_wconf 80' lang='lat' dir='ltr'>atque</span> <span class='ocrx_word' id='word_1_325' title='bbox 567 2337 602 2372; x_wconf 85' lang='lat' dir='ltr'>p,</span> <span class='ocrx_word' id='word_1_326' title='bbox 623 2342 660 2361; x_wconf 86' lang='lat' dir='ltr'>ac</span> <span class='ocrx_word' id='word_1_327' title='bbox 687 2333 702 2361; x_wconf 90' lang='grc' dir='ltr'>δ</span> <span class='ocrx_word' id='word_1_328' title='bbox 732 2332 811 2370; x_wconf 81' lang='lat' dir='ltr'>(om.</span> <span class='ocrx_word' id='word_1_329' title='bbox 834 2332 882 2372; x_wconf 82' lang='lat' dir='ltr'>in)</span> <span class='ocrx_word' id='word_1_330' title='bbox 987 2332 1101 2362; x_wconf 77' lang='lat' dir='ltr'>Verris</span> <span class='ocrx_word' id='word_1_331' title='bbox 1119 2331 1182 2362; x_wconf 81' lang='lat' dir='ltr'>RS</span> <span class='ocrx_word' id='word_1_332' title='bbox 1210 2331 1250 2362; x_wconf 81' lang='lat' dir='ltr'>al.</span> <span class='ocrx_word' id='word_1_333' title='bbox 1273 2342 1279 2361; x_wconf 88' lang='lat'><strong>:</strong></span> <span class='ocrx_word' id='word_1_334' title='bbox 1311 2330 1349 2361; x_wconf 92' lang='lat' dir='ltr'>C.</span> <span class='ocrx_word' id='word_1_335' title='bbox 1367 2331 1484 2361; x_wconf 75' lang='lat' dir='ltr'>Verris</span> 
     </span>
     <span class='ocr_line' id='line_1_37' title="bbox 149 2373 650 2414; baseline 0.002 -11"><span class='ocrx_word' id='word_1_336' title='bbox 149 2375 192 2414; x_wconf 67' lang='lat' dir='ltr'>pfl</span> <span class='ocrx_word' id='word_1_337' title='bbox 211 2373 308 2414; x_wconf 81' lang='lat' dir='ltr'>(Am.</span> <span class='ocrx_word' id='word_1_338' title='bbox 326 2374 360 2412; x_wconf 88' lang='lat' dir='ltr'>J.</span> <span class='ocrx_word' id='word_1_339' title='bbox 380 2373 442 2405; x_wconf 73' lang='lat' dir='ltr'>Ph.</span> <span class='ocrx_word' id='word_1_340' title='bbox 462 2375 554 2406; x_wconf 83' lang='lat' dir='ltr'>xxvi.</span> <span class='ocrx_word' id='word_1_341' title='bbox 574 2375 650 2414; x_wconf 86' lang='lat'>412)</span> 
     </span>
    </p>
   </div>
  </div>
 </body>
</html>
