1715 2734
151 103 206 140 62

143 875 199 907 139

143 1810 196 1860 63

138 1880 198 1911 140

234 108 290 147 138
594 101 650 138 M.
683 101 850 137 TVLLI
883 101 1191 139 CICERONIS

226 223 417 248 cusanum
440 211 605 248 moleste
625 209 870 260 graviterque
893 211 989 248 ferre
1010 211 1118 259 quod
1140 223 1224 260 ego,
1247 224 1337 248 cum
1363 210 1402 248 in
1423 211 1562 251 ceteris

225 274 381 313 Siciliae
402 275 625 313 civitatibus
648 282 828 313 senatum
859 276 1131 325 populumque
1152 275 1377 314 docuissem
1399 275 1495 326 quid
1516 276 1561 315 iis

226 339 413 386 utilitatis,
432 340 528 389 quid
546 339 680 377 salutis
702 340 906 386 adferrem,
926 346 963 378 et
980 352 1071 377 cum
1087 340 1138 378 ab
1155 340 1340 379 omnibus
1362 342 1558 388 mandata,

227 406 386 454 legatos,
418 404 563 442 litteras
595 404 899 454 testimoniaque
934 404 1200 454 sumpsissem,
1239 404 1279 442 in
1314 404 1379 443 illa
1405 404 1561 444 civitate

225 469 320 507 nihil
343 469 426 508 eius
448 470 555 507 modi
579 470 758 508 facerem.
822 468 1027 519 Respondi
1060 483 1189 519 neque
1220 471 1374 508 Romae
1402 469 1441 507 in
1471 483 1562 508 con·
1582 486 1598 516 5

225 542 344 572 ventu
377 533 608 580 Siculorum,
646 547 736 571 cum
770 548 792 571 a
825 547 887 572 me
921 533 1109 571 auxilium
1142 534 1345 572 communi
1382 534 1559 573 omnium

224 599 466 649 legationum
498 598 664 637 consilio
699 599 905 649 petebatur
943 612 1140 648 causaque
1180 598 1298 637 totius
1338 598 1560 649 provinciae

223 666 273 703 ad
306 678 368 702 me
399 664 657 710 deferebatur,
681 665 829 714 legatos
859 667 1190 713 Syracusanorum
1219 665 1403 711 adfuisse,
1431 678 1560 715 neque

224 743 287 767 me
317 730 514 779 postulare
544 736 586 766 ut
617 728 831 778 quicquam
862 737 998 767 contra
1026 731 1071 769 C.
1095 732 1255 768 Verrem
1285 731 1560 769 decerneretur

223 795 261 831 in
291 808 336 832 ea
371 793 477 832 curia
511 794 550 832 in
583 807 661 844 qua
696 793 913 832 inauratam
941 796 984 833 C.
1016 794 1146 833 Verris
1174 802 1342 832 statuam
1371 795 1556 834 viderem.
1584 813 1620 835 10

224 859 344 905 Quod
375 866 633 909 posteaquam
664 859 755 906 dixi,
787 866 916 897 tantus
952 867 1009 898 est
1039 860 1206 909 gemitus
1242 862 1366 899 factus
1398 869 1559 911 aspectu

223 931 374 962 statuae
395 931 432 962 et
453 923 832 962 commemoratione
853 932 894 962 ut
924 924 1020 963 illud
1043 924 1081 962 in
1103 925 1209 963 curia
1231 925 1402 975 positum
1425 940 1561 965 monu-

223 998 399 1028 mentum
434 991 625 1028 scelerum
656 1004 736 1028 non
774 990 1056 1028 beneficiorum
1089 991 1293 1029 videretur.
1354 992 1459 1028 Tum
1490 1006 1560 1042 pro

222 1069 263 1093 se
293 1054 470 1104 quisque,
504 1062 697 1104 quantum
729 1055 901 1093 dicendo
930 1054 1095 1104 adsequi
1127 1062 1291 1105 poterat,
1323 1056 1465 1094 docere
1497 1070 1559 1095 me

222 1119 352 1170 coepit
374 1133 419 1157 ea
439 1133 541 1169 quae
569 1121 687 1170 paulo
715 1127 806 1158 ante
831 1118 1149 1166 commemoravi,
1177 1119 1383 1169 spoliatam
1407 1120 1555 1167 urbem,
1582 1138 1617 1169 ¹5

222 1187 311 1223 sana
332 1185 494 1236 direpta,
519 1187 569 1224 de
601 1184 761 1223 Heracli
794 1183 1021 1231 hereditate,
1055 1197 1173 1233 quam
1206 1184 1437 1234 palaestritis
1468 1198 1558 1223 con-

221 1250 413 1297 cessisset,
437 1252 562 1288 multo
593 1249 803 1287 maximam
834 1256 984 1299 partem
1007 1248 1135 1299 ipsum
1165 1249 1398 1297 abstulisse,
1430 1263 1558 1300 neque

221 1316 503 1365 postulandum
534 1314 652 1353 fuisse
682 1322 724 1352 ut
753 1314 817 1352 ille
847 1314 1088 1363 palaestritas
1121 1314 1308 1364 diligeret,
1341 1314 1408 1364 qui
1440 1315 1556 1354 etiarn

222 1381 466 1420 inventorem
488 1380 563 1419 olei
585 1382 704 1419 deum
727 1379 945 1418 sustulisset
964 1394 973 1426 3
1004 1393 1133 1429 neque
1156 1379 1259 1418 illam
1283 1387 1451 1418 statuam
1473 1393 1558 1418 esse

220 1461 266 1485 ex
287 1446 454 1496 pecunia
476 1445 633 1496 publica
661 1459 790 1495 neque
817 1444 975 1495 publice
1004 1445 1146 1491 datam,
1173 1446 1242 1483 sed
1271 1458 1338 1483 eos
1366 1444 1434 1495 qui
1452 1445 1559 1483 here·
1578 1463 1618 1484 20

219 1511 351 1549 ditatis
391 1510 634 1560 diripiendae
674 1510 882 1560 participes
922 1510 1085 1548 fuissent
1128 1510 1349 1549 faciendam
1390 1518 1559 1549 statuen-

219 1577 392 1626 damque
431 1589 614 1622 curasse3
662 1576 823 1613 eosdem
877 1577 1030 1613 Romae
1080 1575 1199 1613 fuisse
1249 1577 1408 1625 legat05‚
1457 1575 1558 1614 illius

217 1642 416 1679 adiutores
438 1640 709 1691 improbitatiS,
728 1640 855 1678 socios
874 1642 1076 1688 furtorum,
1096 1640 1277 1679 conscios
1299 1640 1532 1690 flagitiorum
1549 1656 1559 1689 3

219 1719 267 1743 eo
302 1705 431 1744 minus
465 1705 592 1744 mirari
628 1719 691 1744 me
724 1713 903 1755 oportere
938 1705 968 1743 si
1011 1705 1064 1743 illi
1105 1705 1307 1743 communi
1341 1707 1556 1755 legatorum

220 1771 411 1809 voluntati
433 1778 471 1810 et
493 1770 605 1809 saluti
628 1770 783 1809 Siciliae
805 1771 1032 1810 defuissent.
1577 1786 1616 1817 25

276 1836 353 1874 Vbi
393 1850 529 1874 eorum
569 1837 745 1875 dolorem
790 1850 835 1874 ex
876 1836 977 1874 illius
1019 1836 1167 1875 iniuriis
1207 1851 1286 1876 non
1322 1838 1441 1877 modo
1475 1851 1554 1876 non

221 1902 413 1941 minorem
444 1903 514 1941 sed
549 1915 671 1952 prope
710 1901 897 1940 maiorem
929 1915 1048 1951 quam
1082 1901 1302 1940 Siculorum
1338 1911 1556 1942 ceterorum

219 1980 303 2005 esse
325 1966 502 2017 cognovi,
529 1975 611 2005 tum
644 1980 776 2005 meum
808 1966 983 2005 animum
1015 1967 1054 2004 in
1086 1966 1183 2014 illos,
1207 1974 1290 2005 tum
1321 1968 1397 2006 mei
1418 1967 1557 2007 consili

219 2033 431 2083 negotique
470 2033 589 2072 totius
631 2032 801 2083 suscepti
848 2046 1006 2071 causam
1047 2032 1318 2082 rationemque
1357 2032 1553 2083 proposui,

220 2106 303 2136 tum
337 2112 404 2137 eos
437 2099 613 2137 hortatus
653 2112 738 2136 sum
779 2105 821 2135 ut
860 2111 1001 2136 causae
1040 2097 1243 2136 communi
1278 2097 1472 2148 salutique
1507 2111 1555 2135 ne
1575 2110 1616 2141 30

220 2164 417 2211 deessent,
440 2170 480 2201 ut
503 2163 608 2201 illam
630 2161 911 2209 laudationem,
936 2175 1053 2211 quam
1077 2175 1117 2199 se
1138 2161 1173 2199 vi
1201 2175 1247 2200 ac
1269 2169 1375 2200 metu
1397 2170 1554 2200 coactos

266 2278 283 2307 7
309 2268 350 2298 ad
369 2277 422 2297 mc
448 2266 639 2305 provinciae
657 2277 677 2294 π
820 2266 861 2294 26
885 2264 974 2294 illius
1000 2263 1087 2294 RS:
1118 2263 1213 2294 istius
1231 2274 1275 2293 rr:
1305 2273 1368 2293 om.
1390 2264 1405 2291 δ
1423 2263 1456 2304 (ξ
1479 2263 1553 2302 146)

222 2312 262 2341 28
289 2317 356 2341 tum
376 2320 439 2349 ego
457 2320 566 2340 mcum
586 2308 704 2339 Lamb.
822 2313 891 2338 tum
909 2318 974 2347 ego
993 2308 1144 2348 (egomet
1161 2308 1195 2348 q)
1217 2307 1281 2338 mci
1298 2312 1342 2347 pq
1359 2306 1401 2337 al.
1513 2317 1555 2346 29

222 2355 350 2395 negotii
369 2353 571 2394 consiliique
589 2351 657 2382 KZ
