1715 2734
131 113 398 152 ACTIONIS
421 115 482 151 IN
503 114 548 152 C.
566 114 807 151 VERREM
829 113 1127 152 SECVNDAE
1149 114 1252 150 LIB.
1279 114 1342 150 ΙΙΙ
1403 115 1456 160 67
1480 116 1542 156 156

129 224 354 262 coniectura
383 223 610 263 domestica.
671 224 775 272 Quia
804 225 948 262 multos
975 231 1013 262 et
1037 237 1105 274 per
1129 237 1170 262 Se
1196 231 1234 262 et
1264 237 1331 273 per
1360 224 1457 262 alios

131 290 252 327 multa
281 289 522 327 ludibundos
555 290 662 338 apud
691 291 854 327 Verrem
884 288 1058 327 effecisse
1088 288 1195 334 vidit,
1235 290 1286 327 ad
1328 288 1457 326 omnis

129 355 290 391 eosdem
322 362 453 403 patere
487 353 615 392 aditus
646 353 862 392 arbitratur.
933 353 1101 392 Facilius
1130 367 1198 391 VOs
1230 353 1457 391 efficiebatis

128 418 338 456 ludibundi
360 432 460 467 quae
481 418 671 456 volebatis
691 432 713 456 a
734 421 865 465 Verre,
889 420 997 468 quod
1025 419 1147 456 multa
1167 418 1249 456 eius
1272 420 1453 456 ludorum

89 498 105 528 5
126 496 269 532 genera
306 483 460 521 noratis.
532 485 805 521 INCVLCATVM
845 495 917 521 EST
947 485 1154 521 METELLO
1183 495 1235 520 ET
1265 485 1454 520 VOLTEIO

127 559 177 584 TE
203 559 419 585 ARATORES
446 559 678 586 EVERTISSE.
739 548 838 597 Quis
868 548 967 586 istuc
996 547 1174 598 Apronio
1203 548 1452 593 attribuebat,

126 625 216 649 curn
248 620 439 650 aratorem
464 612 635 662 aliquem
666 620 864 659 everterat,
896 620 963 651 aut
994 612 1250 659 Timarchidi,
1280 625 1370 650 cum
1402 613 1454 650 ob

126 677 382 715 iudicandum
408 685 475 715 aut
502 679 797 717 decernendum
822 685 889 716 aut
916 678 1190 728 imperandum
1218 677 1367 727 aliquid
1388 686 1454 715 aut

126 742 405 781 remittendum
437 743 644 792 pecuniam
675 751 890 793 acceperat,
920 751 986 781 aut
1021 743 1152 781 Sextio
1191 743 1327 789 lictori,
1362 756 1451 780 cuni

68 823 105 845 10
124 807 295 857 aliquem
317 807 570 846 innocentem
591 808 716 847 securi
737 811 1007 859 percusserat?
1064 810 1220 854 Nemo3
1250 821 1387 845 omnes
1418 807 1453 845 ei

125 880 207 910 turn
246 872 511 911 attribuebant
550 887 668 923 quem
719 887 825 912 nunc
863 873 1119 912 condemnari
1158 874 1305 911 volunt.
1376 873 1536 915 OB-157

123 949 348 975 TVDERVNT
396 950 485 976 EIVS
533 950 654 976 AVRIS
701 951 752 976 TE
805 950 957 977 SOCIVM
1007 949 1238 976 PRAETORIS
1302 949 1449 975 FVISSE.

123 1002 298 1041 Videsne
325 1004 400 1041 hoc
422 1017 540 1053 quam
565 1005 713 1041 clarum
740 1003 788 1041 sit
818 1011 855 1041 et
885 1004 1009 1050 fuerit,
1033 1016 1123 1041 cum
1155 1002 1273 1040 etiam
1303 1002 1454 1040 Timar-

123 1067 258 1106 chides
280 1069 355 1105 hoc
386 1070 566 1106 metuat?
594 1070 843 1107 concedesne
864 1082 944 1106 non
966 1069 1042 1106 hoc
1072 1067 1219 1106 crimen
1247 1081 1319 1105 nos
1350 1069 1388 1105 in
1414 1075 1452 1105 te

66 1145 101 1177 ¹5
122 1133 357 1181 confingere,
380 1134 449 1170 sed
470 1132 547 1170 iam
569 1133 720 1183 pridem
742 1134 792 1171 ad
814 1133 962 1171 crimen
982 1132 1154 1182 aliquam
1177 1132 1450 1170 defensionem

122 1198 304 1237 libertum
339 1201 552 1248 quaerere?
600 1199 781 1237 Libertus
806 1207 843 1237 et
872 1212 1062 1237 accensus
1093 1206 1194 1244 tuus,
1235 1205 1273 1236 et
1305 1198 1375 1236 tibi
1405 1211 1451 1236 ac

120 1264 250 1302 liberis
280 1264 356 1302 tuis
386 1265 570 1303 omnibus
600 1264 639 1302 in
669 1265 785 1303 rebus
816 1264 1051 1303 coniunctus
1077 1277 1123 1302 ac
1152 1263 1363 1313 proximus,
1400 1265 1450 1302 ad

121 1330 341 1379 Apronium
374 1330 506 1368 scribit
527 1332 642 1380 vulgo
667 1344 752 1369 esse
776 1331 826 1369 ab
847 1329 1032 1369 omnibus
1053 1328 1106 1367 ita
1135 1330 1448 1367 demonstratum

123 1396 296 1437 Metello,
330 1394 400 1432 tibi
439 1395 659 1444 Apronium
699 1395 739 1433 in
778 1395 957 1434 decumis
991 1394 1142 1433 socium
1175 1393 1304 1432 fuisse.
1365 1395 1449 1431 FAC

62 1472 101 1494 20
121 1470 237 1496 SCIAT
277 1470 594 1497 IMPROBITATEM
636 1472 893 1508 ARATORVM3
933 1471 1009 1497 IPSI
1054 1470 1278 1505 SVDABVNT,
1326 1470 1360 1496 SI
1405 1471 1447 1496 DI

121 1534 295 1561 VOLVNT.
355 1525 476 1572 Quod
515 1524 624 1571 istuc,
666 1538 734 1574 per
772 1526 869 1563 deos
908 1523 1149 1570 immortalis,
1186 1531 1253 1561 aut
1287 1536 1365 1572 qua
1398 1525 1448 1561 dc

119 1600 236 1625 causa
274 1587 484 1626 excitatum
518 1602 603 1627 esse
641 1589 820 1627 dicamus
859 1591 898 1627 in
937 1596 1108 1627 aratores
1147 1596 1225 1626 tam
1262 1588 1445 1625 infestum

118 1652 254 1690 odium
288 1660 407 1702 atque
440 1655 622 1691 tantum?
680 1655 880 1702 Quantam
910 1653 1091 1691 iniuriam
1126 1654 1302 1691 fecerunt
1336 1653 1446 1690 Verri

117 1724 287 1755 aratores
322 1726 362 1755 ut
394 1731 462 1755 eos
496 1718 614 1756 etiam
644 1718 806 1756 libertus
837 1726 874 1756 et
903 1731 1094 1756 accensus
1125 1717 1207 1755 eius
1238 1726 1316 1755 tam
1349 1717 1445 1755 irato

60 1795 97 1827 25
117 1782 250 1819 animo
279 1795 324 1820 ac
354 1782 487 1820 litteris
516 1783 775 1832 insequatur?

172 1848 313 1896 Neque
343 1860 416 1896 ego
446 1847 561 1885 huius
588 1848 750 1897 fugitivi,
778 1848 939 1894 iudices,
969 1847 1081 1885 vobis
1108 1847 1315 1897 epistulam
1352 1847 1443 1885 reci-
1464 1847 1519 1886 68

162 1957 175 1978 1
204 1948 397 1979 coniectura
420 1948 603 1978 domestica
628 1949 675 1988 Vp
698 1949 764 1980 rell.
783 1961 789 1979 :
815 1950 902 1980 dom.
924 1949 1008 1979 coni.
1031 1949 1061 1978 O
1082 1949 1194 1988 (proh.
1216 1948 1294 1978 Zz'cl.
1312 1954 1344 1988 p.
1367 1949 1441 1989 196)

116 1996 150 2022 et
178 2002 239 2030 per
267 2002 303 2022 se
330 1991 384 2022 O:
413 1996 446 2021 et
475 2002 538 2022 om.
567 1992 636 2022 rell.
805 2004 824 2022 2
852 1993 1058 2022 ludibundos
1085 1992 1141 2022 O:
1176 1992 1365 2022 lubidinosa
1392 1992 1442 2023 V:

116 2035 319 2066 ludibundus
336 2034 480 2065 libinose
492 2040 517 2074 p
535 2046 541 2065 z
566 2035 770 2066 ludibundos
788 2036 967 2066 libidinose
985 2035 1050 2066 rell.
1143 2036 1235 2066 videt
1255 2035 1284 2065 O
1421 2047 1442 2074 9

116 2077 222 2108 lictori
245 2079 292 2117 Vp
309 2078 396 2110 rell.:
420 2089 484 2109 om.
507 2078 537 2107 O
554 2079 598 2118 (V,
623 2083 636 2114 ξ
659 2080 733 2117 ῙΙ8>
918 2090 956 2109 Ιο
981 2080 1048 2119 eip
1066 2079 1132 2109 rell.
1153 2090 1159 2108 :
1185 2079 1273 2108 enirn
1291 2080 1319 2108 ei
1343 2079 1440 2118 V(cf.

115 2123 257 2160 primum
277 2122 451 2160 plurimum
475 2121 534 2158 V§
557 2131 614 2160 155
632 2123 735 2162 iufra)
900 2133 934 2153 11
962 2128 1029 2152 turn
1053 2123 1100 2152 V:
1125 2127 1240 2162 tuncp
1261 2121 1395 2151 Videtur
1412 2122 1442 2151 O

114 2165 226 2195 habere
243 2165 349 2195 Nemo
367 2165 395 2194 ei
413 2175 530 2195 omnes
549 2170 617 2195 tum
794 2175 832 2196 12
857 2166 926 2196 eius
943 2177 1008 2197 om.
1032 2165 1063 2195 V
1228 2176 1266 2204 13
1290 2165 1392 2195 Vides
1415 2166 1446 2194 V

118 2218 155 2246 14
180 2209 382 2238 concedisne
402 2208 431 2238 O
561 2209 624 2239 hoc
641 2209 766 2239 crimen
785 2209 816 2239 in
836 2214 868 2240 te
885 2219 946 2240 nos
964 2220 1033 2240 non
1057 2209 1088 2239 V
1252 2219 1291 2247 19
1316 2209 1437 2239 sotium

114 2251 146 2281 in
166 2251 316 2281 decumis
335 2251 365 2281 O
523 2261 623 2291 19—21
654 2252 718 2282 Fac
735 2253 819 2282 sciat
844 2276 850 2283 .
881 2278 887 2284 .
913 2277 920 2284 .
944 2251 1108 2292 volentp²
1124 2252 1156 2282 in
1182 2252 1238 2283 lac.
1397 2263 1432 2282 ει

113 2294 227 2326 volunt
253 2295 388 2326 (dolunt
420 2295 462 2334 V)
496 2294 581 2334 ch:
620 2295 734 2325 volent
761 2294 827 2335 Op²
1003 2307 1044 2334 23
1073 2300 1230 2335 quantam
1262 2295 1308 2335 Vp
1330 2296 1438 2335 plen:

114 2342 237 2368 tantam
258 2338 307 2368 O:
333 2348 430 2377 quam
449 2343 574 2368 tantam
592 2339 634 2369 al.
801 2349 842 2378 25
866 2350 904 2369 ac
926 2339 1001 2370 VcO
1019 2351 1025 2369 :
1051 2344 1106 2369 aut
1121 2344 1143 2379 j)
1165 2339 1228 2369 rell.
1397 2336 1438 2368 26

114 2381 405 2455 iui'gog’ssepsst'
426 2381 472 2410 l’:
498 2381 562 2411 iud.
582 2383 679 2420 epist.
700 2382 795 2413 vobis
808 2388 832 2422 p
850 2383 915 2413 rell.
928 2387 1057 2422 praefer
1074 2383 1103 2413 O
1116 2382 1225 2421 {kvobis
1238 2382 1436 2455 iud.1‹ebpist.)
