1715 2734
161 86 216 134 64
239 101 297 133 142
603 89 660 126 M.
691 88 860 125 TVLLI
892 88 1200 127 CICERONIS

233 199 284 237 de
318 196 401 237 Sex.
438 200 659 247 Peducaeo,
693 199 760 250 qui
799 200 850 238 de
871 199 936 238 illa
974 199 1130 239 civitate
1169 207 1330 251 totaque
1367 199 1569 252 provincia

233 265 383 314 optime
405 264 564 303 meritus
585 271 698 312 esset,
721 277 806 303 sese
826 272 953 312 antea,
975 278 1066 303 cum
1086 266 1289 304 audissent
1310 266 1344 305 ei
1366 265 1568 316 negotium

233 328 471 377 facessitum‚
512 342 683 380 cumque
722 343 813 368 eum
862 329 1020 380 publice
1067 343 1138 380 pro
1185 329 1361 380 plurimis
1409 329 1492 368 eius
1530 337 1569 368 et

235 394 412 433 maximis
454 394 601 433 meritis
634 395 794 434 laudare
829 402 1029 445 cuperent,
1064 408 1087 432 a
1117 395 1162 435 C.
1195 396 1316 434 Verre
1350 393 1568 445 prohibitos

234 473 320 498 esse
338 474 347 508 ;
387 459 567 510 iniquum
597 472 694 506 esse,
726 458 881 498 tametsi
914 460 1144 498 Peducaeus
1176 473 1311 498 eorum
1344 458 1569 498 laudatione

235 523 312 562 iam
343 538 423 563 non
453 531 637 572 uteretur,
659 531 792 563 tamen
823 537 903 561 non
934 523 975 562 id
1004 523 1110 574 prius
1139 525 1350 563 decernere
1377 524 1485 574 quod
1506 523 1570 562 ali-

156 605 215 637 143
236 590 396 639 quando
417 590 632 628 voluissent
654 602 773 639 quam
791 590 899 638 quod
921 596 1005 627 tum
1022 596 1263 638 cogerentur.
1307 589 1570 628 Conclamant

235 667 373 692 omnes
388 661 425 692 et
439 653 662 704 adprobant
675 653 728 692 ita
742 653 825 692 fieri
842 661 1032 704 oportere.
1084 654 1266 692 Refertur
1282 654 1332 692 de
1348 654 1566 692 Peducaeo.

236 721 289 756 Vt
323 717 490 768 quisque
524 725 652 756 aetate
689 725 727 757 et
759 719 910 757 honore
945 718 1218 765 antecedebat,
1252 717 1305 756 ita
1334 717 1568 757 sententiam

236 782 332 821 dixit
362 797 408 821 ex
438 784 587 822 ordine.
648 783 697 822 Id
717 784 819 822 adeo
847 797 893 821 ex
921 784 1007 833 ipso
1035 790 1193 822 senatus
1218 784 1401 821 consulto
1428 795 1570 832 cogno-

237 848 359 896 scite3
388 863 480 887 nam
511 848 733 899 principum
755 850 972 887 sententiae
1004 848 1190 899 perscribi
1218 850 1356 887 solent.
1418 847 1567 887 Recita.

238 918 246 934 ‘
265 916 388 963 QVOD
419 926 555 951 VERBA
587 926 716 953 FACTA
737 926 842 952 SVNT
863 926 918 952 DE
939 915 1033 953 SEX.
1059 916 1309 953 PEDVCAEO.'
1368 913 1474 953 Dicit
1503 913 1571 964 qui

237 980 350 1031 primi
385 979 588 1019 suaserint.
650 981 895 1019 Decernitur.
957 981 1139 1019 Refertur
1173 979 1319 1019 deinde
1353 980 1404 1018 de
1436 981 1569 1018 Verre.

240 1048 325 1093 Dic,
360 1059 519 1096 quaeso,
552 1060 633 1096 quo
667 1047 819 1085 modo?
878 1048 1026 1096 ‘QVOD
1055 1058 1190 1084 VERBA
1222 1057 1351 1084 FACTA
1380 1057 1486 1083 SVNT
1515 1057 1571 1083 DE

239 1114 282 1152 C.
315 1114 468 1150 VERRE
481 1110 638 1162 ²—quid
675 1119 813 1162 postea
844 1111 1032 1162 scriptum
1063 1119 1121 1150 est
1134 1112 1322 1151 ?-‘CvM
1353 1122 1569 1149 SVRGERET

239 1190 359 1216 NEMO
380 1189 521 1222 NEQVE
549 1189 820 1215 SENTENTIAM
843 1188 1026 1215 D1CERET
1041 1176 1197 1227 '—quid
1213 1184 1272 1215 est
1286 1177 1363 1215 hoc
1374 1176 1570 1214 ?—‘SORs

239 1245 446 1282 DVC1TVR!
504 1244 636 1293 Quam
664 1243 718 1282 ob
743 1245 855 1282 rem?
885 1256 1005 1281 nemo
1027 1241 1371 1282 eratvvoluntarius
1392 1242 1586 1280 laudator'

239 1317 441 1360 praeturae
469 1317 570 1357 tuae,
602 1310 788 1348 defensor
815 1309 1092 1360 periculorum,
1116 1307 1342 1360 praesertim
1363 1321 1453 1346 curn
1475 1306 1571 1345 inire

238 1389 261 1413 a
290 1383 467 1425 praetore
496 1375 658 1425 gratiam
689 1376 854 1426 posset?
911 1377 1055 1414 Nemo.
1116 1374 1178 1413 Illi
1199 1374 1272 1425 ipsi
1294 1374 1349 1412 tui
1369 1374 1569 1419 convivae,

238 1439 459 1488 consiliarii,
494 1440 653 1488 conscii,
688 1440 783 1479 socii
815 1440 978 1479 verbum
1019 1442 1145 1479 facere
1184 1453 1264 1478 non
1303 1440 1464 1479 audent.
1522 1440 1570 1477 In

238 1519 316 1555 qua
338 1506 445 1545 curia
471 1513 599 1544 statua
619 1513 685 1544 tua
712 1506 839 1545 stabat
867 1513 905 1545 et
933 1508 1041 1545 nuda
1062 1506 1127 1553 fili,
1150 1506 1190 1545 in
1211 1520 1257 1544 ea
1278 1519 1396 1544 nemo
1417 1504 1499 1551 fuit,
1522 1518 1571 1542 ne

238 1585 357 1621 quem
387 1572 518 1610 nudus
548 1571 710 1621 quidem
742 1571 843 1609 filius
875 1573 1023 1610 nudata
1059 1571 1261 1622 provincia
1292 1578 1570 1609 commoveret.

158 1654 218 1685 144
240 1637 373 1686 Atque
394 1637 511 1675 etiam
533 1638 610 1676 hoc
632 1651 695 1676 me
723 1639 884 1685 docent,
909 1638 992 1676 eius
1021 1637 1129 1676 modi
1158 1645 1316 1676 senatus
1346 1638 1570 1675 consultum

238 1701 377 1740 fecisse
406 1703 628 1741 laudatores
661 1710 699 1740 ut
732 1716 870 1741 omnes
902 1703 1128 1754 intellegere
1155 1710 1316 1754 possent
1340 1716 1420 1741 non
1442 1703 1571 1740 lauda-

239 1767 387 1806 tionem
421 1768 492 1806 sed
521 1767 651 1818 potius
690 1768 917 1807 inrisionem
954 1782 1039 1808 esse
1074 1769 1179 1807 illam
1212 1782 1314 1818 quae
1346 1779 1571 1806 commone·
1591 1778 1605 1799 2

239 1835 382 1872 faceret
411 1832 521 1872 istius
552 1841 705 1884 turpem
740 1834 1090 1884 calamitosamque
1121 1841 1351 1884 praeturam.
1413 1831 1570 1871 Etenim

282 1946 302 1966 2
325 1946 402 1967 sese
419 1941 517 1967 antea
535 1962 542 1968 .
563 1961 570 1969 .
592 1961 599 1969 .
618 1949 693 1969 eum
712 1950 776 1970 om.
796 1939 890 1970 st
909 1940 1031 1980 (spatio
1054 1950 1120 1970 vac.
1141 1939 1243 1970 relicto
1260 1938 1307 1977 R)
1399 1949 1433 1969 11
1463 1937 1573 1969 solent

239 1979 289 2010 S:
323 1980 410 2011 solet
438 1980 511 2020 szs
636 1983 754 2014 Recita
775 2007 781 2014 .
800 2008 807 2014 .
827 2008 833 2014 .
857 1984 1035 2014 Peducaeo
1062 1983 1168 2024 suppl.
1196 1983 1228 2012 in
1255 1982 1312 2013 lac.
1338 1981 1374 2022 p²
1535 1991 1572 2012 12

241 2024 418 2054 Peducaeo
438 2049 443 2054 .
463 2048 471 2055 .
490 2049 497 2055 .
518 2025 713 2057 decernitur
731 2038 795 2058 om.
816 2026 908 2057 st
1022 2027 1100 2057 dicit
1117 2027 1206 2066 quod
1219 2031 1265 2066 p:
1289 2026 1341 2056 dic
1360 2025 1414 2065 qui
1435 2025 1545 2055 Ebcrh.
1565 2036 1572 2055 ε

240 2068 291 2098 dic
308 2072 341 2097 et
359 2067 413 2107 qui
432 2067 579 2100 Richter:
607 2070 728 2100 dicitur
746 2071 801 2110 qui
819 2070 975 2101 Schwabe
1110 2081 1146 2110 13
1171 2070 1247 2100 dein
1266 2069 1330 2100 RS
1447 2079 1485 2108 19
1508 2069 1571 2108 ipsi

241 2110 341 2150 illipB
453 2122 490 2142 21
518 2117 574 2143 tua
593 2124 657 2144 om.
681 2125 701 2143 π
856 2125 896 2144 22
921 2114 1009 2145 nuda
1034 2125 1126 2154 prov.
1146 2126 1168 2143 π
1321 2123 1362 2152 23
1387 2112 1458 2142 eius
1482 2112 1571 2142 modi

241 2159 379 2185 senatus
403 2156 595 2186 consultum
621 2157 745 2188 secisse
771 2156 963 2189 laudatores
984 2158 1119 2197 scripsi:
1154 2157 1226 2187 eius
1250 2156 1382 2187 modis.
1406 2166 1431 2186 c.
1452 2155 1571 2186 fecisse

241 2197 438 2228 laudationis
458 2201 542 2236 (aes)
562 2199 713 2230 RSDW:
746 2201 817 2231 eius
841 2201 929 2231 modi
950 2201 1098 2231 Siciliam
1125 2210 1200 2231 sese
1223 2200 1342 2230 secisse
1363 2199 1571 2230 laudationes

236 2242 278 2279 pb*
298 2241 361 2279 (cl.
381 2241 462 2272 Rev.
482 2243 574 2281 xviii,
590 2247 625 2282 p.
646 2243 723 2280 211)
741 2255 748 2273 ε
783 2243 984 2275 laudationis
1002 2244 1138 2274 nomine
1157 2243 1355 2273 Lehmann:
1386 2243 1462 2273 eius
1481 2241 1569 2272 modi

239 2294 311 2315 sen.
327 2295 400 2315 con.
416 2295 494 2314 sese
509 2283 627 2315 fecisse
639 2283 736 2322 Nohl,
751 2285 842 2324 prob.
854 2285 984 2315 Busche
999 2297 1005 2315 :
1030 2286 1102 2316 eius
1117 2287 1206 2316 modi
1226 2297 1262 2316 se
1278 2286 1434 2316 consulto
1449 2286 1570 2318 fecisse

240 2327 466 2359 laudationem
488 2328 578 2359 Koch
756 2339 795 2367 25
821 2330 1128 2361 commonefaceret
1152 2329 1218 2370 Sp:
1257 2330 1516 2361 commefaceret
1537 2330 1570 2361 R

239 2373 282 2402 26
306 2372 418 2413 istius]
438 2373 538 2403 fuisse
556 2371 735 2412 Eberhard,
755 2372 845 2402 Nohl

1593 795 1630 818 10

1592 1124 1628 1157 Ι5

1593 1454 1632 1476 20
