1715 2734
124 76 178 122 67
204 90 262 121 173
573 76 630 112 M.
661 76 830 113 TVLLI
861 76 1169 115 CICERONIS

198 184 315 223 istum
338 185 434 223 mihi
461 200 507 224 ex
532 187 608 224 hoc
635 185 782 225 iudicio
809 194 987 237 ereptum
1007 188 1059 226 ad
1080 187 1176 226 illud
1196 187 1332 238 populi
1355 189 1526 228 Romani

197 250 388 290 iudicium
429 251 623 290 reservari.
695 251 913 301 Splendida
950 259 1008 290 est
1047 251 1112 290 illa
1146 265 1274 300 causa,
1313 254 1525 304 probabilis

198 315 293 353 mihi
325 324 363 355 et
398 316 533 364 facilis,
570 318 718 367 populo
749 324 856 367 grata
895 324 1014 366 atque
1053 316 1251 365 iucunda3
1289 317 1461 368 denique
1495 319 1524 358 si

196 381 332 420 videor
359 381 433 429 hic,
456 381 495 420 id
523 383 631 431 quod
659 395 732 432 ego
762 395 841 420 non
872 382 1057 432 quaesivi,
1079 383 1130 421 de
1157 396 1238 421 uno
1263 382 1338 421 isto
1358 383 1526 423 voluisse

197 460 381 494 crescere,
416 446 491 485 isto
524 447 718 494 absoluto,
751 448 859 496 quod
899 447 982 486 sine
1014 449 1227 486 multorum
1267 450 1412 487 scelere
1444 449 1526 488 fieri
1546 466 1563 498 5

196 526 277 550 non
307 519 447 562 potest,
478 512 529 549 de
559 511 690 550 multis
720 511 815 549 mihi
846 525 1019 551 crescere
1048 512 1191 551 licebit.

123 575 177 613 68
251 578 330 616 Sed
351 578 576 616 mehercule
596 584 722 614 vestra
742 576 875 626 reique
895 577 1078 627 publicae
1098 591 1227 625 causa,
1249 577 1410 625 iudices,
1433 581 1526 618 nolo

196 642 235 680 in
277 644 353 680 hoc
393 643 550 681 delecto
581 641 747 680 consilio
786 649 938 680 tantum
980 642 1099 692 flagiti
1138 656 1223 681 esse
1255 643 1523 691 commissum,

196 709 290 746 nolo
324 721 391 746 eos
426 707 577 746 iudices
608 720 707 757 quos
738 720 810 756 ego
840 707 1039 757 probarim
1074 715 1194 758 atque
1223 708 1432 758 delegerim
1469 709 1524 748 sic

194 772 234 810 in
269 774 342 810 hac
378 773 474 811 urbe
506 779 663 810 notatos
693 772 767 810 isto
796 772 980 810 absoluto
1018 773 1221 811 ambulare
1252 780 1294 810 ut
1326 786 1405 811 non
1437 787 1524 812 cera
1545 788 1584 811 10

116 848 174 883 174
194 839 263 877 sed
294 851 418 876 caeno
444 837 556 876 obliti
584 851 668 876 esse
689 837 904 876 videantur.
965 839 1094 887 Quam
1118 839 1170 876 ob
1191 852 1271 876 rem
1294 847 1331 877 te
1352 852 1522 888 quoque,

196 903 398 949 Hortensi,
434 902 464 941 si
497 902 563 952 qui
599 902 788 941 monendi
823 904 932 941 locus
965 917 1011 941 ex
1044 904 1120 941 hoc
1156 905 1243 941 loco
1278 911 1347 951 est,
1379 917 1523 942 moneo

194 969 327 1008 videas
366 967 483 1007 etiam
522 976 641 1018 atque
675 968 792 1006 etiam
831 975 869 1006 et
909 967 1134 1006 consideres
1167 968 1262 1018 quid
1301 981 1403 1018 agas,
1443 981 1523 1018 (luo

194 1033 451 1084 progrediare,
501 1047 619 1083 quem
668 1032 870 1071 hominem
920 1040 958 1072 et
1005 1047 1083 1083 qua
1130 1033 1279 1072 ratione
1318 1034 1519 1072 defendas.

194 1100 335 1149 Neque
367 1100 417 1137 de
442 1098 509 1137 illo
536 1098 606 1137 tibi
637 1098 850 1148 quicquam
878 1098 1067 1148 praefinio
1095 1112 1175 1148 quo
1205 1098 1334 1136 minus
1365 1098 1522 1148 ingenio
1545 1110 1580 1143 15

193 1178 349 1203 mecum
375 1171 495 1214 atque
524 1163 632 1202 omni
662 1163 821 1202 dicendi
850 1164 1033 1202 facultate
1063 1164 1306 1210 contendas3
1335 1171 1462 1202 cetera
1491 1163 1521 1202 si

193 1243 271 1280 qua
304 1237 417 1279 putas
449 1236 487 1268 te
526 1228 717 1267 occultius
753 1236 858 1266 extra
889 1228 1079 1266 iudicium
1112 1242 1213 1278 quae
1247 1230 1297 1267 ad
1331 1227 1519 1266 iudicium

192 1295 412 1345 pertineant
444 1296 570 1333 facere
606 1307 732 1344 posse,
764 1293 795 1332 si
824 1293 921 1344 quid
952 1293 1117 1331 artificio
1146 1293 1311 1332 consilio
1346 1293 1521 1343 potentia

191 1359 322 1410 gratia,
364 1359 487 1410 copiis
521 1358 631 1397 istius
670 1358 796 1397 moliri
835 1359 993 1409 cogitas,
1039 1372 1182 1409 magno
1221 1372 1338 1408 opere
1377 1371 1520 1396 censeo

192 1425 371 1473 desistas,
394 1432 433 1463 et
457 1424 522 1462 illa
550 1437 652 1474 quae
680 1431 870 1474 temptata
897 1424 973 1462 iam
1001 1432 1039 1462 et
1066 1431 1207 1473 coepta
1233 1431 1324 1461 sunt
1351 1423 1402 1461 ab
1432 1423 1517 1469 isto,
1541 1438 1580 1459 20

191 1504 214 1528 a
244 1504 307 1529 me
336 1498 468 1529 autem
499 1489 758 1541 pervestigata
787 1498 826 1528 et
857 1489 1023 1540 cognita,
1051 1503 1194 1528 moneo
1224 1497 1266 1527 ut
1297 1489 1519 1539 exstinguas

191 1565 229 1596 et
256 1557 409 1607 longius
439 1556 618 1607 progredi
649 1571 698 1595 ne
728 1556 842 1595 sinas.
905 1558 1054 1607 Magno
1084 1564 1152 1595 tuo
1182 1555 1355 1606 periculo
1386 1569 1519 1605 pecca-

133 1636 167 1670 7-
192 1622 294 1661 bitur
324 1623 363 1660 in
394 1623 470 1661 hoc
500 1621 657 1668 iudicio,
683 1621 828 1660 maiore
859 1635 977 1671 quam
1009 1629 1132 1671 putas.
1194 1622 1315 1669 Quod
1345 1621 1448 1659 enim
1480 1629 1518 1660 te

191 1687 397 1726 liberatum
433 1687 509 1724 iam
545 1686 840 1725 existimationis
877 1694 994 1733 metu,
1031 1687 1261 1724 defunctum
1302 1686 1518 1725 honoribus

191 1753 438 1803 designatum
471 1753 673 1791 consulem
705 1751 866 1802 cogites,
897 1751 991 1789 mihi
1022 1752 1149 1798 crede,
1186 1759 1417 1789 ornamenta
1445 1751 1518 1790 ista
1539 1763 1576 1795 25

189 1826 227 1857 ct
249 1817 441 1857 beneficia
470 1817 605 1868 populi
636 1816 806 1855 Romani
834 1830 914 1854 non
940 1816 1090 1855 minore
1117 1816 1276 1866 negotio
1302 1816 1518 1855 retinentur

189 1898 308 1934 quarn
330 1890 615 1933 comparantur.
669 1882 776 1920 Tulit
799 1883 895 1920 haec
917 1881 1052 1920 civitas
1073 1883 1206 1932 quoad
1227 1881 1364 1931 potuit,
1383 1882 1515 1931 quoad

189 1963 350 1988 necesse
371 1949 455 1996 fuit,
476 1947 619 1998 regiam
643 1947 755 1985 istam
777 1955 944 1985 vestram
966 1946 1279 1985 dominationem
1301 1946 1340 1984 in
1361 1946 1515 1985 iudiciis

188 2023 226 2054 et
254 2015 293 2053 in
320 2014 429 2053 omni
454 2028 494 2052 re
521 2013 689 2064 publica,
713 2012 824 2053 tulit:
854 2013 922 2050 sed
951 2025 1030 2062 quo
1059 2011 1124 2050 die
1151 2013 1299 2062 populo
1331 2013 1515 2050 Romano

189 2079 332 2118 tribuni
362 2079 465 2129 plebi
494 2077 657 2117 restituti
688 2085 789 2125 sunt,
819 2076 951 2115 onmia
981 2076 1054 2114 ista
1083 2076 1205 2123 vobis,
1237 2076 1267 2114 si
1294 2077 1390 2115 forte
1420 2089 1513 2114 non·
1533 2090 1575 2122 30

188 2145 284 2182 dum
325 2143 556 2193 intellegitis,
599 2143 784 2190 adempta
822 2148 940 2190 atque
980 2148 1112 2191 crepta
1151 2148 1253 2178 sunt.
1322 2139 1512 2180 Omnium

232 2250 251 2278 8
277 2248 391 2287 flagitii
408 2247 558 2287 RSpr
574 2260 579 2278 ι
606 2248 763 2286 flagitium
782 2249 797 2276 δ
922 2258 959 2278 10
983 2248 1046 2278 isto
1062 2247 1216 2278 absoluto
1234 2246 1290 2278 del.
1306 2246 1341 2284 J.
1356 2246 1392 2284 J.
1411 2245 1514 2276 Har!—

189 2303 268 2321 man
420 2302 457 2330 19
481 2302 603 2330 magno
621 2302 725 2330 opere
744 2291 817 2330 qu
833 2302 839 2320 :
865 2302 1069 2331 magnopere
1088 2291 1116 2322 S
1269 2300 1308 2328 25
1336 2291 1399 2320 ista
1416 2298 1513 2320 orna-

189 2341 300 2366 menta
314 2340 358 2376 pq
490 2346 531 2373 50
556 2335 644 2374 plebi
670 2335 752 2366 RS:
782 2336 832 2366 ι’ἷιῖ.
849 2341 892 2377 p:
918 2336 1026 2375 plebis
1044 2336 1059 2364 δ
1151 2345 1215 2365 non
1233 2333 1339 2364 intell.
1361 2345 1382 2363 π
