1715 2734
178 109 234 146 26

261 115 300 155 58
631 109 687 146 M.
718 108 888 146 TVLLI
918 108 1226 148 CICERONIS

315 218 390 257 Illa
428 233 521 258 vero
558 219 642 257 eius
680 218 877 269 cupiditas
920 218 1163 259 incredibilis
1196 226 1267 259 est.
1329 221 1433 258 Nam
1472 226 1515 258 ut
1553 218 1593 258 in

260 282 412 334 singula
450 284 663 331 conclavia,
705 298 807 334 quae
846 284 918 323 iste
956 298 1038 322 non
1077 286 1199 323 modo
1239 286 1394 323 Romae
1432 285 1503 323 Sed
1553 283 1593 322 in

258 349 444 388 omnibus
483 349 582 387 villis
621 341 751 397 habet,
781 349 952 387 tricenos
985 351 1108 388 lectos
1139 349 1290 399 optime
1322 356 1463 387 stratos
1501 361 1592 386 cum

257 414 396 453 ceteris
417 413 663 452 ornamentis
679 413 834 452 convivi
857 422 1071 464 quaereret,
1094 413 1261 452 nimium
1289 414 1413 452 multa
1436 426 1594 462 compa-

257 493 342 519 rare
360 479 583 527 videretur,
612 480 719 517 nulla
748 481 892 518 domus
913 478 952 516 in
974 479 1104 517 Sicilia
1124 480 1300 529 locuples
1330 477 1402 516 suit
1422 477 1490 516 ubi
1520 477 1592 516 iste

197 557 238 589 59
258 558 339 583 non
370 543 579 582 textrinum
609 543 829 582 instituerit.
891 543 1036 582 Mulier
1057 542 1149 596 [est]
1171 545 1383 594 Segestana
1412 542 1592 594 perdives

189 1265 231 1298 60

167 1659 230 1701 .27

186 2043 224 2075 61

257 616 294 648 et
329 608 484 655 nobilis,
519 608 657 647 Lamia
683 609 855 655 nomine,
888 622 957 658 per
990 608 1202 647 triennium
1229 608 1290 647 isti
1322 610 1438 658 plena
1469 609 1592 647 domo

255 675 420 712 telarum
460 674 670 723 stragulam
709 681 859 712 vestem
906 674 1089 720 confecit,
1130 673 1228 710 nihil
1268 673 1342 711 nisi
1381 673 1591 723 conchylio

254 739 421 777 tinctum
460 740 627 785 Attalus,
667 739 791 776 homo
828 736 1080 787 pecuniosus,
1120 736 1223 783 Neti,
1262 738 1367 787 Lyso
1399 737 1586 788 Lilybaei,

254 803 451 843 Critolaus
490 806 655 850 Aetnae,
696 802 895 852 Syracusis
934 802 1137 850 Aeschrio,
1179 803 1428 850 Cleomenes,
1459 804 1589 843 Theo-

254 876 442 915 mnastus,
485 868 626 907 Helori
676 867 1080 915 Archonidas,—dies
1129 881 1193 906 me
1240 867 1354 907 citius
1402 869 1588 908 defecerit

253 947 373 983 quam
411 933 584 972 nomina.
647 934 762 983 ‘Ipse
807 933 927 971 dabat
969 945 1193 983 purpuram,
1235 940 1387 971 tantum
1426 947 1587 984 operam

251 997 393 1036 amici.'
442 999 599 1045 Credo3
627 997 705 1036 iam
726 996 831 1036 enim
853 1011 934 1036 non
954 997 1050 1036 libet
1071 997 1205 1036 omnia
1224 997 1419 1036 criminari
1437 1013 1446 1046 ;
1476 998 1587 1048 quasi

252 1077 345 1102 vero
364 1065 440 1102 hoc
463 1063 559 1101 mihi
580 1077 660 1102 non
682 1063 774 1101 satis
795 1062 843 1101 sit
863 1063 914 1101 ad
936 1062 1095 1110 crimen,
1115 1062 1300 1101 habuisse
1316 1070 1396 1101 tarn
1418 1065 1586 1101 multum

252 1130 361 1179 quod
382 1130 502 1176 daret,
518 1128 688 1167 voluisse
708 1129 915 1178 deportare
930 1136 1009 1166 tam
1031 1129 1164 1174 multa,
1183 1129 1260 1166 hoc
1277 1127 1459 1178 denique,
1476 1129 1585 1178 quod

251 1194 451 1242 concedit,
465 1194 681 1233 amicorum
703 1193 831 1243 operis
846 1207 931 1232 esse
952 1193 991 1230 in
1012 1192 1176 1230 huiusce
1197 1192 1306 1231 modi
1320 1193 1435 1231 rebus
1456 1206 1582 1231 usum.

252 1260 338 1298 Iam
359 1272 452 1297 vero
472 1260 594 1297 lectos
615 1266 766 1296 aeratos
788 1266 826 1296 et
842 1258 1079 1296 candelabra
1099 1270 1222 1295 aenea
1242 1271 1337 1295 num
1355 1257 1417 1296 cui
1434 1265 1585 1308 praeter

250 1324 368 1363 istum
418 1323 617 1374 Syracusis
666 1338 735 1374 per
788 1323 1000 1362 triennium
1048 1323 1150 1360 facta
1197 1335 1282 1361 esse
1328 1322 1584 1361 existimatis?

253 1393 262 1410 ‘
278 1389 472 1428 Emebat.'
530 1390 688 1437 Credo3
719 1390 788 1427 sed
809 1396 962 1427 tantum
983 1401 1052 1427 vos
1080 1388 1275 1435 certiores,
1298 1388 1458 1435 iudices,
1482 1388 1584 1426 facio

249 1454 346 1505 quid
367 1455 439 1493 iste
460 1454 499 1492 in
521 1453 720 1504 provincia
741 1461 895 1504 praetor
925 1453 1060 1504 egerit,
1080 1467 1129 1492 ne
1159 1453 1221 1492 cui
1250 1455 1349 1492 forte
1374 1455 1583 1504 neglegens

249 1520 415 1558 nimium
455 1519 573 1557 fuisse
612 1519 789 1557 videatur
827 1532 957 1569 neque
996 1532 1037 1557 se
1071 1518 1174 1567 satis,
1216 1532 1307 1557 cum
1346 1526 1582 1569 potestatem

249 1585 439 1632 habuerit,
471 1584 697 1622 instruxisse
726 1592 764 1623 et
794 1598 963 1623 ornasse.

302 1650 432 1689 Venio
453 1663 558 1688 nunc
581 1663 660 1688 non
682 1649 758 1687 iam
779 1651 829 1688 ad
851 1651 1008 1697 furtum,
1026 1663 1107 1688 non
1123 1651 1174 1689 ad
1194 1649 1406 1697 avaritiam,
1430 1662 1510 1687 non
1530 1649 1582 1687 ad

247 1715 519 1766 cupiditatem,
540 1715 609 1752 sed
629 1715 680 1752 ad
702 1713 784 1752 eius
807 1714 915 1753 modi
936 1715 1086 1754 facinus
1107 1715 1147 1753 in
1169 1729 1248 1766 quo
1276 1715 1409 1754 omnia
1436 1713 1582 1753 nefaria

247 1781 438 1820 contineri
461 1780 556 1818 mihi
577 1787 696 1830 atque
716 1779 843 1818 inesse
856 1780 1063 1834 videantur
1077 1795 1088 1828 3
1116 1780 1155 1819 in
1178 1794 1257 1830 quo
1278 1780 1318 1819 di
1339 1779 1580 1818 immortales

246 1845 393 1894 violati,
414 1844 649 1884 existimatio
669 1852 787 1895 atque
811 1845 1022 1883 auctoritas
1049 1845 1221 1884 nominis
1243 1844 1380 1895 populi
1407 1843 1580 1882 Romani

247 1910 466 1958 imminuta,
507 1909 723 1959 hospitium
773 1909 984 1959 spoliatum
1031 1924 1078 1948 ac
1117 1910 1328 1960 proditum,
1369 1908 1580 1948 abalienati

247 1977 392 2014 scelere
424 1974 533 2013 istius
562 1988 585 2012 a
615 1973 730 2012 nobis
760 1987 899 2013 omnes
924 1987 1032 2024 reges
1058 1974 1296 2021 amicissimi,
1321 1974 1580 2023 nationesque

247 2054 348 2090 quae
372 2040 411 2078 in
439 2053 574 2078 eorum
604 2053 724 2090 regno
752 2053 798 2078 ac
822 2039 980 2079 dicione
1001 2048 1102 2079 sunt.
1162 2042 1266 2079 Nam
1294 2054 1402 2091 reges
1435 2039 1577 2090 Syriae,

1614 491 1631 522 5

1611 820 1650 843 10

1604 1470 1643 1492 20

1601 1795 1640 1827 25

246 2105 346 2155 regis
366 2104 554 2143 Antiochi
578 2104 676 2142 filios
699 2118 850 2154 pueros,
875 2105 980 2143 scitis
1008 2107 1161 2144 Romae
1188 2120 1312 2157 nuper
1335 2105 1481 2153 fuisse,
1510 2104 1577 2155 qui
1597 2119 1638 2152 30

289 2218 308 2247 3
334 2208 531 2247 trigeminos
549 2207 657 2237 illncll.
674 2207 765 2246 prob.
786 2207 1024 2247 Hirschfelder:
1050 2209 1156 2239 trinos
1175 2208 1280 2239 Halm
1453 2210 1474 2238 6
1492 2206 1575 2249 [est]

245 2252 359 2282 seclusi
376 2255 407 2291 k&
426 2253 468 2290 69
476 2255 484 2285 Χ)
619 2262 636 2290 7
661 2261 699 2280 ca
718 2261 778 2289 ροι-
794 2250 932 2285 Ernesti.
958 2252 1056 2289 Bake,
1075 2252 1166 2283 Nohl
1312 2262 1324 2281 1
1336 2262 1346 2281 1
1376 2251 1495 2283 Helori
1521 2251 1577 2281 Vr-

245 2296 359 2326 sinus:
387 2295 494 2325 Pelori
511 2293 600 2325 codd.
738 2304 773 2332 14
795 2305 876 2324 vero
892 2305 956 2325 om.
978 2295 1038 2334 Lg.
1058 2306 1099 2333 42
1246 2296 1284 2325 16
1308 2296 1406 2326 liuius
1423 2292 1581 2326 Zielinski

246 2338 282 2377 (i,
303 2340 318 2375 §
335 2338 394 2380 36)
540 2348 581 2376 24
605 2337 666 2368 sed
684 2337 726 2367 ad
738 2339 782 2377 pb
797 2350 803 2368 ς
828 2338 887 2368 sed
905 2337 1110 2378 RSH‚s0›—t.
1131 2343 1205 2369 recte
