1715 2734
168 98 434 137 ACTIONIS
467 99 527 136 IN
558 99 602 138 C.
626 100 866 137 VERREM
898 101 1194 140 SECVNDAE
1226 103 1327 139 LIB.
1353 103 1395 139 II
1457 112 1485 149 9
1508 115 1547 148 ²5

221 209 401 259 Accipite
439 209 555 246 aliam
594 209 634 246 in
674 208 824 248 minore
863 210 1030 260 pecunia
1069 224 1149 248 non
1189 211 1317 249 minus
1365 212 1488 261 impu-
1509 226 1548 256 25

167 274 327 311 dentem
359 273 606 311 calumniam.
667 274 856 324 Sosippus
891 282 929 312 et
961 274 1198 313 Philocrates
1232 277 1365 313 fratres
1399 284 1489 314 sunt

166 339 437 388 Agyrinenses.
499 341 655 377 Horum
688 347 797 388 pater
830 340 974 378 abhinc
1006 341 1086 378 duo
1120 348 1158 378 et
1190 352 1247 378 XX
1277 355 1401 379 annos
1431 348 1489 379 est

165 411 366 450 mortuus,
395 403 434 440 in
464 403 574 441 cuius
604 411 851 451 testamento,
874 406 1047 454 quodam
1073 406 1160 443 loco
1181 405 1210 442 si
1233 405 1487 443 commissum

127 481 143 513 5
165 468 259 517 quid
287 476 399 515 esset,
426 469 548 506 multa
575 476 655 506 erat
676 469 830 507 Veneri.
892 471 985 519 Ipso
1013 469 1226 508 vicensimo
1254 484 1370 517 anno,
1396 484 1486 508 cum

164 541 220 571 tot
253 533 398 571 interea
432 541 639 582 praetores,
673 541 730 571 tot
760 542 995 584 quaestores,
1031 542 1087 573 tot
1117 535 1417 573 calumniatores
1448 535 1486 572 in

164 598 363 648 provincia
390 598 562 645 fuissent,
594 599 788 637 hereditas
817 601 867 637 ab
895 600 953 638 his
985 600 1148 638 Veneris
1176 600 1336 638 nomine
1367 600 1487 650 petita

162 672 231 701 est.
292 664 461 703 Causam
496 665 636 702 Verres
671 665 881 714 cognoscit,
916 664 1124 714 pecuniam
1163 679 1231 714 per
1261 665 1486 703 Volcatium

160 728 312 778 accipit,
363 730 441 766 fere
487 730 537 766 ad
588 730 657 767 HS
706 741 805 767 cccc
853 729 972 776 milia,
1019 743 1041 766 a
1088 730 1244 768 duobus
1293 730 1483 769 fratribus.

105 809 142 830 10
163 795 380 832 Multorum
402 793 627 832 testimonia
647 794 808 832 audistis
829 803 954 832 antea.
1014 794 1202 833 Vicerunt
1223 795 1485 845 Agyrinenses

162 860 294 896 fratres
316 859 369 896 ita
389 866 431 896 ut
452 867 610 909 egentes
633 859 847 908 inanesque
870 860 1127 898 discederent.
1423 856 1427 858 i

214 927 266 961 At
287 925 391 962 enim
412 926 463 963 ad
480 927 640 963 Verrem
662 925 827 975 pecunia
849 925 920 963 ista
941 939 1020 963 non
1042 925 1226 975 pervenit.
1279 927 1391 974 Quae
1412 926 1485 965 ista

161 988 338 1027 defensio
359 991 446 1027 est?
476 997 604 1027 utrum
624 991 873 1028 adseveratur
894 990 933 1027 in
954 991 1029 1028 hoc
1050 1004 1099 1028 an
1122 993 1361 1040 temptatur?
1389 991 1484 1029 mihi

160 1053 264 1091 enim
282 1067 340 1092 res
362 1067 463 1091 nova
479 1061 547 1092 est.
588 1056 726 1092 Verres
747 1054 1068 1092 calumniatorem
1089 1055 1326 1105 adponebat,
1345 1057 1484 1094 Verres

104 1136 140 1167 15
158 1119 297 1156 adesse
318 1119 489 1165 iubebat,
505 1121 644 1157 Verres
666 1120 938 1169 cognoscebat,
958 1121 1097 1157 Verres
1119 1119 1316 1158 iudicabat
1332 1135 1341 1167 ς
1370 1134 1485 1170 pecu-

160 1184 247 1222 niae
286 1184 477 1222 maximae
515 1185 734 1232 dabantur,
771 1184 838 1234 qui
876 1185 1023 1222 dabant
1063 1198 1198 1222 causas
1237 1185 1482 1224 obtinebant.

161 1250 222 1286 Tu
266 1249 361 1286 mihi
407 1250 459 1287 ita
500 1251 699 1295 defendas,
744 1251 861 1287 ‘Non
905 1257 963 1287 est
1011 1249 1083 1287 ista
1123 1249 1233 1288 Verri
1281 1258 1484 1289 numerata

160 1314 375 1364 pecunia?'
432 1314 590 1353 Adiuvo
625 1322 687 1361 te3
726 1314 802 1352 mei
834 1327 994 1364 quoque
1026 1322 1143 1353 testes
1177 1314 1282 1353 idem
1322 1315 1482 1363 dicunt,-

161 1379 341 1417 Volcatio
371 1379 507 1417 dicunt
543 1392 627 1417 sese
657 1379 824 1418 dedisse.
886 1381 999 1428 Quae
1031 1379 1087 1417 vis
1117 1387 1197 1417 erat
1231 1379 1268 1417 in
1302 1381 1482 1419 Volcatio

101 1462 140 1482 20
160 1452 267 1482 tanta
314 1452 355 1481 ut
397 1446 467 1482 HS
515 1456 615 1482 CCCC
660 1444 767 1482 milia
814 1445 971 1483 duobus
1016 1444 1243 1483 hominibus
1286 1447 1482 1484 auferret?

159 1509 305 1559 Ecquis
340 1509 532 1555 Volcatio,
573 1509 603 1546 si
643 1523 711 1547 sua
751 1517 891 1559 sponte
931 1509 1108 1555 venisset,
1150 1523 1268 1547 unam
1309 1510 1479 1549 libellam

156 1575 358 1614 dedisset?
414 1574 557 1613 Veniat
586 1588 704 1619 nunc,
744 1574 983 1624 experiatur:
1024 1583 1128 1613 tecto
1158 1575 1317 1625 recipiet
1348 1589 1476 1614 nemo.

156 1642 208 1678 At
229 1654 302 1689 ego
321 1639 489 1689 amplius
515 1639 628 1678 dico:
661 1641 731 1678 Hs
758 1639 1104 1689 quadringentiens
1132 1639 1281 1690 cepisse
1304 1648 1340 1678 te
1360 1654 1480 1690 arguo

156 1712 292 1743 contra
318 1706 446 1754 leges;
479 1718 580 1754 nego
608 1704 677 1742 tibi
705 1704 777 1754 ipsi
805 1705 927 1742 ullum
957 1718 1164 1741 nummum
1193 1717 1277 1742 esse
1305 1718 1480 1742 numera-

97 1783 135 1814 ²5
157 1777 265 1817 tum3
299 1770 369 1807 sed
398 1783 487 1807 cum
512 1770 564 1806 ob
594 1776 660 1806 tua
689 1770 855 1815 decreta,
888 1769 940 1806 ob
970 1768 1109 1815 edicta,
1141 1769 1192 1806 ob
1223 1768 1395 1818 imperia,
1427 1770 1478 1808 ob

1503 910 1550 936 10

1505 961 1545 991 26

198 1887 216 1905 2
243 1876 452 1906 Philocrates
471 1875 539 1906 CO¹
559 1887 565 1905 :
592 1875 766 1914 Epicrates
785 1875 847 1905 rell.
970 1884 989 1913 3
1014 1874 1098 1904 duos
1115 1875 1131 1903 δ
1251 1882 1269 1911 5
1294 1873 1478 1903 vicensimo

156 1919 183 1950 C
199 1924 250 1958 (ut
266 1920 298 1955 ii,
323 1923 337 1957 ᾗ
354 1920 425 1958 185Ἶ
445 1931 451 1946 r
476 1920 638 1958 vigesimo
655 1920 696 1949 al.
760 1919 850 1958 ipsos
869 1928 913 1948 xx
930 1928 1037 1947 annos
1054 1918 1089 1947 bf>
1167 1918 1187 1946 6
1213 1917 1477 1956 intereaprell.:

158 1976 223 1996 om.
245 1964 303 1995 CO
434 1965 453 1993 8
478 1973 542 1993 non
561 1966 612 1992 est
630 1960 749 2001 COpbr
835 1960 977 1990 Causam
995 1970 1060 1992 om.
1079 1959 1150 1991 COl
1244 1962 1438 1993 Volcacium
1455 1966 1484 1991 et

164 2018 210 2047 19,
222 2018 259 2038 21
273 2007 429 2038 Volcacio
443 2006 574 2046 Stangl,
590 2004 952 2043 Pseudoasconianmp.
966 2005 1026 2033 186
1115 2014 1135 2042 9
1159 2005 1199 2034 ad
1211 2016 1275 2036 om.
1294 2004 1364 2035 COl
1421 2005 1482 2035 HS

159 2054 206 2084 {i
225 2051 270 2082 C:
296 2051 357 2081 HS
375 2061 420 2080 xx
441 2050 531 2080 milia
550 2048 593 2078 Ο1
694 2059 713 2077 a
732 2047 800 2077 CO¹
820 2058 826 2077 :
851 2048 891 2076 ab
904 2048 991 2086 vulg.
1138 2058 1176 2077 10
1200 2049 1393 2078 testimonia
1409 2048 1480 2079 CO¹

160 2097 199 2127 al.
217 2106 223 2125 :
248 2105 317 2125 -um
334 2093 423 2124 codd.
438 2093 516 2133 pler.
657 2102 693 2120 12
719 2091 781 2120 ista
802 2090 955 2120 defensio
974 2095 1026 2120 est
1039 2090 1158 2130 COpbk
1174 2102 1180 2121 z
1206 2096 1256 2121 est
1275 2091 1337 2122 ista
1349 2092 1413 2122 def.
1434 2091 1480 2121 ed.

160 2140 257 2170 Rom.
353 2148 390 2175 14
415 2147 468 2167 res
486 2146 572 2166 nova
589 2140 641 2165 est
659 2134 758 2173 COpb
774 2145 780 2163 2
806 2144 891 2163 nova
909 2144 962 2163 res
980 2139 1030 2164 est
1049 2134 1136 2173 vulg.
1208 2134 1482 2165 calumniatorem

163 2182 220 2214 CO
236 2193 243 2212 ε
268 2192 319 2211 -es
335 2180 422 2211 codd.
438 2181 531 2219 plen,
549 2179 626 2208 Asc.
768 2179 806 2206 16
830 2187 947 2206 causas
965 2177 1162 2207 obtinebant
1180 2177 1220 2206 πὸ
1238 2178 1278 2209 al.
1300 2177 1481 2217 (Zielinski,

156 2232 190 2267 p.
213 2226 286 2264 193)
304 2237 310 2255 :
335 2224 437 2254 obtin.
452 2232 570 2253 causas
585 2221 665 2259 (2⁴0¹,
683 2221 771 2261 prob.
789 2219 1010 2250 Luterbacher
1100 2230 1137 2256 19
1161 2220 1193 2249 in
1210 2219 1289 2260 COp
1304 2231 1310 2250 :
1337 2232 1401 2250 om.
1416 2221 1482 2252 rell.

163 2280 204 2300 20
228 2268 289 2299 HS
305 2277 383 2298 cccc
400 2266 490 2296 milia
506 2277 570 2296 om.
592 2264 663 2296 COl
798 2264 929 2294 duobus
945 2264 1032 2293 hom.
1054 2263 1151 2294 C²bk2
1178 2264 1276 2295 duob.
1294 2264 1483 2295 nominibus

165 2310 294 2351 C¹O¹pq
311 2314 346 2352 (a
363 2310 491 2341 duobus
508 2310 542 2339 al
566 2322 573 2348 ;
600 2310 619 2348 i,
642 2311 656 2345 ξ
677 2308 732 2348 86)
867 2317 908 2346 25
933 2307 974 2337 ob
992 2308 1102 2338 edicta
1119 2306 1213 2337 COlt
1237 2317 1302 2339 om.
1321 2307 1387 2338 nbd
