1715 2734
180 103 449 141 ACTIONIS
468 84 541 139 .IN
572 102 616 140 C.
640 102 881 139 VERREM
913 102 1212 139 SECVNDAE
1243 104 1346 140 LIB.
1370 104 1389 141 I
1427 112 1486 150 40
1510 120 1570 150 103

160 225 280 268 atque
298 215 468 264 effugere
488 226 568 251 non
589 212 749 263 possim.
810 212 928 251 Multi
944 212 1049 251 enim
1071 212 1123 251 ita
1143 213 1287 259 dicent,
1314 217 1322 233 ‘
1336 215 1398 252 De
1419 214 1485 252 illo

160 282 256 322 nihil
285 279 383 319 dixit
411 278 452 316 in
481 292 561 328 quo
590 292 663 328 ego
690 278 872 325 interfui,
900 278 1005 316 illam
1031 277 1210 316 iniuriam
1245 292 1326 316 non
1360 279 1486 329 attigit

159 361 261 398 quae
290 343 385 383 mihi
415 350 481 382 aut
511 357 612 393 quae
640 343 770 381 amico
800 357 890 382 meo
924 345 1026 381 facta
1058 350 1127 389 est,
1160 342 1303 392 quibus
1338 357 1411 393 ego
1446 343 1485 380 in

159 413 275 451 rebus
295 409 450 448 interfui
464 411 482 446 '.
534 408 610 446 His
632 408 817 446 omnibus
836 408 903 458 qui
925 408 1033 446 istius
1055 407 1211 445 iniurias
1232 416 1387 454 norunt,
1410 410 1485 446 hoc

121 491 138 521 5
158 484 217 515 est
250 476 399 526 populo
434 475 621 511 Romano
654 473 846 519 universo,
880 487 942 511 me
973 474 1225 511 vehementer
1258 481 1484 511 excusatum

159 543 249 579 volo
277 553 357 578 non
387 537 633 588 neglegentia
669 551 756 575 mea
786 539 866 575 fore
901 545 941 575 ut
973 539 1094 575 multa
1123 545 1375 587 praeteream,
1416 539 1485 576 sed

159 607 267 657 quod
304 604 380 643 alia
417 602 583 642 testibus
621 603 770 653 integra
809 602 992 641 reservari
1027 603 1157 647 velim,
1192 604 1316 641 multa
1353 611 1483 641 autem

158 678 316 722 propter
354 668 545 706 rationem
592 667 790 706 brevitatis
829 681 875 705 ac
915 667 1100 716 temporis
1140 668 1487 717 praetermittenda

158 734 386 774 existimem.
448 733 617 770 Fatebor
647 732 764 770 etiam
795 732 891 769 illud
923 731 1076 778 invitus,
1107 746 1170 770 me
1200 745 1370 782 prorsus,
1394 746 1485 770 cum

98 817 140 839 10
158 800 229 838 iste
259 806 449 849 punctum
481 796 667 846 temporis
697 798 849 834 nullum
883 810 1049 834 vacuum
1084 804 1247 846 peccato
1278 797 1486 847 praeterire

157 878 295 916 passus
315 864 374 910 sit,
401 862 535 901 omnia
555 876 656 911 quae
685 863 735 899 ab
757 861 831 899 isto
861 861 1073 899 commissa
1103 861 1179 899 sint
1200 875 1281 900 non
1311 856 1485 911 potuisse

157 942 405 979 cognoscere.
465 928 717 976 Quapropter
748 926 801 964 ita
835 940 898 964 nie
930 927 980 964 de
1015 934 1216 976 praeturae
1255 926 1485 965 criminibus

156 993 333 1032 auditote
359 1000 402 1030 ut
428 1006 475 1030 ex
501 999 666 1040 utroque
694 1004 846 1040 genere,
871 998 908 1028 et
934 990 1025 1028 iuris
1053 990 1212 1029 dicendi
1233 998 1271 1028 et
1291 998 1483 1030 sartorum

157 1067 349 1097 tectorum
383 1057 676 1107 exigendorum,
710 1070 756 1094 ea
790 1056 996 1106 postuletis
1030 1069 1131 1105 quae
1166 1055 1334 1094 maxime
1366 1056 1486 1107 digna

99 1138 134 1169 15
156 1124 233 1161 sint
262 1137 310 1161 eo
340 1136 407 1160 reo
435 1121 498 1159 cui
529 1134 691 1171 parvum
723 1135 769 1159 ac
801 1121 999 1159 mediocre
1029 1120 1134 1158 obici
1164 1120 1261 1158 nihil
1292 1129 1481 1170 oporteat.

156 1190 261 1226 Nam
281 1195 324 1226 ut
352 1194 506 1237 praetor
533 1188 658 1224 factus
689 1194 761 1234 est,
782 1186 849 1236 qui
878 1186 1081 1236 auspicato
1110 1200 1133 1223 a
1154 1186 1377 1225 Chelidone
1407 1201 1485 1226 sur-
1508 1204 1568 1235 ¹04

155 1253 324 1300 rexisset,
347 1260 491 1291 sortem
513 1260 651 1290 nactus
672 1259 730 1290 est
755 1252 927 1289 urbanae
955 1251 1178 1301 provinciae
1200 1251 1322 1302 magis
1344 1266 1390 1290 ex
1415 1266 1485 1291 sua

156 1317 467 1367 Chelidonisque
499 1330 618 1366 quam
657 1331 703 1354 ex
742 1316 877 1366 populi
918 1316 1090 1353 Romani
1130 1318 1341 1355 voluntate.
1403 1318 1483 1366 Qui

154 1382 347 1434 principio
368 1382 492 1432 qualis
513 1382 552 1420 in
575 1382 706 1420 edicto
727 1382 1007 1420 constituendo
1029 1381 1142 1419 fuerit
1163 1382 1398 1431 cognoscite.

95 1461 135 1483 20
209 1450 252 1487 P.
287 1448 442 1487 Annius
477 1449 632 1486 Asellus
665 1455 840 1485 mortuus
875 1455 933 1485 est
967 1448 1010 1486 C.
1049 1448 1260 1485 Sacerdote
1292 1455 1480 1497 praetore.
1502 1456 1551 1493 41

161 1517 200 1553 Is
234 1529 324 1553 cum
357 1514 517 1552 haberet
551 1513 708 1551 unicam
741 1511 860 1550 filiam
894 1525 1022 1560 neque
1052 1524 1192 1549 census
1228 1518 1340 1557 esset,
1375 1512 1483 1559 quod

159 1594 249 1619 eum
270 1588 406 1618 natura
428 1580 664 1625 hortabatur,
688 1580 748 1617 lex
774 1579 881 1615 nulla
908 1576 1152 1627 prohibebat,
1177 1576 1267 1614 fecit
1294 1584 1336 1613 ut
1363 1575 1484 1613 filiam

156 1646 271 1685 bonis
300 1644 378 1683 suis
408 1644 594 1681 heredem
625 1642 854 1680 institueret.
916 1644 1045 1680 Heres
1085 1649 1166 1679 erat
1204 1641 1292 1678 filia.
1354 1641 1485 1680 Facie-

155 1711 251 1749 bant
285 1708 417 1748 onmia
455 1721 546 1745 cum
586 1706 744 1756 pupilla,
778 1705 873 1756 legis
912 1705 1099 1754 aequitas,
1133 1706 1313 1743 voluntas
1352 1705 1482 1755 patris,

98 1787 134 1818 25
156 1775 285 1813 edicta
305 1781 542 1824 praetorum,
562 1773 811 1810 consuetudo
836 1771 927 1809 iuris
948 1771 1031 1809 eius
1053 1772 1160 1820 quod
1182 1778 1262 1809 erat
1289 1778 1370 1808 tum
1392 1784 1482 1809 cum

156 1841 311 1878 Asellus
358 1846 415 1877 est
463 1845 650 1876 mortuus.
725 1838 804 1875 Iste
849 1844 1003 1886 praetor
1050 1836 1481 1885 designatus-utrum
1507 1850 1564 1880 105

154 1904 379 1943 admonitus
409 1918 459 1941 an
489 1910 701 1953 temptatus
727 1916 788 1948 an,
812 1915 890 1951 qua
918 1909 975 1939 est
1005 1901 1087 1951 ipse
1118 1901 1325 1950 sagacitate
1354 1900 1393 1938 in
1423 1901 1483 1939 his

155 1970 281 2016 rebus,
304 1969 388 2007 sine
408 1970 510 2007 duce
531 1970 622 2014 ullo,
646 1967 729 2006 sine
750 1966 880 2005 indice
905 1966 1123 2015 pervenerit
1145 1967 1195 2004 ad
1218 1967 1319 2003 hanc
1340 1965 1483 2015 impro-

197 2083 215 2111 3
241 2078 297 2103 aut
313 2084 380 2104 om.
405 2071 472 2102 LK
566 2073 599 2102 in
618 2083 681 2104 om.
703 2070 781 2110 GlK
915 2080 933 2107 4
960 2069 998 2099 iis
1013 2069 1075 2099 SD
1207 2070 1227 2099 8
1251 2069 1340 2098 brev.
1362 2073 1422 2098 rat.
1442 2067 1481 2108 G1

158 2127 195 2154 13
219 2116 384 2156 eprsc.
401 2116 501 2147 Prisc.
516 2118 532 2146 δ
550 2128 556 2147 :
580 2128 646 2147 om.
665 2115 759 2145 SDW
905 2113 1039 2143 dicendi
1057 2112 1142 2152 SDp
1163 2111 1262 2142 Prisc.
1282 2123 1288 2141 t
1315 2112 1449 2142 dicundi
1466 2114 1483 2142 δ

159 2169 195 2198 15
220 2165 277 2190 aut
294 2160 394 2191 Przicc.
530 2160 611 2190 nihil
629 2162 783 2199 oporteat
803 2155 951 2196 DpZS²z
988 2156 1092 2186 nihilo
1119 2160 1251 2195 poterat
1269 2154 1311 2185 5¹
1333 2156 1371 2192 (i,
1392 2159 1405 2191 ξ
1427 2158 1481 2193 75)

155 2225 198 2244 20
221 2215 258 2244 C.
278 2214 412 2262 Annius
431 2214 518 2245 codd.
538 2226 544 2244 :
567 2225 647 2244 corr.
664 2212 853 2252 Naugerius
871 2211 906 2247 ii,
929 2213 943 2246 ,δ
966 2220 1043 2248 107:
1072 2211 1103 2245 ii,
1127 2213 1140 2240 5
1161 2212 1216 2243 215·
1325 2229 1331 2235 .
1347 2205 1408 2248 ρ-Ιῖ
1423 2229 1429 2235 .
1448 2209 1483 2239 D

155 2280 245 2307 corr„
267 2269 330 2299 Zr:
355 2267 406 2308 p'r
418 2274 463 2308 p:
489 2288 495 2294 -
509 2279 530 2307 p
543 2287 549 2293 -
562 2265 594 2298 T}
612 2268 675 2298 SD
688 2268 796 2307 primo
893 2275 933 2294 22
959 2274 1032 2293 eum
1049 2263 1236 2302 SDKZpr:
1262 2274 1336 2293 curn
1349 2274 1387 2302 q:
1414 2274 1478 2293 om.

155 2312 173 2341 b
189 2312 257 2344 edd.
370 2323 410 2350 23
434 2313 546 2342 omnia
562 2312 727 2342 faciebant
744 2321 783 2349 qr
890 2318 930 2344 24
956 2306 1067 2346 puella
1084 2306 1185 2336 Prisc.
1271 2307 1356 2345 legis
1373 2306 1459 2346 SDp
1474 2317 1480 2336 ι

156 2356 250 2395 leges
279 2355 378 2386 Prisc.
561 2357 603 2385 26
627 2359 777 2385 mortuus
801 2356 855 2382 est
879 2350 933 2380 Kr
1098 2359 1136 2387 27
1161 2360 1203 2379 an
1228 2354 1412 2389 temptatus
1435 2355 1479 2384 p:

156 2403 358 2438 atemptatus
383 2399 473 2437 (attst¹
499 2398 592 2428 SDq]
683 2399 755 2437 ipse
773 2395 889 2434 Spr
907 2405 913 2423 :
937 2394 1002 2423 iste
1018 2393 1054 2423 b‘o‘
