1715 2734
398 107 459 145 IN
490 107 533 145 C.
564 107 806 144 VERREM
836 107 1011 145 ACTIO
1042 107 1225 143 PRIMA
1429 115 1471 153 17
1491 122 1533 153 50

147 216 304 254 hercule
323 214 419 252 mihi
439 214 544 265 prius
565 228 684 264 quam
704 214 783 252 vim
803 213 1212 264 perseverantiamque
1238 215 1289 252 ad
1316 214 1471 253 illorum

146 279 435 330 improbitatem
458 280 772 329 persequendam
795 280 1028 317 defuturam.

198 346 345 381 Verum
373 345 481 393 quod
511 357 583 392 ego
613 344 812 382 laboribus
841 343 1022 393 periculis
1052 343 1345 394 inimicitiisque
1374 344 1471 382 rneis
1491 356 1528 387 51

146 416 228 446 tum
258 422 348 446 cum
378 408 595 446 admissum
627 408 697 447 erit
724 410 898 447 dedecus
926 422 1058 446 severe
1086 422 1149 446 me
1176 404 1471 458 persecuturum

109 488 126 518 5
145 485 230 510 esse
261 473 458 522 polliceor,
491 472 531 511 id
566 487 615 511 ne
644 474 797 511 accidat
827 482 869 511 tu
900 481 966 511 tua
996 473 1236 520 auctoritate,
1270 474 1469 524 sapientia,

144 537 354 586 diligentia,
389 539 455 576 M'.
490 538 662 586 Glabrio,
695 547 808 588 potes
842 538 1057 588 providere.
1117 539 1279 589 Suscipe
1313 552 1471 576 causam

145 601 404 650 iudiciorum3
447 603 602 653 suscipe
637 617 795 642 causam
831 604 1055 651 severitatis,
1092 603 1332 653 integritatis,
1367 602 1472 650 fidei,

145 666 363 715 religionis3
402 668 556 718 suscipe
586 682 744 706 causam
776 677 945 715 senatus,
976 677 1017 707 ut
1047 669 1077 707 is
1107 670 1183 707 hoc
1212 667 1358 706 iudicio
1388 681 1473 717 pro-

146 732 259 769 batus
292 746 382 770 cum
416 736 564 783 populo
598 736 782 773 Romano
811 743 849 773 et
880 735 918 772 in
951 736 1068 773 laude
1097 742 1134 772 et
1165 734 1204 771 in
1237 733 1358 783 gratia
1387 747 1472 771 esse

89 814 127 835 10
145 796 278 846 possit.
337 798 487 847 Cogita,
520 812 600 848 quo
635 802 723 837 1000
753 800 814 846 sis,
847 800 943 850 quid
973 801 1065 838 dare
1095 800 1243 849 populo
1274 800 1470 844 Romano,

145 861 241 910 quid
262 863 425 901 reddere
447 864 658 903 maioribus
684 865 759 903 tuis
780 865 927 903 debeas
944 880 954 913 3
987 866 1046 903 fac
1073 864 1145 902 tibi
1172 872 1357 914 paternae
1377 856 1472 913 legis

144 926 294 965 Aciliae
324 928 453 967 veniat
483 929 522 967 in
553 938 738 977 mentem,
765 944 843 980 qua
872 932 956 980 lege
986 931 1155 980 populus
1187 931 1392 967 Romanus
1421 929 1473 966 de

143 993 320 1042 pecuniis
350 996 577 1043 repetundis
607 996 767 1046 optimis
794 995 948 1034 iudiciis
975 995 1308 1044 severissimisque
1338 993 1473 1032 iudici-

143 1058 217 1095 bus
252 1072 343 1096 usus
375 1068 443 1097 est.
504 1060 770 1099 Circumstant
803 1068 842 1099 te
873 1074 1051 1098 summae
1079 1060 1340 1105 auctoritates,
1371 1072 1471 1108 quae
1492 1073 1530 1104 52

88 1135 123 1167 15
143 1130 181 1160 te
211 1123 387 1162 oblivisci
423 1125 549 1163 laudis
579 1126 821 1164 domesticae
857 1140 937 1164 non
965 1126 1105 1172 sinant,
1137 1139 1237 1175 quae
1267 1132 1305 1162 te
1335 1132 1471 1162 noctes

143 1188 307 1238 diesque
345 1199 627 1229 commoneant
666 1191 920 1229 fortissimum
959 1190 1030 1229 tibi
1069 1197 1231 1240 patrem,
1271 1188 1472 1239 sapientis-

144 1254 286 1292 simum
334 1269 466 1303 avum,
512 1257 783 1306 gravissimum
834 1270 1013 1295 socerum
1057 1255 1186 1293 fuisse.
1260 1256 1393 1303 Quare
1441 1253 1472 1291 si

145 1319 368 1358 Glabrionis
395 1321 513 1371 patris
537 1322 614 1359 vim
635 1329 673 1360 et
694 1321 948 1360 acrimoniam
970 1320 1119 1371 ceperis
1139 1321 1190 1358 ad
1212 1319 1471 1357 resistendum

144 1384 370 1423 hominibus
405 1386 688 1433 audacissimis,
723 1387 753 1424 si
792 1386 853 1424 avi
888 1387 1100 1424 Scaevolae
1138 1384 1387 1435 prudentiam
1421 1385 1472 1422 ad

85 1465 126 1486 20
144 1449 438 1499 prospiciendas
468 1451 628 1489 insidias
650 1465 752 1501 quae
781 1459 870 1489 tuae
901 1459 1017 1500 atque
1048 1452 1187 1487 horum
1216 1451 1342 1487 famae
1369 1462 1473 1487 com—

144 1522 336 1563 parantur,
374 1515 405 1553 si
440 1516 564 1554 soceri
599 1517 733 1555 Scauri
768 1516 1044 1559 constantiam,
1078 1523 1120 1552 ut
1152 1528 1201 1552 ne
1232 1513 1320 1563 quis
1354 1521 1392 1551 te
1422 1515 1472 1552 de

143 1593 232 1617 vera
258 1587 296 1617 et
326 1588 429 1618 certa
460 1581 582 1631 possit
610 1582 804 1620 sententia
831 1583 1052 1626 demovere,
1075 1580 1273 1629 intelleget
1303 1580 1472 1629 populus

145 1646 349 1683 Romanus
398 1646 647 1696 integerrimo
694 1655 813 1696 atque
862 1645 1139 1684 honestissimo
1188 1651 1364 1694 praetore
1409 1645 1473 1681 de<

143 1710 325 1760 lectoque
346 1711 512 1750 consilio
542 1712 701 1750 nocenti
732 1725 798 1750 reo
830 1711 1141 1761 magnitudinem
1169 1709 1360 1759 pecuniae
1385 1710 1472 1758 plus

83 1786 122 1818 25
143 1774 328 1812 habuisse
380 1775 570 1814 momenti
617 1777 668 1814 ad
720 1776 985 1826 suspicionem
1034 1774 1206 1813 criminis
1254 1787 1372 1824 quam
1420 1775 1471 1811 ad

142 1838 332 1876 rationem
363 1840 507 1878 salutis.

197 1903 298 1941 Mihi
320 1912 469 1942 certum
490 1912 548 1943 est
569 1918 648 1943 non
670 1905 917 1943 committere
945 1912 986 1942 ut
1013 1904 1053 1942 in
1080 1905 1154 1942 hac
1175 1916 1292 1941 causa
1316 1910 1468 1953 praetor

141 1968 256 2006 nobis
277 1969 566 2019 consiliumque
587 1978 768 2008 mutetur.
829 1972 921 2008 Non
947 1970 1070 2020 patiar
1090 1983 1171 2007 rem
1193 1969 1232 2006 in
1253 1968 1292 2006 id
1314 1976 1469 2018 tempus

141 2032 286 2071 adduci
321 2041 362 2071 ut
392 2047 491 2084 quos
525 2036 656 2073 adhuc
691 2034 789 2073 servi
821 2034 1115 2084 designatorum
1149 2034 1356 2071 consulum
1389 2046 1468 2070 non

81 2112 123 2143 30
141 2106 358 2145 moverunt,
396 2112 485 2136 cum
521 2113 588 2137 eos
623 2113 727 2138 novo
762 2101 942 2149 exemplo
981 2100 1183 2137 universos
1216 2105 1466 2143 arcesserent,

141 2176 208 2200 eos
247 2170 331 2200 tum
371 2163 525 2202 lictores
565 2166 773 2202 consulum
809 2172 979 2211 vocent,
1027 2172 1068 2201 ut
1108 2163 1289 2201 homines
1325 2162 1465 2208 miseri,

1487 1876 1531 1912 18

1490 1946 1531 1977 53

184 2276 201 2303 7
226 2267 377 2297 veritatis
394 2268 474 2298 coni.
494 2267 607 2298 Baiter
621 2267 653 2305 (ξ
680 2278 740 2306 43:
766 2268 789 2297 ii
809 2271 823 2305 ξ
842 2268 879 2307 4)
1056 2278 1093 2297 10
1117 2277 1183 2307 quo
1201 2267 1276 2297 loco
1293 2267 1341 2297 sis
1357 2265 1444 2296 codd.
1460 2278 1467 2296 ε

139 2310 196 2346 qui
223 2310 270 2339 sis
296 2321 362 2349 quo
389 2311 462 2341 loco
491 2312 538 2342 sis
565 2311 635 2342 edd.
658 2315 736 2351 post
757 2311 967 2352 Naugerium
1118 2321 1155 2350 15
1181 2316 1298 2340 noctes
1326 2311 1466 2348 diesque

139 2351 222 2383 DW:
249 2354 321 2383 dies
335 2359 519 2393 noctesque
531 2356 574 2394 p&
700 2364 743 2394 29
766 2360 802 2385 ut
819 2355 924 2385 Siculi
943 2365 1026 2394 quos
1044 2353 1131 2385 codd.
1151 2366 1158 2384 z
1183 2354 1287 2385 Siculi
1305 2354 1372 2384 secl.
1393 2352 1458 2383 edd

138 2400 220 2426 auct.
240 2395 367 2436 Madv.‚
387 2408 443 2438 ego
460 2398 561 2429 delevi
