1715 2734
137 116 179 144 12
201 123 242 153 30
565 107 622 143 M.
654 105 825 142 TVLLI
856 102 1164 144 CICERONJS

135 688 169 718 31

197 217 372 257 libidinis
393 231 478 257 esse
499 225 642 268 posset.
704 218 798 255 Huc
819 228 957 255 omnes
979 214 1175 269 mulieres,
1195 212 1432 264 quibuscum
1460 211 1532 250 iste

197 291 416 331 consuerat,
453 283 756 329 conveniebant,
797 294 963 332 quarum
1002 279 1233 319 incredibile
1280 286 1338 317 est
1385 285 1531 328 quanta

198 348 412 387 multitudo
441 348 555 388 fuerit
583 347 811 398 Syracusis3
840 348 917 385 huc
950 345 1131 385 homines
1162 343 1269 395 digni
1302 342 1413 381 istius
1439 341 1532 380 ami-

197 414 298 461 citia,
332 413 441 464 digni
485 414 563 452 vita
597 413 662 451 illa
700 412 969 462 conviviisque
1003 411 1225 449 veniebant.
1301 411 1410 447 Inter
1448 408 1531 447 eius

197 478 306 518 modi
340 479 443 517 viros
477 486 515 517 et
547 478 729 516 mulieres
761 479 896 516 adulta
926 484 1054 515 aetate
1087 476 1189 514 filius
1224 475 1461 521 versabatur,
1489 481 1531 512 ut
1550 486 1567 519 5

196 558 299 592 eum,
327 543 478 582 etiamsi
506 551 643 582 natura
673 557 695 581 a
720 542 891 592 parentis
922 541 1178 580 similitudine
1208 540 1416 591 abriperet,
1441 552 1532 578 con-

196 611 366 648 suetudo
401 617 533 647 tamen
567 623 613 647 ac
645 608 854 658 disciplina
891 607 1009 658 patris
1042 607 1209 645 similem
1243 619 1327 644 esse
1362 612 1528 654 cogeret.

198 676 292 712 Huc
306 673 439 712 Tertia
456 673 520 712 illa
541 675 732 724 perducta
752 687 820 723 per
836 674 973 711 dolum
991 680 1110 722 atque
1126 671 1288 710 insidias
1302 671 1353 709 ab
1370 670 1532 709 Rhodio

196 739 357 778 tibicine
373 738 561 777 maximas
582 739 621 777 in
644 739 754 777 istius
771 739 905 777 castris
919 738 1095 777 effecisse
1116 737 1257 776 dicitur
1279 737 1422 784 turbas,
1439 750 1530 775 cum

197 804 357 854 indigne
378 811 575 855 pateretur
596 818 691 843 uxor
706 804 933 844 Cleomenis
948 803 1190 854 Syracusani,
1210 803 1352 841 nobilis
1379 803 1527 850 mulier,
1554 816 1589 837 10

197 870 371 921 itemque
393 885 488 909 uxor
509 870 775 916 Aeschrionis,
799 871 968 908 honesto
990 871 1078 907 loco
1099 877 1201 915 nata,
1225 868 1263 905 in
1291 876 1531 906 conventum

196 950 310 974 suum
346 937 456 975 mimi
488 936 629 975 Isidori
661 935 781 974 filiam
811 935 974 974 venisse.
1036 936 1115 972 Iste
1146 942 1278 972 autem
1314 934 1529 981 Hannibal,

196 1002 262 1052 qui
296 1001 335 1040 in
368 1002 448 1041 suis
473 1001 609 1040 castris
637 1001 778 1039 virtute
803 1008 957 1051 putaret
977 1007 1158 1050 oportere
1179 1013 1259 1038 non
1284 1012 1426 1049 genere
1453 1012 1531 1037 cer—

196 1067 278 1115 tari,
310 1067 365 1106 sic
396 1069 498 1106 hanc
527 1066 703 1105 Tertiam
734 1066 869 1105 dilexit
899 1073 941 1104 ut
971 1079 1058 1104 eam
1088 1078 1223 1103 secum
1253 1079 1300 1103 ex
1330 1064 1531 1114 provincia

133 1141 175 1178 13
195 1134 428 1183 deportaret.
490 1135 549 1172 Ac
570 1146 639 1183 per
659 1146 727 1171 eos
755 1131 851 1179 dies,
874 1145 965 1170 cum
987 1131 1060 1170 iste
1080 1144 1171 1169 cum
1194 1130 1312 1180 pallio
1334 1144 1529 1180 purpureo
1553 1145 1587 1177 15

133 1736 172 1768 32

194 1198 384 1249 talarique
418 1199 553 1238 tunica
586 1205 803 1237 versaretur
836 1197 875 1236 in
910 1197 1099 1236 conviviis
1139 1196 1408 1243 muliebribus,
1448 1209 1529 1234 non

194 1265 498 1303 offendebantur
529 1263 711 1302 homines
750 1276 880 1313 neque
919 1264 1084 1301 moleste
1123 1262 1299 1300 ferebant
1330 1262 1469 1300 abesse
1507 1275 1530 1299 a

194 1330 278 1367 foro
312 1329 593 1379 magistratum,
627 1342 708 1367 non
740 1328 799 1366 ius
834 1327 924 1375 dici,
955 1341 1035 1366 non
1069 1327 1213 1366 iudicia
1246 1327 1356 1375 fieri3
1397 1330 1527 1366 locum

194 1394 303 1432 illum
334 1395 455 1433 litoris
485 1407 714 1444 percrepare
739 1400 866 1431 totum
898 1393 1105 1431 mulierum
1136 1392 1300 1431 vocibus
1329 1400 1529 1442 cantuque

194 1460 464 1510 symphoniae,
505 1460 544 1498 in
584 1461 669 1498 foro
706 1459 905 1498 silentium
949 1472 1034 1497 esse
1073 1472 1272 1497 summum
1321 1473 1528 1498 causarum
1548 1474 1588 1496 20

193 1534 312 1576 atque
343 1526 446 1573 iuris,
474 1539 554 1564 non
585 1526 762 1564 ferebant
792 1526 973 1563 homines
1007 1526 1196 1572 molesteg
1226 1537 1308 1562 non
1338 1524 1443 1563 enim
1469 1524 1528 1562 ius

193 1591 332 1629 abesse
360 1591 567 1630 videbatur
595 1605 618 1629 a
639 1592 722 1629 foro
744 1604 873 1640 neque
894 1589 1050 1637 iudicia,
1073 1591 1142 1628 sed
1171 1589 1227 1628 vis
1256 1598 1293 1628 et
1319 1590 1528 1629 crudelitas

194 1664 231 1695 et
253 1658 450 1695 bonorum
469 1656 611 1695 acerba
631 1664 669 1694 et
690 1655 851 1706 indigna
872 1655 1049 1706 direptio.

250 1724 372 1761 Hunc
407 1730 449 1761 tu
480 1722 596 1773 igitur
633 1722 909 1772 imperatorem
949 1735 1034 1760 esse
1073 1722 1266 1770 defendis,
1304 1721 1528 1761 Hortensi?

193 1788 309 1826 huius
337 1789 449 1835 furta,
476 1788 642 1838 rapinas,
669 1787 939 1838 cupiditatem,
971 1788 1256 1835 crudelitatem,
1289 1788 1525 1839 superbiam,
1546 1800 1583 1833 25

194 1855 333 1901 scelus,
364 1853 572 1892 audaciam
604 1867 729 1891 rerum
760 1862 956 1903 gestarum
996 1854 1268 1904 magnitudine
1307 1863 1426 1905 atque
1460 1855 1528 1893 im-

195 1918 396 1969 peratoriis
417 1918 601 1957 laudibus
623 1927 750 1968 tegere
767 1919 950 1958 conaris?
1010 1919 1091 1958 Hic
1108 1920 1256 1959 scilicet
1276 1928 1334 1959 est
1356 1928 1530 1960 metuen-

196 1985 292 2022 dum
322 1998 372 2022 ne
400 1986 452 2023 ad
482 1984 628 2022 exitum
659 1984 901 2023 defensionis
931 1993 1021 2024 tuae
1053 1992 1163 2024 vetus
1198 1985 1263 2024 illa
1302 1987 1529 2025 Antoniana

196 2049 355 2088 dicendi
377 2049 474 2088 ratio
494 2057 613 2100 atque
629 2050 840 2088 auctoritas
862 2052 1088 2100 proferatur,
1104 2064 1153 2089 ne
1170 2051 1359 2090 excitetur
1376 2053 1527 2098 Verres,

197 2129 246 2154 ne
284 2116 508 2154 denudetur
539 2129 562 2153 a
596 2123 765 2165 pectore,
800 2129 849 2154 ne
884 2115 1083 2155 cicatrices
1116 2118 1285 2166 populus
1323 2119 1528 2156 Romanus
1548 2132 1587 2163 30

242 2220 262 2248 8
285 2219 326 2249 ab
346 2219 483 2249 Rhodio
500 2219 637 2249 tibicine
654 2222 682 2248 et
701 2229 737 2248 12
764 2218 884 2251 Isidori
902 2220 971 2250 secl.
993 2219 1144 2250 Heraeus
1280 2231 1316 2260 15
1342 2221 1528 2260 deportarit

198 2261 306 2292 Halm
420 2264 457 2293 16
481 2263 643 2301 talarique
660 2262 872 2302 Naugerius:
898 2265 1038 2303 parique
1057 2263 1118 2294 RS
1135 2264 1199 2294 rell.
1312 2274 1348 2304 17
1374 2265 1529 2295 homines

199 2306 233 2335 in
258 2316 297 2336 eo
318 2307 360 2345 ρδ
386 2306 542 2346 (Nonius,
564 2311 598 2345 p.
625 2306 704 2345 358)
818 2317 836 2336 a
862 2307 934 2337 foro
958 2306 1043 2346 SDq
1068 2308 1133 2337 al.:
1175 2307 1246 2337 soro
1271 2307 1346 2348 Rpk
1487 2308 1530 2338 26

199 2349 424 2388 imperatoriis
442 2360 520 2380 corr.
537 2360 578 2390 qr
594 2361 599 2380 :
627 2350 840 2388 imperatoris
860 2350 892 2380 R
908 2362 914 2380 ;
940 2351 1201 2389 imperatoribus
1213 2351 1276 2390 prk
