1715 2734
6 304 9 317 -
5 276 10 294 ..-
7 265 9 269 .
4 157 11 258 -Λψ
3 101 11 155 ι-ιι,

10 1078 15 1109 ,Ἶ-
9 1049 12 1067 -
9 999 15 1040 -μψ-
8 832 14 991 -κν-..ν-ρη-
0 630 13 817 -Ᾰ.--κ’,.-.,-ᾼ-
7 554 11 620 -Ᾰ--
6 468 13 546 -.-,,.-,
5 333 13 461 1-——<·-=-··--

398 420 467 467 M.
512 420 728 466 TVLLI
782 418 1180 466 CICERONIS

197 533 632 587 ACTIONIS
703 533 804 586 IN
872 533 935 587 C.
995 531 1383 585 VERREM

543 624 1037 678 SECVNDAE

556 742 726 780 LIBER
766 743 1026 790 QVARTVS

313 846 422 899 QVI
467 843 877 886 INSCRIBITVR
918 845 1004 884 DE
1047 844 1259 886 SIGNIS

181 972 321 1008 VENlo
359 984 465 1009 nunc
496 972 545 1009 ad
573 970 693 1017 istius,
720 984 837 1020 quem
869 971 920 1008 ad
952 970 1116 1008 modum
1152 970 1235 1019 ipse
1267 971 1449 1019 appellat,
1471 962 1487 988 Ῑ

127 1034 315 1079 studium,
353 1042 395 1072 ut
433 1035 549 1073 amici
588 1035 681 1082 eius,
724 1035 905 1073 morbum
945 1043 983 1073 et
1013 1034 1217 1081 insaniam,
1248 1042 1289 1072 ut
1319 1034 1450 1080 Siculi,
1478 1021 1485 1041 Ι

126 1098 398 1147 latrocinium,
428 1113 500 1149 ego
532 1114 611 1149 quo
636 1101 796 1138 nomine
823 1101 1017 1149 appellem
1046 1099 1205 1146 nescio,
1234 1112 1315 1137 rem
1340 1098 1451 1137 vobis

125 1177 356 1214 proponam,
389 1177 458 1202 vos
490 1178 576 1202 eam
609 1178 679 1202 suo
714 1177 794 1201 non
829 1163 999 1201 nominis
1029 1164 1205 1212 pondere
1235 1163 1450 1213 penditote.

86 1245 103 1275 5
126 1230 261 1267 Genus
282 1228 409 1278 ipsum
432 1229 536 1279 prius
557 1228 792 1278 cognoscite,
817 1228 966 1266 iudices
988 1243 994 1273 ;
1023 1229 1168 1266 deinde
1189 1230 1351 1267 fortasse
1371 1242 1451 1266 non

125 1307 268 1343 magno
288 1307 406 1344 opere
431 1294 625 1344 quaeretis
647 1308 726 1344 quo
748 1293 787 1332 id
810 1293 970 1331 nomine
991 1295 1272 1343 appellandum
1294 1293 1449 1343 putetis.

125 1360 238 1408 Nego
259 1358 297 1396 in
320 1358 451 1397 Sicilia
471 1367 562 1406 tota,
586 1367 664 1397 tam
687 1358 884 1408 locupleti,
909 1367 987 1396 tam
1009 1367 1138 1397 vetere
1159 1358 1370 1408 provincia,
1394 1366 1451 1397 tot

124 1423 291 1473 oppidis,
329 1431 385 1461 tot
420 1424 574 1462 familiis
607 1431 685 1462 tam
718 1423 899 1473 copiosis,
942 1425 1064 1461 ullum
1103 1431 1331 1473 argenteum
1371 1438 1448 1470 vas,

124 1490 246 1526 ullum
270 1488 519 1528 Corinthium
539 1497 606 1526 aut
630 1488 835 1526 Deliacum
862 1490 989 1534 fuisse,
1014 1490 1132 1525 ullam
1160 1501 1357 1537 gemmam
1384 1496 1451 1527 aut

68 1571 104 1592 10
125 1553 379 1603 margaritam,
404 1554 615 1604 quicquam
651 1568 697 1592 ex
727 1568 823 1592 auro
856 1561 921 1591 aut
957 1554 1074 1591 ebore
1105 1555 1262 1600 factum,
1295 1554 1448 1603 signum

123 1620 245 1656 ullum
261 1633 438 1666 aeneum,
463 1633 736 1666 marmoreum,
752 1619 981 1666 eburneum,
1001 1632 1102 1669 nego
1122 1620 1240 1656 ullam
1259 1618 1448 1668 picturam

122 1697 252 1734 neque
272 1683 311 1722 in
326 1685 459 1722 tabula
475 1698 603 1734 neque
622 1684 660 1721 in
682 1683 803 1722 textili
825 1683 919 1734 quin
942 1683 1206 1733 conquisierit,
1226 1683 1445 1733 inspexerit,

122 1750 230 1799 quod
269 1749 454 1800 placitum
494 1750 542 1787 sit
579 1748 793 1787 abstulerit.
871 1750 1063 1797 Magnum
1110 1747 1246 1786 videor
1291 1747 1421 1786 dicere
1441 1763 1447 1786 :
1470 1762 1483 1782 2

121 1814 312 1853 attendite
332 1814 448 1852 etiam
474 1827 599 1864 'quem
622 1816 671 1852 ad
694 1815 857 1853 modum
879 1812 1020 1852 dicam.
1090 1815 1182 1851 Non
1214 1813 1318 1851 enim
1340 1812 1447 1851 verbi

67 1893 102 1924 15
122 1892 251 1928 neque
271 1878 442 1917 criminis
463 1879 632 1929 augendi
654 1892 771 1917 causa
792 1880 1033 1928 complector
1052 1877 1185 1916 omnia
1204 1893 1211 1915 :
1241 1891 1331 1915 cum
1357 1877 1448 1916 dico

122 1944 218 1983 nihil
252 1944 368 1982 istum
402 1943 484 1982 eius
516 1943 624 1981 modi
658 1957 783 1982 rerum
820 1943 859 1981 in
893 1951 974 1981 tota
1004 1942 1204 1993 provincia
1232 1942 1445 1992 reliquisse,

123 2009 261 2048 Latine
289 2022 352 2047 me
378 2008 527 2056 scitote,
551 2022 630 2046 non
659 2007 899 2046 accusatorie
928 2007 1046 2057 loqui.
1108 2007 1238 2045 Etiam
1269 2007 1447 2056 planius:

122 2073 217 2111 nihil
247 2074 285 2111 in
313 2072 477 2111 aedibus
508 2072 751 2122 cuiusquam,
776 2086 824 2110 ne
846 2072 884 2109 in
906 2073 1063 2122 hospitis
1084 2071 1256 2122 quidem,
1280 2072 1377 2110 nihil
1407 2072 1447 2110 in

163 2178 184 2206 6
209 2187 328 2215 magno
353 2186 455 2214 opere
481 2175 514 2205 R
541 2178 587 2212 (v,
608 2178 644 2212 ἐξ
674 2185 745 2214 107,
776 2185 853 2214 174;
886 2176 923 2215 cs.
944 2176 986 2214 iv,
1016 2179 1030 2213 ξ
1053 2186 1089 2215 17
1108 2181 1201 2206 tanto
1218 2186 1320 2214 opere
1340 2176 1446 2215 Εἴθε

122 2230 325 2259 magnopere
340 2219 426 2259 SHp
444 2220 535 2261 (Act.
553 2219 610 2250 Pr.
632 2222 646 2256 5
667 2230 726 2259 23;
746 2220 766 2259 i,
784 2222 799 2256 ξ
818 2222 893 2258 108)
970 2229 986 2257 7
1012 2220 1167 2258 locupleti
1187 2218 1328 2259 RSHp:
1356 2220 1444 2250 locu-

121 2265 211 2301 plete
228 2265 244 2293 δ
262 2264 317 2302 (ἐξ
336 2273 388 2303 29.
408 2264 451 2300 46
468 2262 570 2302 infra)
702 2272 723 2300 9
748 2273 834 2299 nego
852 2263 951 2293 ullam
964 2267 1007 2302 p:
1034 2263 1156 2293 nullam
1176 2263 1210 2292 K
1226 2264 1278 2294 (ut
1292 2262 1383 2293 Serv.
1403 2263 1451 2293 ad

126 2307 217 2346 Verg.
236 2306 320 2337 Aen.
341 2306 361 2336 i.
380 2307 453 2343 655,
473 2310 501 2335 et
516 2304 711 2335 Lactantius
731 2304 885 2335 Placidus
902 2305 948 2335 ad
963 2306 1047 2337 Stat.
1071 2306 1161 2336 Theb.
1183 2307 1223 2338 vi.
1241 2307 1300 2344 63)
1410 2317 1446 2336 12

122 2360 230 2389 neque
248 2350 280 2379 in
299 2349 405 2379 textili
425 2348 519 2387 G,L:
545 2358 652 2387 neque
677 2348 783 2379 textili
808 2348 930 2379 RSH:
963 2360 1073 2388 neque
1100 2349 1254 2380 textilem
1283 2350 1385 2381 fuisse
1404 2351 1448 2390 ῥδ

125 2393 164 2423 18
189 2393 333 2432 hospitis
346 2392 444 2432 Jeep:
470 2392 604 2431 oppidis
621 2391 710 2422 codd.
