1715 2734
147 85 202 122 62
227 89 290 132 146
590 88 648 124 M.
679 87 846 123 TVLLI
880 86 1186 125 CICERONIS

146 308 200 354 63

138 375 199 408 147

136 1314 195 1354 148

138 1899 191 1944 64

222 197 331 237 modi
353 197 391 236 in
414 197 591 237 decumis
613 205 655 236 ut
676 197 780 235 Alba
799 198 964 235 fateatur
986 197 1103 236 istum
1124 198 1164 236 in
1184 212 1225 237 re
1245 198 1497 237 frumentaria
1515 206 1555 237 et

222 262 260 300 in
283 263 397 301 bonis
419 271 617 302 aratorum
638 270 772 312 aperte
793 264 1003 312 palamque
1025 276 1110 301 esse
1131 264 1372 312 praedatum.

278 329 477 366 Decumas
493 329 571 378 agri
590 327 770 365 Leontini
790 341 934 377 magno
955 327 1052 365 dicis
1074 335 1112 366 te
1132 327 1368 366 vendidisse.
1415 329 1556 368 Osten-

220 393 259 432 di
285 393 362 432 iam
391 393 488 431 illud
528 392 649 439 initio,
686 406 766 430 non
809 392 1116 431 existimandum
1152 406 1297 442 magno
1330 393 1555 433 vendidisse

220 472 311 496 eum
332 458 398 508 qui
419 458 540 496 verbo
562 458 750 495 decumas
773 457 1006 504 vendiderit,
1030 471 1070 495 re
1091 466 1129 496 et
1150 457 1387 496 condicione
1412 466 1450 497 et
1470 460 1555 509 lege
1573 473 1591 503 5

219 530 257 561 et
278 523 409 561 edicto
430 530 467 560 ct
482 522 638 560 licentia
653 523 964 560 decumanorum
982 523 1170 560 decumas
1190 522 1408 560 aratoribus
1429 524 1554 561 nullas

219 589 386 638 reliquas
407 589 550 627 fecerit.
615 587 744 625 Etiam
765 587 859 625 illud
877 588 1043 634 ostendi,
1062 588 1286 626 vendidisse
1299 588 1396 626 alios
1409 601 1555 638 magno

218 655 406 692 decumas
427 653 505 702 agri
530 652 713 691 Leontini
747 661 1049 702 ceterorumque
1079 667 1271 702 agrorum,
1295 661 1333 690 ct
1354 654 1438 702 lege
1460 653 1554 691 Hie-

217 718 351 756 ronica
379 717 606 757 vendidisse
634 725 672 755 et
702 717 821 767 pluris
850 717 967 755 etiam
1000 731 1119 767 quam
1153 726 1191 756 te
1222 717 1457 764 vendidisse,
1481 732 1554 756 nec

216 792 408 822 aratorem
440 796 683 833 quemquam
717 796 802 821 csse
841 790 1050 833 questum3
1089 796 1161 821 nec
1193 783 1298 821 enim
1334 782 1406 820 fuit
1444 784 1553 833 quod
1577 799 1613 821 10

217 850 426 900 quisquam
458 848 567 898 queri
598 856 742 898 posset,
777 861 868 886 cum
899 849 984 897 lege
1013 847 1250 898 aequissime
1283 849 1426 898 scripta
1463 862 1553 887 ven-

217 916 365 962 derent,
400 926 530 963 neque
560 913 658 951 illud
688 926 877 963 umquam
907 912 1068 951 aratoris
1104 912 1290 961 interfuit,
1322 913 1459 963 quanti
1488 915 1552 952 de-

217 993 357 1018 cumae
384 978 572 1017 venirent.
631 979 726 1016 Non
751 978 856 1016 enim
879 977 932 1016 ita
952 985 1010 1016 est
1041 985 1096 1025 ut,
1117 977 1148 1016 si
1177 991 1320 1027 magno
1347 977 1548 1025 venierint,

216 1047 303 1096 plus
323 1052 451 1083 arator
471 1044 628 1091 debeat,
650 1043 682 1082 si
703 1056 833 1093 parvo,
858 1043 1012 1091 minu33
1042 1051 1085 1081 ut
1114 1044 1309 1081 frumenta
1329 1051 1422 1081 nata
1447 1052 1549 1091 sunt,

215 1110 268 1149 ita
299 1112 492 1149 decumae
525 1116 726 1156 veneunt3
765 1108 926 1147 aratoris
960 1116 1093 1146 autem
1126 1108 1285 1147 interest
1320 1107 1374 1146 ita
1406 1121 1448 1146 se
1479 1109 1553 1146 fru-
1576 1124 1611 1156 15

215 1184 349 1214 menta
380 1176 525 1215 habere
557 1183 599 1213 ut
633 1176 828 1213 decumae
862 1187 981 1223 quam
1016 1172 1188 1223 plurimo
1215 1172 1349 1212 venire
1375 1173 1552 1223 possint3

216 1242 311 1279 dum
340 1248 469 1279 arator
495 1254 545 1278 ne
572 1241 660 1290 plus
689 1240 860 1277 decuma
884 1240 961 1285 det,
986 1238 1143 1289 expedit
1171 1238 1205 1277 ei
1231 1240 1441 1277 decumam
1466 1253 1551 1277 esse

215 1320 334 1356 quam
373 1305 595 1343 maximam.
656 1306 805 1343 Verum
841 1305 928 1350 hoc,
972 1311 1013 1341 ut
1045 1303 1196 1353 opinor,
1227 1317 1311 1342 esse
1340 1303 1397 1342 vis
1431 1313 1550 1354 caput

214 1371 455 1410 defensionis
469 1378 569 1418 tuae,
587 1383 731 1420 magno
747 1377 785 1408 te
801 1371 988 1407 decumas
1002 1368 1237 1415 vendidisse,
1253 1377 1372 1419 atque
1384 1371 1550 1407 aliorum

214 1437 375 1487 quidem
405 1451 585 1488 agrorum
616 1450 685 1486 pro
714 1436 895 1486 portione
927 1449 1071 1485 magno
1098 1437 1286 1473 decumas
1311 1436 1546 1483 vendidisse,
1571 1451 1611 1472 20

213 1502 292 1551 agri
319 1516 411 1541 vero
434 1501 628 1548 Leontini,
652 1501 719 1551 qui
745 1500 956 1550 plurimum
986 1500 1114 1547 efficit,
1138 1500 1251 1538 tritici
1281 1502 1386 1539 mod.
1409 1513 1546 1539 ccxvi.

214 1567 254 1604 Si
292 1568 420 1606 doceo
459 1567 580 1618 pluris
615 1566 819 1616 aliquanto
855 1565 1029 1615 potuisse
1060 1573 1098 1603 te
1128 1566 1308 1612 vendere,
1344 1561 1474 1616 neque
1504 1566 1549 1603 iis

213 1632 384 1671 voluisse
409 1632 594 1671 addicere
621 1631 688 1681 qui
717 1639 853 1669 contra
882 1631 1103 1680 Apronium
1126 1631 1344 1678 licerentur‚
1367 1640 1405 1669 et
1429 1634 1550 1681 Apro-

214 1699 281 1736 nio
302 1699 426 1736 multo
448 1698 609 1735 minoris
631 1710 751 1747 quam
779 1696 864 1734 aliis
887 1696 1060 1746 potueris
1082 1698 1252 1735 vendere
1274 1697 1548 1743 tradidisse,—

213 1763 244 1801 si
266 1764 341 1801 hoc
363 1765 500 1810 doceo,
524 1764 718 1813 poteritne
739 1770 777 1800 te
798 1761 881 1812 ipse
902 1762 1015 1810 Alba,
1040 1770 1129 1800 tuus
1151 1762 1446 1812 antiquissimus
1467 1776 1548 1801 non
1569 1775 1608 1806 ²5

214 1830 341 1867 solum
362 1829 512 1867 amicus
534 1842 668 1867 verum
689 1828 807 1866 etiam
830 1836 991 1874 amator,
1016 1828 1252 1866 absolvere?

271 1894 372 1931 Dico
393 1893 567 1943 equitem
599 1895 837 1938 Romanum,
863 1892 1065 1931 hominem
1092 1893 1130 1930 in
1157 1893 1290 1943 primis
1323 1895 1546 1937 honestum,

216 1960 264 2007 Q.
291 1959 526 2006 Minucium,
550 1972 641 1997 cum
667 1958 726 1996 sui
755 1958 948 1996 similibus
975 1959 1025 1995 ad
1054 1959 1242 1997 decumas
1263 1958 1341 2008 agri
1365 1958 1548 1997 Leontini

216 2024 331 2063 tritici
355 2025 461 2063 mod.
485 2038 565 2062 non
595 2023 700 2061 mille
722 2036 801 2061 non
831 2024 912 2061 duo
939 2036 1011 2061 ncc
1040 2023 1111 2061 tria
1141 2023 1257 2071 milia,
1281 2025 1351 2062 scd
1377 2024 1428 2062 ad
1452 2037 1550 2061 unas

262 2139 280 2167 3
306 2129 389 2159 dicis
414 2133 446 2159 te
471 2128 540 2160 cO:
567 2127 646 2158 dicit
671 2137 707 2157 se
729 2131 752 2166 p
777 2127 843 2157 rell.
986 2128 1023 2157 18
1047 2127 1110 2158 hoc
1136 2133 1171 2157 ut
1196 2129 1318 2167 opinor
1337 2133 1360 2168 p
1386 2127 1476 2158 rell.:
1514 2133 1548 2158 ut

219 2173 340 2211 opinor
365 2173 427 2202 hoc
455 2172 485 2202 O
639 2181 687 2209 19,
702 2180 745 2200 20
768 2176 868 2209 atque
894 2194 901 2201 .
927 2194 935 2201 .
963 2195 971 2202 .
998 2171 1195 2201 vendidisse
1219 2182 1235 2202 c
1256 2170 1318 2211 Lg.
1341 2181 1405 2209 45:
1438 2181 1502 2201 om.
1526 2177 1549 2210 p

220 2216 282 2247 rell.
391 2226 427 2245 21
456 2226 536 2246 vero
560 2225 624 2245 om.
654 2214 685 2244 O
782 2224 834 2251 22,
855 2223 896 2252 23
921 2219 954 2245 te
979 2215 1126 2245 vendere
1152 2240 1159 2246 .
1185 2238 1191 2245 .
1221 2238 1227 2244 .
1252 2215 1409 2245 addicere
1429 2219 1453 2254 p
1478 2214 1544 2246 rell.

220 2260 401 2298 tpotuisset
427 2260 594 2289 evendere
614 2258 678 2298 ωε
716 2258 864 2287 vendere
884 2282 890 2288 .
909 2283 916 2289 .
937 2282 943 2288 .
966 2262 999 2288 te
1024 2258 1180 2288 addicere
1208 2257 1238 2288 O
1261 2258 1328 2288 ccld.
1507 2268 1547 2296 24

220 2304 367 2333 vendere
385 2303 432 2332 cO
453 2314 459 2332 :
481 2314 545 2333 om.
562 2307 585 2341 p
603 2301 668 2332 rell.
804 2311 842 2339 ²5
869 2301 940 2340 ipsc
959 2314 978 2331 π
994 2301 1037 2332 al.
1057 2313 1063 2331 :
1089 2301 1154 2332 iste
1171 2301 1218 2331 cO
1235 2313 1241 2331 :
1266 2312 1330 2332 om.
1351 2303 1367 2331 δ
1507 2311 1550 2339 29

222 2357 282 2376 nec
301 2348 366 2377 duo
385 2348 414 2375 ί)

1704 2330 1709 2402 „‚.„.
1706 2300 1709 2309 -
1705 2261 1709 2283 ..
1705 2102 1710 2236 —.-..—
1706 0 1715 2086 .———.-———-u——-——b-————-————————————-—-—-—————————-———

1701 2458 1709 2734 --—⁴.———ffl
1706 2425 1708 2430 ⁷
