1715 2734
172 77 439 115 ACTIONIS
472 78 533 115 IN
564 78 608 116 C.
632 79 872 115 VERREM
904 79 1203 117 SECVNDAE
1236 80 1338 117 LIB.
1364 81 1429 118 III
1479 93 1534 129 13

170 186 223 225 rei
240 195 318 225 tam
339 187 537 238 paenitere
557 188 704 227 diceret
727 203 844 239 quam
866 191 974 240 quod
995 191 1039 229 C.
1059 191 1285 230 Carbonem
1306 205 1494 242 umquam

169 251 208 289 in
234 251 423 290 iudicium
443 252 685 300 vocavisset3
715 254 843 292 minus
871 254 976 293 enim
998 254 1138 293 liberas
1166 256 1344 294 omnium
1366 271 1493 295 rerum

167 318 387 356 voluntates
425 318 607 363 habebat,
645 326 683 356 et
714 318 834 356 vitam
869 332 979 357 suam
1014 319 1190 368 pluribus
1225 334 1343 369 quam
1378 323 1494 360 vellet

167 381 363 419 observari
410 382 532 420 oculis
580 383 847 422 arbitrabatur.
908 386 1040 434 Atque
1079 384 1142 422 ille
1184 384 1243 422 his
1290 386 1493 435 praesidiis

129 458 145 487 5
165 444 296 495 ingeni
322 447 580 496 fortunaeque
612 447 784 486 munitus
812 456 945 487 tamen
977 450 1051 487 hac
1082 463 1174 487 cura
1204 450 1489 497 continebatur,

165 522 283 558 quam
313 509 387 548 sibi
416 512 597 550 nondum
625 513 857 550 confirmato
883 512 1048 551 consilio
1077 515 1147 552 sed
1177 512 1338 552 ineunte
1364 522 1492 553 aetate

169 582 404 623 susceperat,
436 587 517 612 cum
552 572 680 611 minus
716 573 832 611 etiam
867 574 1101 625 praecipitur
1135 590 1270 616 eorum
1302 579 1420 617 virtus
1455 588 1493 618 et

169 638 367 688 integritas
397 638 463 688 qui
501 639 551 676 ad
585 638 687 675 hanc
721 651 802 676 rem
836 640 1133 688 adulescentuli,
1165 656 1284 691 quam
1315 645 1381 693 qui
1416 643 1491 682 iarn

169 704 320 740 firmata
353 710 482 741 aetate
513 703 772 741 descendunt.
834 703 895 740 Illi
929 703 1045 751 enim,
1079 714 1170 744 ante
1202 720 1320 756 quarn
1355 717 1492 758 potue-

5 757 10 803 ,1
112 783 149 805 10
168 776 256 806 runt
277 767 496 806 existimare
516 775 665 816 quanto
687 767 843 805 liberior
861 767 940 805 vita
967 770 1015 806 sit
1042 783 1175 808 eorum
1197 773 1264 821 qui
1294 775 1490 812 neminem

5 827 9 886 ’ἒ
167 834 396 879 accusarint,
419 834 563 882 gloriae
592 847 709 870 causa
736 841 854 883 atque
882 835 1154 874 ostentationis
1182 846 1389 876 accusant:
1421 853 1492 878 nos

6 890 10 940 1
168 900 234 948 qui
274 899 349 936 iam
390 906 428 936 et
467 898 563 948 quid
604 899 729 936 facere
768 907 805 936 et
845 909 1036 948 quantum
1076 901 1248 940 iudicare
1287 917 1491 952 possemus

6 952 9 963 ³
167 966 423 1010 ostendimus,
448 963 521 1001 nisi
544 963 656 1001 facilc
680 964 914 1012 cupiditates
945 974 1096 1004 nostras
1127 975 1358 1015 teneremus,
1383 984 1492 1008 num-

167 1044 285 1079 quam
307 1030 463 1079 ipsimet
489 1029 604 1067 nobis
629 1030 944 1079 praecideremus
972 1032 1086 1069 istam
1115 1032 1313 1071 licentiam
1342 1034 1493 1074 liberta-

110 1107 146 1138 15
167 1104 327 1144 temque
348 1094 515 1133 vivendi.

221 1163 354 1210 Atque
393 1175 466 1210 ego
504 1163 580 1199 hoc
620 1163 706 1211 plus
745 1160 873 1199 oneris
912 1161 1041 1199 habeo
1080 1175 1198 1211 quam
1237 1162 1304 1212 qui
1343 1171 1493 1203 ceteros

168 1226 502 1273 accusarunt,——si
523 1240 623 1264 onus
644 1234 702 1264 est
729 1225 769 1264 id
793 1227 1073 1276 appellandum
1103 1227 1212 1276 quod
1233 1241 1323 1265 cum
1348 1229 1494 1267 laetitia

169 1292 267 1329 feras
294 1305 339 1329 ac
364 1292 586 1341 voluptate:
617 1304 751 1329 verum
781 1298 914 1329 tamen
938 1304 1011 1341 ego
1038 1293 1114 1330 hoc
1143 1292 1312 1342 amplius
1340 1294 1492 1344 suscepi

167 1369 286 1405 quam
325 1356 443 1394 ceteri
483 1357 591 1405 quod
630 1355 683 1394 ita
727 1357 946 1406 postulatur
987 1356 1038 1394 ab
1077 1357 1304 1396 hominibus
1348 1366 1390 1396 ut
1433 1360 1492 1398 his

107 1438 146 1460 20
165 1421 389 1459 abstineant
416 1420 583 1459 maxime
603 1421 704 1459 vitiis
736 1421 775 1458 in
800 1421 944 1471 quibus
968 1423 1132 1460 alterum
1157 1424 1489 1472 reprehenderint.

164 1488 307 1525 Furem
328 1486 498 1536 aliquem
523 1495 590 1524 aut
611 1500 792 1536 rapacem
813 1486 1008 1525 accusaris
1027 1502 1033 1524 z
1064 1487 1223 1526 vitanda
1247 1488 1316 1526 tibi
1337 1503 1491 1539 semper

163 1551 233 1588 erit
260 1551 389 1589 omnis
412 1551 595 1589 avaritiae
624 1550 805 1600 suspicio.
868 1552 1096 1589 Maleficum
1118 1551 1343 1602 quempian]
1368 1555 1489 1592 addu-

163 1615 261 1653 xeris
290 1623 356 1653 aut
390 1616 613 1653 crudelem:
649 1616 870 1654 cavendum
899 1615 968 1653 erit
1001 1629 1154 1665 semper
1185 1630 1235 1654 ne
1268 1631 1346 1667 qua
1379 1617 1418 1655 in
1449 1632 1488 1656 re

162 1679 334 1730 asperior
378 1687 445 1717 aut
492 1679 744 1718 inhumanior
791 1679 910 1718 fuisse
958 1679 1125 1718 videare.
1170 1682 1484 1731 ‹Corruptorem,

105 1762 141 1794 25
162 1746 406 1783 adulterum:
436 1744 724 1795 providendum
752 1744 957 1794 diligenter
986 1758 1036 1783 ne
1067 1747 1174 1794 quod
1205 1745 1243 1783 in
1273 1746 1351 1784 vita
1376 1746 1489 1785 vesti-

6 206 8 216 ι

6 220 10 233 ι

6 297 7 310 l

6 325 7 344 l

5 346 11 412 ἔ

6 413 10 456 Ξ

6 462 10 488 ,l

6 496 10 532 !

6 605 10 617 x

205 1848 225 1876 6
249 1847 389 1878 consilio
413 1847 613 1878 confirmato
634 1847 750 1887 Ofort.
774 1853 849 1879 recte
871 1850 1034 1887 (confirm.
1057 1861 1096 1881 sc.
1117 1850 1203 1880 sibi:
1236 1850 1272 1889 cs
1292 1849 1342 1880 De
1358 1849 1483 1890 chzcb.

162 1894 176 1928 ξ
195 1901 237 1929 30
255 1902 261 1929 ;
288 1890 412 1920 Cluent.
435 1894 450 1927 ς
473 1892 524 1928 Ι31
704 1900 720 1928 7
747 1899 819 1919 cum
836 1891 967 1930 scrtpsi:
993 1902 1058 1930 quo
1075 1892 1162 1922 codd.
1184 1893 1214 1930 (c
1230 1904 1340 1932 quom,
1361 1894 1486 1934 credo):

159 1943 359 1973 quamquam
377 1932 478 1972 Bake,
498 1933 603 1972 Koclt,
621 1932 759 1962 Mueller
887 1935 1073 1973 precipitur
1090 1936 1151 1965 H:
1175 1937 1299 1975 percip.
1319 1937 1385 1967 cO:
1411 1949 1484 1977 per-

159 1977 297 2016 spicitur
314 1976 377 2006 rell.
395 1976 463 2006 edd.
634 1978 654 2006 8
682 1976 780 2006 Verba
798 1987 895 2016 quarn
921 1979 976 2016 qui
1001 1979 1064 2008 iam
1091 1979 1220 2009 firmata
1244 1985 1354 2010 aetate
1379 1981 1485 2012 abesse

161 2021 300 2056 malim,
325 2021 361 2057 cf.
379 2020 414 2057 J.
429 2020 463 2057 J.
483 2019 665 2055 Hartman,
690 2020 910 2059 Mnemosyne,
931 2021 976 2060 xl,
991 2027 1025 2061 p.
1045 2033 1108 2060 450
1262 2034 1298 2053 12
1324 2029 1483 2063 quantum

159 2064 308 2094 iudicare
347 2063 477 2103 scm'psi:
521 2063 714 2102 quantulum
748 2065 859 2094 dicere
885 2064 932 2094 cO
966 2066 1068 2104 (credo
1100 2077 1138 2096 cx
1168 2067 1459 2108 quantuludicare)
1477 2080 1483 2099 ε

159 2107 354 2146 quantulum
372 2107 521 2137 iudicare
540 2108 603 2138 rell.
618 2111 745 2147 praeter
758 2108 799 2137 H
815 2110 1038 2150 (quantulum,
1060 2110 1189 2140 onn'ssz's
1205 2111 1352 2151 reliquis)
1445 2113 1484 2142 16

159 2160 222 2189 ego
240 2150 303 2180 hoc
321 2150 414 2180 HO:
446 2151 508 2181 hoc
525 2162 588 2190 ego
609 2157 632 2190 p
649 2152 712 2182 rell.
733 2154 780 2191 (v,
801 2155 816 2189 ξ
839 2154 912 2191 1793
1095 2155 1132 2184 18
1157 2155 1328 2193 voluptate
1348 2161 1371 2195 p
1389 2156 1454 2187 rell.
1474 2166 1483 2187 :

159 2193 329 2223 voluntate
346 2193 439 2233 HOq
596 2205 635 2233 19
660 2195 852 2226 horninibus
869 2196 968 2226 HcOl
984 2208 990 2227 z
1016 2197 1169 2227 omnibus
1181 2203 1206 2237 p
1224 2197 1286 2229 rell.
1379 2204 1414 2229 ut
1429 2199 1483 2230 his

159 2236 349 2266 abstineant
365 2236 472 2267 HcO:
505 2242 540 2268 ut
565 2238 604 2267 ab
630 2238 682 2268 his
707 2248 743 2268 se
768 2239 956 2270 abstineant
978 2246 1000 2280 p
1019 2241 1083 2271 rell.
1234 2252 1275 2271 20
1300 2242 1481 2281 reprehen-

159 2279 266 2309 derint
283 2278 370 2310 HcO
387 2292 393 2311 :
418 2286 567 2321 -eruntp
584 2281 649 2312 rell.
802 2293 843 2321 24
868 2283 1041 2314 immanior
1060 2284 1101 2315 0¹
1122 2296 1128 2315 :
1156 2285 1333 2316 humanior
1348 2286 1389 2316 H
1402 2297 1479 2316 corr.

159 2333 202 2352 m.
221 2333 239 2353 2
