1715 2734
134 63 193 101 60
216 66 279 110 156
583 65 641 101 M.
672 64 841 101 TVLLI
873 63 1180 103 CICERONIS

133 183 190 219 157
211 186 234 210 a
273 184 336 209 me
374 172 451 209 hoc
490 178 617 209 totum
654 171 842 221 temporis
876 184 995 210 causa
1028 178 1217 221 putatote.
1278 173 1363 209 Iam
1399 171 1466 222 qui
1499 185 1547 210 ex

210 237 433 274 calamitate
472 236 662 274 senatoris
698 236 835 286 populi
868 237 1052 284 Romani,
1084 231 1174 275 cum
1208 246 1361 287 praetor
1399 237 1546 275 iudicio

209 305 291 340 eius
326 302 567 352 praefuisset,
603 302 728 352 spolia
757 304 923 341 domum
959 317 1069 341 suam
1100 304 1239 341 referre
1269 311 1307 340 et
1338 302 1544 341 manubias

208 368 412 406 detrahere
436 375 604 406 conatus
629 367 689 415 sit,
712 367 743 405 is
771 369 890 405 ullam
921 368 971 406 ab
997 382 1081 406 sese
1109 368 1372 406 calamitatem
1401 367 1544 418 poterit

208 432 441 482 deprecari?
1563 446 1582 478 5

139 503 184 539 61
262 499 364 535 Nam
380 499 430 536 de
443 498 723 536 subsortitione
737 498 801 536 illa
816 498 983 536 Iuniana
998 498 1174 537 iudicum
1192 499 1287 536 nihil
1301 499 1403 537 dico.
1435 498 1543 547 Quid

207 563 342 600 enim?
389 570 525 600 contra
560 564 713 601 tabulas
748 576 845 613 quas
881 571 922 600 tu
955 563 1149 613 protulisti
1183 565 1353 601 audeam
1383 563 1544 601 dicere?

210 627 376 665 Difficile
399 636 481 674 est,
511 641 591 665 non
613 628 718 665 enim
741 641 803 666 me
825 636 891 665 tua
913 630 1040 666 solum
1063 636 1100 666 et
1121 628 1297 666 iudicum
1318 627 1539 674 auctoritas,

205 694 273 731 sed
302 693 419 731 etiam
447 695 588 731 anulus
619 706 759 731 aureus
790 693 940 731 scribae
971 693 1025 731 tui
1056 695 1234 731 deterret.
1296 694 1388 730 Non
1410 692 1539 730 dicam

205 758 244 795 id
275 759 384 807 quod
414 759 579 814 probare
609 758 767 796 difficile
797 766 882 805 est3
921 760 998 796 hoc
1028 758 1158 797 dicam
1189 759 1297 807 quod
1329 759 1536 796 ostendam
1562 771 1600 792 10

204 825 347 861 multos
378 837 423 862 ex
453 831 491 862 te
521 824 623 861 viros
653 824 856 873 primarios
886 824 1054 871 audisse,
1086 838 1176 862 cum
1207 823 1357 862 diceres
1387 823 1537 873 ignosci

202 888 272 926 tibi
312 896 492 938 oportere
527 890 636 938 quod
672 890 812 927 falsum
847 889 1027 927 codicem
1062 889 1293 939 protuleris3
1332 902 1423 926 nam
1459 902 1537 938 qua

201 953 348 992 invidia
377 956 421 993 C.
448 954 585 992 Iunius
614 954 877 1004 conflagravit,
910 968 969 1001 ea,
997 954 1070 992 nisi
1101 954 1347 1004 providisseS,
1371 954 1443 992 tibi
1463 954 1535 1004 ipsi

120 1030 176 1069 158
201 1027 284 1057 tum
306 1021 553 1069 pereundum
576 1019 721 1057 fuisset.
785 1021 878 1058 Hoc
906 1021 1028 1058 modo
1055 1019 1128 1058 iste
1149 1019 1224 1057 sibi
1245 1027 1282 1058 et
1307 1019 1420 1057 saluti
1443 1033 1536 1057 suae

200 1084 422 1134 prospicere
443 1084 582 1123 didicit
596 1085 802 1123 referendo
823 1084 863 1122 in
880 1085 1033 1123 tabulas
1055 1093 1092 1122 et
1113 1084 1282 1135 privatas
1298 1093 1335 1122 et
1356 1084 1534 1134 publicas
1558 1099 1594 1131 15

199 1151 308 1199 quod
342 1158 495 1200 gestum
529 1163 609 1188 non
645 1158 758 1197 esset,
795 1152 974 1189 tollendo
1013 1152 1122 1200 quod
1157 1158 1270 1197 esset,
1308 1158 1346 1188 et
1381 1164 1535 1200 semper

197 1214 347 1265 aliquid
377 1216 588 1262 demendo,
622 1217 825 1261 mutando,
857 1215 1159 1265 interpolando;
1199 1229 1247 1254 eo
1275 1215 1379 1253 enim
1410 1229 1535 1265 usque

198 1281 443 1330 progreditur
464 1289 505 1318 ut
527 1295 576 1318 ne
598 1281 870 1319 defensionem
892 1281 1054 1330 quidem
1073 1281 1354 1319 maleficiorum
1374 1294 1533 1318 suorum

198 1345 282 1383 sine
313 1346 397 1383 aliis
434 1345 635 1384 maleficiis
672 1346 838 1395 reperire
876 1346 1010 1396 possit.
1073 1346 1168 1384 Eius
1205 1346 1313 1384 modi
1349 1345 1534 1383 subsorti—

197 1410 346 1449 tionem
382 1412 504 1449 homo
534 1410 826 1448 amentissimus
863 1425 1022 1449 suorum
1053 1424 1214 1461 quoque
1245 1410 1420 1448 iudicum
1452 1412 1533 1448 fore
1555 1428 1593 1448 20

197 1476 346 1526 putavit
367 1490 435 1526 per
456 1478 631 1515 sodalem
655 1490 769 1514 suum
792 1478 841 1525 Q.
867 1477 1062 1523 Curtium,
1090 1476 1262 1515 iudicem
1290 1475 1532 1526 quaestionis

196 1554 312 1585 suae;
343 1541 405 1580 cui
427 1554 500 1590 ego
522 1541 593 1578 nisi
616 1541 651 1578 vi
674 1541 808 1591 populi
829 1549 947 1591 atque
975 1541 1182 1579 hominum
1212 1542 1383 1579 clamore
1412 1549 1531 1590 atque

194 1606 374 1645 convicio
390 1606 629 1652 restitissem,
651 1620 696 1644 ex
711 1608 784 1645 hac
802 1607 961 1644 decuria
978 1615 1114 1652 vestra,
1135 1606 1246 1644 cuius
1264 1606 1359 1643 mihi
1374 1606 1528 1655 copiam

193 1686 311 1721 quam
348 1672 562 1722 largissime
597 1673 737 1710 factam
775 1673 992 1722 oportebat,
1026 1686 1126 1722 quos
1162 1672 1233 1710 iste
1267 1673 1457 1710 adnuerat
1491 1671 1529 1708 in

194 1752 307 1775 suum
330 1737 538 1776 consilium
565 1737 647 1774 sine
669 1751 786 1775 causa
810 1737 1130 1776 subsortiebatur.
1552 1752 1588 1781 ,ης

233 1854 251 1881 4
277 1842 319 1873 sit
334 1848 377 1881 pr
392 1841 481 1879 Asa,
503 1842 603 1871 Prisc.
621 1853 626 1871 τ
655 1846 704 1871 est
725 1841 813 1871 codd.
831 1842 909 1881 pler.
1015 1851 1052 1879 13
1077 1841 1297 1879 conflagravit
1313 1846 1375 1880 pq:
1401 1841 1478 1871 -arit
1496 1842 1528 1870 νδ

194 1896 229 1924 17
256 1886 413 1916 mutando
446 1885 684 1924 interpolando
712 1891 776 1924 pq:
812 1889 885 1925 post
911 1886 1071 1915 mutando
1095 1885 1214 1914 habent
1236 1885 1291 1914 ὸνδ
1316 1885 1462 1914 curando
1487 1895 1528 1914 ne

190 1930 285 1960 litura
302 1936 474 1968 appareat,
497 1940 580 1968 qnae
599 1929 693 1959 vwrlm
715 1929 924 1968 reserimzlm'
939 1930 972 1958 in
992 1929 1140 1966 mancine
1155 1928 1220 1958 cod.
1236 1934 1259 1968 p
1278 1928 1528 1967 <171anuprinm

188 1974 321 2013 sempter)
404 1983 440 2011 19
467 1973 571 2012 possit
594 1984 634 2002 π;
663 1979 775 2011 posset
790 1973 826 2001 ba
902 1972 1177 2002 subsortitionem
1191 1972 1267 2002 Ass.
1287 1984 1293 2002 ε
1317 1972 1526 2001 sortitionem

186 2017 282 2056 prdl.
304 2017 341 2055 (i.
363 2019 376 2052 ‚S
394 2018 451 2055 5t)
609 2026 650 2045 22
675 2026 757 2045 suae
778 2015 828 2046 V:
853 2025 918 2046 om.
935 2015 1034 2055 prcll.
1053 2027 1059 2045 z
1083 2026 1112 2045 v.
1126 2015 1331 2052 Am.J.l³l1.
1352 2016 1442 2045 xxvi.
1462 2018 1528 2054 416

190 2071 253 2099 ego
279 2061 342 2091 nisi
367 2059 413 2091 V:
444 2061 507 2090 nisi
535 2069 599 2097 ego
622 2064 646 2098 p
673 2060 737 2090 rell.
764 2060 810 2098 (ii,
833 2061 848 2096 ξ
871 2060 928 2097 64)
1063 2064 1164 2097 atque
1193 2059 1364 2088 hominum
1387 2058 1458 2087 Vn:
1493 2065 1526 2089 et

194 2104 282 2135 hom.
301 2104 319 2133 l>
336 2103 400 2134 rell.
421 2104 468 2141 (v.
480 2103 667 2134 Iordanum
678 2103 802 2144 adloc.)
895 2115 936 2145 23
953 2111 1064 2136 vestra
1087 2105 1154 2135 an)
1173 2116 1178 2135 :
1209 2111 1323 2135 nostra
1337 2104 1414 2135 Asc.
1433 2103 1524 2143 (Dt'v.

200 2151 214 2185 ξ
235 2149 290 2186 73)
375 2148 504 2187 copiam
522 2147 610 2178 codd.
626 2158 632 2176 :
663 2153 865 2186 potestatem
881 2149 961 2179 Asc.
1052 2159 1088 2186 24
1111 2149 1299 2187 largissime
1315 2148 1403 2178 codd.
1422 2159 1429 2177 ε
1459 2159 1525 2179 -am

190 2192 267 2222 Asc.
400 2192 519 2221 factam
537 2190 626 2220 codd.
644 2202 649 2219 :
678 2191 749 2220 fieri
768 2191 844 2220 Asc.
975 2190 1150 2229 oportebat
1170 2200 1253 2228 quos
1274 2189 1321 2219 V:
1348 2192 1526 2229 oportebat

190 2240 306 2274 erepta
326 2240 414 2265 esset
436 2235 575 2264 facultas
594 2243 708 2264 eorum
728 2244 811 2272 quos
824 2239 848 2273 p
861 2233 925 2263 rell.
945 2244 951 2262 :
977 2244 1006 2263 v.
1020 2233 1228 2270 A111.J.Pl1.
1249 2233 1268 2263 Ι.
1283 2244 1305 2263 c.
