1715 2734
196 108 239 147 15
258 108 300 148 38
623 104 680 141 M.
710 103 880 141 TVLLI
912 101 1219 141 CICERONIS

255 226 355 262 quos
387 213 466 252 suis
505 214 680 264 partibus
713 213 972 252 amicissimos
1005 226 1091 252 esse
1122 213 1384 263 intellegebat,
1415 212 1485 252 ubi
1509 212 1585 251 iste

253 292 431 318 summae
470 279 523 317 rei
563 292 784 329 causaeque
831 292 974 317 nocere
1013 278 1110 317 nihil
1147 286 1291 328 posset.
1371 277 1418 317 Ei
1448 285 1586 328 postea

253 343 426 393 praemia
458 352 590 383 tamen
624 343 834 382 liberaliter
862 343 1008 390 tribuit,
1036 344 1142 382 bona
1176 344 1371 393 quaedam
1423 341 1585 394 proscri-

252 416 408 458 ptorum
449 409 487 447 in
525 423 618 459 agro
649 411 931 448 Beneventano
961 408 1181 459 diripienda
1209 408 1415 455 concessit,
1447 407 1585 446 habuit

192 484 232 516 39
253 474 444 513 honorem
466 483 507 512 ut
529 474 728 524 proditori,
745 488 825 512 non
853 482 895 512 ut
924 473 1054 512 amico
1083 475 1213 512 fidem.
1265 475 1384 511 Nunc
1404 472 1584 523 quamvis
1603 487 1622 518 5

185 1145 229 1176 40

184 1726 223 1757 41

251 538 328 578 sint
349 539 529 578 homines
546 539 614 589 qui
645 547 841 578 mortuum
866 540 938 578 Cn.
963 539 1187 578 Carbonem
1208 538 1374 584 oderint,
1390 545 1522 576 tamen
1543 537 1583 575 hi

251 604 399 643 debent
433 618 513 642 non
544 604 640 654 quid
671 604 723 642 illi
754 603 933 642 accidere
958 603 1162 650 voluerint,
1194 604 1264 641 sed
1293 602 1390 652 quid
1420 602 1514 652 ipsis
1543 601 1583 640 in

251 669 316 707 tali
338 683 377 708 re
398 671 657 708 metuendum
688 669 735 707 sit
765 669 946 719 cogitare.
997 670 1223 708 Commune
1244 676 1301 706 est
1323 669 1400 705 hoc
1421 669 1580 713 malum,

250 735 473 773 communis
495 742 634 782 metus,
658 748 870 773 commune
891 734 1119 784 periculum.
1180 735 1322 771 Nullae
1343 741 1434 771 sunt
1453 735 1582 771 occul-

249 799 366 838 tiores
387 800 553 839 insidiae
574 814 693 851 quam
709 814 778 839 eae
795 814 896 850 quae
917 801 1039 838 latent
1060 799 1099 837 in
1121 798 1371 837 simulatione
1391 798 1496 837 offici
1511 806 1581 837 aut

248 866 287 904 in
307 865 442 916 aliquo
461 865 764 905 necessitudinis
796 865 968 904 nomine.
1028 867 1134 903 Nam
1164 878 1254 903 eum
1285 864 1353 914 qui
1373 865 1503 914 palam
1524 872 1581 903 est

246 931 489 970 adversarius
510 931 623 969 facile
649 932 828 970 cavendo
847 930 967 969 vitare
982 930 1109 981 possis
1127 945 1136 978 3
1166 931 1243 968 hoc
1263 943 1355 968 vero
1377 931 1581 968 occultum

247 996 478 1035 intestinum
509 1010 556 1035 ac
590 996 853 1035 domesticum
882 998 1028 1034 malum
1059 1009 1139 1034 non
1167 996 1290 1034 modo
1316 1008 1398 1033 non
1419 994 1578 1041 exsistit,

251 1075 383 1100 verum
404 1062 521 1101 etiam
544 1062 730 1113 opprimit
756 1070 970 1111 antequam
995 1061 1218 1111 prospicere
1239 1068 1359 1110 atque
1379 1062 1580 1110 explorare

247 1127 430 1177 potueris.
493 1129 605 1166 Itane
636 1129 760 1166 vero?
826 1129 889 1165 Tu
933 1140 1023 1164 cum
1064 1134 1246 1176 quaestor
1276 1127 1327 1164 ad
1367 1125 1580 1164 exercitum

247 1192 388 1231 missus
418 1192 480 1239 sis,
509 1201 642 1231 custos
669 1206 749 1230 non
779 1193 906 1231 solum
941 1191 1132 1242 pecuniae
1166 1192 1236 1229 sed
1257 1190 1374 1229 etiam
1395 1190 1578 1237 consulis,

247 1259 440 1307 particeps
462 1257 641 1296 omnium
667 1271 794 1296 rerum
826 1257 1161 1306 consiliorumque
1191 1256 1319 1302 fueris,
1349 1255 1506 1294 habitus
1527 1256 1579 1295 sis

247 1322 287 1360 in
302 1322 468 1361 liberum
483 1324 584 1369 loco,
594 1322 694 1361 sicut
708 1336 792 1361 mos
807 1322 999 1360 maiorum
1014 1322 1173 1368 ferebat,
1190 1329 1350 1371 repente
1367 1321 1578 1371 relinquas,

246 1389 413 1435 deseras,
431 1389 482 1426 ad
502 1387 744 1426 adversarios
767 1395 938 1425 transeas
956 1389 972 1424 ?
1028 1387 1065 1426 O
1087 1388 1224 1433 scelus,
1243 1400 1268 1424 o
1289 1393 1515 1435 portentum
1537 1385 1576 1424 in

246 1452 403 1491 ultimas
434 1461 553 1491 terras
584 1454 897 1503 exportandum!
956 1453 1048 1490 Non
1077 1451 1182 1490 enirn
1208 1459 1337 1501 potest
1367 1464 1412 1489 ea
1439 1459 1577 1489 natura

245 1531 347 1567 quae
378 1525 532 1556 tantum
562 1518 713 1556 facinus
740 1517 980 1556 commiserit
1007 1518 1082 1555 hoc
1113 1530 1194 1555 uno
1215 1517 1360 1554 scelere
1381 1529 1466 1554 esse
1486 1529 1577 1554 con-

245 1590 353 1620 tenta
369 1598 375 1620 :
396 1596 558 1622 necesse
572 1590 629 1621 est
643 1596 796 1632 semper
811 1582 960 1632 aliquid
977 1582 1059 1621 eius
1081 1581 1189 1620 modi
1204 1580 1396 1629 moliatur,
1415 1594 1576 1620 necesse

246 1655 304 1685 est
324 1647 363 1684 in
384 1647 500 1685 simili
520 1647 685 1686 audacia
706 1647 948 1698 perfidiaque
969 1654 1150 1685 versetur.

302 1714 442 1763 Itaque
462 1712 567 1751 idem
589 1713 670 1758 iste,
694 1727 812 1763 quem
836 1714 907 1752 Cn.
930 1713 1138 1751 Dolabella
1159 1720 1295 1762 postea
1317 1712 1361 1751 C.
1386 1712 1576 1750 Malleolo

246 1777 378 1816 occiso
411 1791 482 1827 pro
514 1786 720 1827 quaestore
750 1778 1085 1825 habuit‚——haud
1119 1777 1200 1815 scio
1225 1791 1274 1815 an
1305 1777 1429 1815 maior
1457 1777 1575 1815 etiam
1598 1792 1612 1813 2

245 1843 342 1881 haec
363 1842 613 1881 necessitudo
635 1843 747 1881 fuerit
764 1856 883 1893 quam
900 1842 964 1880 illa
986 1842 1191 1889 Carbonis,
1209 1856 1256 1880 ac
1276 1844 1364 1892 plus
1385 1841 1574 1881 iudicium

244 1907 455 1946 voluntatis
487 1909 614 1946 valere
640 1922 758 1957 quarn
792 1908 905 1946 sortis
933 1907 1253 1954 debeat,—idem
1282 1907 1321 1944 in
1355 1908 1427 1946 Cn.
1458 1908 1574 1945 Dola-

245 1972 387 2010 bellam
422 1972 489 2022 qui
523 1972 562 2010 in
595 1974 667 2012 Cn.
695 1973 919 2012 Carbonem
950 1972 1031 2011 fuit.
1110 1974 1214 2010 Nam
1245 1986 1347 2022 quae
1376 1972 1414 2009 in
1446 1971 1573 2021 ipsum

243 2037 425 2075 valebant
446 2037 609 2075 crimina
629 2037 793 2076 contulit
823 2037 861 2075 in
890 2037 1011 2085 illum,
1028 2050 1266 2087 causamque
1290 2036 1392 2074 illius
1413 2050 1572 2075 omnem

242 2103 293 2140 ad
315 2101 494 2141 inimicos
514 2111 840 2153 accusatoresque
857 2103 996 2141 detulit
1011 2117 1021 2150 3
1050 2102 1133 2152 ipse
1154 2101 1192 2139 in
1215 2115 1305 2139 eum
1326 2100 1389 2139 cui
1410 2103 1570 2150 legatus,
1596 2115 1608 2125 *

288 2216 307 2236 2
331 2205 378 2236 nil
395 2205 561 2247 Zielinski,
575 2213 608 2248 p.
631 2208 691 2247 178
868 2218 885 2246 7
910 2208 1072 2239 accedere
1089 2207 1125 2238 D
1140 2207 1182 2239 al.
1200 2220 1222 2237 π
1240 2207 1276 2247 (ἰ,
1299 2211 1314 2245 ξ
1332 2208 1368 2246 4)
1533 2215 1569 2236 11

245 2263 321 2282 eum
347 2253 403 2292 qui
430 2251 613 2293 DKZpbr:
648 2254 703 2291 qui
732 2263 775 2291 q:
799 2262 874 2282 cum
905 2250 948 2292 G.2
1085 2261 1122 2289 13
1147 2261 1211 2280 non
1238 2252 1337 2282 modo
1362 2262 1429 2282 non
1456 2252 1568 2283 codd:

241 2306 308 2326 non
326 2297 426 2327 modo
444 2296 518 2326 Asc.
539 2296 609 2327 cdd.
633 2295 694 2336 (Cl.
714 2296 792 2326 Rev.
810 2305 865 2324 xx.
886 2295 964 2333 256)
1100 2303 1136 2332 15
1160 2293 1211 2323 Tu
1230 2304 1302 2324 eum
1314 2294 1379 2334 pb:
1407 2300 1476 2326 tum
1494 2306 1568 2327 cum

242 2338 279 2370 D
292 2339 335 2370 al.
353 2351 359 2369 :
385 2350 459 2370 cum
482 2339 595 2381 G2LK
726 2339 768 2369 28
794 2339 825 2368 in
844 2338 916 2376 ipso
934 2338 1011 2368 Asc.
1031 2336 1099 2368 cdd.
1120 2340 1189 2367 vett.

1604 809 1642 832 10

1603 1137 1640 1170 15

1599 1464 1639 1486 20
