1715 2734
145 78 196 116 47
221 84 280 116 125
589 70 646 107 M.
677 70 847 107 TVLLI
879 69 1185 109 CICERONIS

217 183 338 221 vero?
371 181 437 220 illa
470 183 775 232 Segestanorum
807 194 887 219 non
922 183 1050 220 solum
1079 181 1216 221 litteris
1245 183 1387 222 tradita
1413 197 1544 235 neque

216 254 526 286 commemorata
546 246 686 293 verbis,
710 247 780 284 sed
801 245 934 284 multis
959 245 1097 284 officiis
1125 246 1281 286 illorum
1302 255 1487 298 usurpata
1506 257 1545 288 et

216 312 474 362 comprobata
494 311 679 362 cognatio
699 324 798 361 quos
827 312 987 349 tandem
1016 312 1162 350 fructus
1190 313 1353 351 huiusce
1380 313 1546 352 necessi-

218 376 366 416 tudinis
405 376 444 414 in
484 376 592 415 istius
632 375 797 426 imperio
836 375 955 414 tulit?
1030 377 1186 426 Nempe
1225 378 1302 415 hoc
1340 376 1421 416 iure
1460 378 1541 426 fuit,

218 443 379 489 iudices,
415 450 457 481 ut
491 457 537 480 ex
571 441 659 480 sinu
689 441 837 492 patriae
866 441 1135 480 nobilissimus
1169 443 1402 481 adulescens
1434 443 1544 482 istius
1563 453 1580 485 5

215 507 385 546 carnifici
435 507 567 546 Sextio
610 508 828 546 dederetur.
904 506 979 546 Cui
1023 506 1170 545 civitati
1214 507 1379 546 maiores
1422 509 1543 547 nostri

216 572 406 610 maximos
444 586 557 621 agros
599 579 719 622 atque
762 571 934 622 optimos
980 579 1272 618 concesserunt,
1312 586 1431 622 quam
1477 574 1545 611 im-

216 651 377 676 munem
405 652 490 676 esse
518 639 736 684 voluerunt,
760 638 858 675 haec
887 637 995 686 apud
1017 644 1054 675 te
1075 636 1322 687 cognationis
1343 638 1544 676 fidelitatis

214 704 417 743 vetustatis
444 703 686 742 auctoritatis
708 717 757 742 ne
778 704 855 742 hoc
871 702 1034 753 quidem
1055 702 1146 741 iuris
1164 702 1346 750 obtinuit,
1366 711 1408 741 ut
1428 705 1544 742 unius

216 769 482 808 honestissimi
499 777 617 820 atque
634 767 947 807 innocentissimi
961 768 1055 807 civis
1072 776 1239 807 mortem
1253 782 1298 807 ac
1313 768 1544 818 sanguinem
1566 780 1604 803 10

214 836 498 885 deprecaretur.

141 878 194 967 4?
269 901 363 948 Quo
406 899 635 949 confugient
675 898 802 937 socii?
848 912 967 949 quern
1010 887 1308 949 implorabunt?
1355 912 1434 949 qua
1475 912 1544 950 spe

134 947 168 968 ¹⁸
183 950 194 969 ³
214 965 398 1015 denique,
421 972 463 1003 ut
487 964 616 1003 vivere
643 964 774 1011 velint,
798 964 1052 1011 tenebuntur,
1073 963 1105 1002 si
1131 977 1201 1002 vos
1231 977 1299 1003 eos
1328 964 1545 1003 deseretis?

214 1031 279 1068 Ad
314 1037 549 1068 senatumne
577 1029 766 1068 venient?
823 1028 963 1078 Quid?
1001 1036 1044 1067 ut
1075 1030 1126 1067 de
1152 1030 1275 1068 Verre
1306 1029 1543 1079 supplicium

213 1098 371 1134 sumat?
429 1097 521 1134 Non
543 1102 601 1133 est
622 1094 821 1142 usitatum,
844 1108 926 1133 non
948 1094 1200 1133 senatorium.
1259 1095 1325 1133 Ad
1351 1096 1543 1145 populum

216 1162 443 1199 Romanurn
476 1159 734 1211 confugient?
797 1159 937 1198 Facilis
969 1166 1028 1198 est
1061 1159 1199 1210 populi
1232 1173 1350 1198 causa
1366 1174 1377 1208 3
1416 1161 1543 1211 legem

213 1226 318 1265 enim
349 1240 390 1265 se
419 1226 617 1264 sociorum
647 1239 766 1264 causa
801 1225 959 1264 iussisse
986 1233 1025 1264 et
1051 1225 1134 1264 eius
1164 1225 1259 1276 legis
1284 1226 1469 1265 custodes
1497 1239 1544 1264 ac

212 1291 387 1330 vindices
408 1290 682 1342 praeposuisse
703 1290 818 1329 dicet.
880 1290 961 1329 Hic
988 1292 1098 1328 locus
1126 1290 1242 1340 igitur
1261 1298 1321 1329 est
1340 1303 1442 1329 unus
1462 1304 1543 1341 quo

213 1356 442 1407 perfugiant,
475 1356 539 1395 hic
569 1363 715 1406 portus,
748 1357 846 1394 haec
875 1369 951 1403 arx,
984 1356 1082 1394 haec
1110 1369 1176 1393 ara
1207 1355 1428 1404 sociorum3
1462 1369 1543 1406 quo

211 1421 373 1472 quidem
395 1435 501 1460 nunc
522 1435 603 1460 non
625 1421 678 1459 ita
698 1420 931 1471 confugiunt
952 1428 994 1458 ut
1014 1428 1131 1459 antea
1152 1420 1191 1458 in
1212 1420 1292 1459 suis
1313 1421 1541 1471 repetundis

212 1487 328 1525 rebus
358 1487 548 1525 solebant.
610 1487 702 1524 Non
733 1493 950 1536 argentum,
979 1499 1059 1523 non
1089 1499 1238 1532 aurum,
1268 1499 1349 1523 non
1379 1493 1539 1534 vestem,

212 1565 292 1589 non
328 1551 524 1601 mancipia
558 1558 750 1601 repetunt,
785 1564 865 1588 non
905 1558 1137 1588 ornamenta
1169 1564 1270 1600 quae
1301 1564 1348 1589 ex
1379 1551 1542 1589 urbibus

211 1616 390 1666 fanisque
407 1624 540 1667 erepta
554 1624 670 1663 sunt,
698 1623 878 1654 metuunt
900 1615 1082 1653 homines
1097 1615 1265 1664 imperiti
1282 1629 1332 1654 ne
1348 1615 1426 1653 iam
1442 1617 1541 1654 haec

212 1683 380 1732 populus
404 1683 610 1719 Romanus
631 1682 825 1720 concedat
846 1688 884 1719 et
904 1680 958 1718 ita
978 1680 1070 1718 velit
1092 1680 1183 1719 fieri.
1240 1680 1415 1718 Patimur
1434 1680 1540 1719 enirn

212 1749 356 1784 multos
390 1746 467 1784 iam
502 1760 628 1785 annos
663 1754 700 1784 et
735 1746 907 1793 silemus,
941 1759 1032 1784 cum
1068 1745 1272 1784 videamus
1305 1747 1357 1784 ad
1391 1759 1539 1796 paucos

212 1812 392 1851 homines
431 1812 560 1850 omnis
599 1811 778 1850 omniurn
821 1811 1026 1849 nationum
1068 1810 1256 1860 pecunias
1303 1811 1537 1861 pervenisse.

254 1928 273 1957 5
299 1919 427 1957 patriae
445 1918 527 1959 RSp
543 1930 549 1948 :
575 1919 685 1958 patrio
707 1918 757 1949 V:
782 1919 885 1958 patris
904 1920 919 1948 δ
1035 1922 1110 1958 post
1125 1916 1324 1948 adulescens
1340 1915 1458 1946 habent
1475 1915 1542 1957 Vp&

211 1966 244 1991 et
261 1972 304 1991 ex
320 1962 498 2001 complexu
518 1963 632 1993 matris
651 1968 790 2001 ereptus
808 1963 972 1993 innocens
991 1962 1095 2002 (filius
1114 1962 1143 1994 δῖ
1164 1972 1171 1990 t
1196 1971 1260 1990 om.
1280 1959 1344 1990 RS
1360 1959 1408 1998 (ii,
1430 1960 1451 1995 i,
1471 1960 1538 2002 57)

214 2015 251 2043 14
275 2011 476 2035 senatumne
498 2006 545 2036 V:
570 2011 723 2036 senatum
742 2005 834 2035 RSw
910 2006 1049 2036 venient
1068 2004 1182 2035 RSW:
1207 2003 1345 2034 veniant
1367 2003 1414 2033 V:
1441 2013 1538 2034 sena—

211 2054 277 2078 tum
295 2049 477 2079 devenient
492 2050 532 2088 [⁷6
655 2060 692 2088 15
718 2054 849 2080 sumant
873 2049 984 2089 VRSp
1064 2059 1131 2078 non
1150 2053 1344 2078 senatorum
1361 2045 1445 2077 RS:
1470 2057 1538 2077 non

209 2097 261 2122 est
278 2093 483 2122 senatorium
505 2093 536 2122 V
688 2094 726 2122 16
751 2094 862 2132 populi
881 2103 981 2123 causa
999 2092 1092 2122 RSW
1108 2105 1115 2122 ·.
1140 2101 1241 2122 causa
1258 2101 1334 2130 pop.
1349 2091 1414 2129 pb:
1438 2099 1539 2121 causa

210 2135 274 2165 PR
291 2136 321 2164 V
438 2146 473 2175 17
499 2136 572 2166 eius
591 2136 676 2173 legis
695 2137 804 2175 fleges
817 2142 855 2176 pl
876 2136 979 2176 RSp:
1003 2137 1073 2165 cius
1095 2135 1142 2165 V:
1168 2135 1217 2165 cis
1235 2134 1301 2173 legi
1321 2136 1337 2164 δ
1355 2145 1361 2163 :
1386 2143 1447 2164 vos
1464 2133 1539 2164 eius

210 2179 303 2217 leges
320 2190 359 2218 q:
384 2189 443 2209 vos
459 2180 487 2209 ei
508 2180 573 2218 legi
596 2180 771 2211 Vt'clort'ns:
797 2180 827 2209 ei
846 2190 907 2210 vos
925 2180 989 2215 legi
1010 2179 1097 2210 Iord.
1117 2182 1146 2208 ct
1162 2178 1232 2209 edd.
1391 2186 1430 2216 19
1452 2176 1537 2207 haec

210 2233 268 2252 arx
301 2233 366 2253 om.
402 2222 496 2253 st
644 2233 685 2253 20
709 2224 907 2262 repetundis
943 2223 992 2252 V:
1032 2222 1144 2252 -endis
1176 2221 1240 2252 RS
1390 2230 1428 2250 21
1457 2219 1535 2250 Non

210 2276 326 2296 aurum
345 2276 412 2296 non
430 2276 497 2303 arg.
521 2266 567 2306 Vq
721 2277 762 2304 24
787 2266 868 2296 velit
886 2266 959 2296 ficri
981 2266 1016 2304 V,
1037 2265 1160 2303 Halm,
1177 2264 1335 2295 Zielinski
1351 2263 1410 2304 (p.
1430 2263 1508 2304 198)
1524 2272 1535 2293 .·

211 2309 283 2339 fieri
300 2309 382 2340 velit
400 2310 462 2340 rell.
484 2310 546 2349 giii,
566 2313 581 2347 ξ
604 2311 678 2350 168)
813 2311 856 2339 26
879 2309 989 2340 omnis
1011 2309 1081 2349 Vp:
1105 2319 1168 2339 om.
1190 2307 1286 2338 RSw

1566 1106 1602 1138 15

1562 1437 1602 1460 20

1560 1761 1600 1794 25
