1715 2734
165 96 433 135 ACTIONIS
455 97 516 134 IN
537 96 581 135 C.
604 96 846 136 VERREM
869 96 1168 135 SECVNDAE
1190 96 1292 133 LIB.
1319 95 1385 133 III
1437 105 1490 132 20
1513 109 1552 142 52

164 206 284 246 simos
322 221 368 244 ac
411 206 741 256 locupletissimos
781 206 849 245 tibi
896 204 1186 244 inimicissimos
1230 205 1311 243 ficri
1355 207 1491 252 nolles,

164 271 238 309 nisi
269 273 371 309 hanc
406 271 596 309 rationem
627 278 665 309 et
695 270 974 320 cogitationem
1009 269 1143 307 salutis
1179 277 1268 307 tuae
1303 270 1494 319 pecuniae

163 336 357 386 cupiditas
404 350 450 374 ac
499 349 683 385 praesens
732 335 797 373 illa
850 336 994 385 praeda
1051 342 1261 384 superaret.
1336 334 1493 372 Etenim
1516 347 1556 378 53

164 401 351 450 quoniam
380 414 576 439 summam
605 414 651 438 ac
681 414 888 439 numerum
920 399 1146 437 iniuriarum
1176 398 1298 445 vobis,
1331 399 1492 445 iudices,

125 477 143 508 5
164 479 244 503 non
265 479 425 516 possum
447 479 685 515 expromere,
705 465 929 515 singillatim
946 471 1079 502 autem
1100 465 1150 502 de
1172 463 1286 501 unius
1304 463 1495 513 cuiusque

163 530 419 569 incommodo
450 531 580 569 dicere
620 531 818 569 infinitum
853 537 922 577 est,
963 542 1106 580 genera
1138 529 1223 579 ipsa
1254 528 1492 576 iniuriarum,

163 610 321 646 quaeso,
345 596 583 646 cognoscite.

218 663 406 711 Nympho
431 669 488 699 est
524 661 821 711 Centuripinus,
852 662 974 699 homo
1006 673 1155 710 gnavus
1189 667 1227 698 et
1266 659 1491 707 industrius,
1513 668 1559 695 21

163 726 519 776 experientissimus
539 739 584 764 ac
605 726 926 776 diligentissimus
947 734 1084 764 arator.
1130 727 1168 763 Is
1189 738 1279 763 cum
1300 724 1494 763 arationes

105 803 146 826 10
164 804 324 841 magnas
351 793 567 829 conductas
593 791 764 837 haberet,
788 792 897 840 quod
918 790 1099 828 homines
1126 789 1243 828 etiam
1265 790 1492 838 locupletes,

163 856 262 894 sicut
293 856 357 894 ille
387 864 454 903 est,
490 856 529 893 in
562 856 693 894 Sicilia
730 858 859 894 facere
888 863 1140 902 consuerunt,
1177 867 1323 904 easque
1352 867 1494 903 magna

162 921 341 971 impensa
383 934 607 970 magnoque
646 921 908 958 instrumento
956 928 1138 966 tueretur,
1181 927 1289 957 tanta
1327 920 1378 957 ab
1418 918 1494 956 isto

162 986 367 1036 iniquitate
395 1000 605 1036 oppressus
633 994 692 1024 est
718 994 759 1023 ut
782 999 862 1023 non
884 986 1005 1024 modo
1031 985 1223 1023 arationes
1245 984 1490 1034 relinqueret,

162 1053 231 1090 sed
253 1051 369 1089 etiarn
392 1065 438 1089 ex
459 1051 588 1089 Sicilia
608 1052 830 1100 profugeret
860 1052 1111 1099 Romamque
1142 1063 1220 1087 una
1240 1063 1330 1087 cum
1361 1048 1494 1086 multis

107 1127 142 1158 15
161 1117 213 1154 ab
242 1116 316 1154 isto
346 1116 479 1154 eiectis
508 1116 667 1154 veniret.
728 1115 837 1154 Fecit
866 1123 909 1153 ut
938 1116 1182 1154 decumanus
1211 1115 1492 1164 Nymphonem

162 1188 320 1230 negaret
359 1195 405 1219 ex
440 1180 571 1219 edicto
605 1180 671 1218 illo
707 1182 918 1230 praeclaro,
961 1181 1069 1229 quod
1109 1181 1257 1216 nullam
1290 1180 1341 1216 ad
1375 1178 1491 1216 aliam

162 1259 243 1283 rem
283 1245 356 1282 nisi
395 1247 445 1283 ad
484 1245 599 1283 huius
639 1244 748 1283 modi
787 1252 972 1294 quaestus
1011 1243 1242 1293 pertinebat,
1283 1256 1492 1281 numerum

162 1310 337 1360 iugerum
367 1311 584 1359 professum
616 1322 711 1347 esse.
746 1310 934 1359 Nympho
955 1321 1045 1346 cum
1077 1322 1117 1346 se
1151 1309 1267 1346 vellet
1290 1320 1419 1357 aequo
1440 1308 1493 1346 iu·
1512 1319 1553 1352 54

161 1375 266 1414 dicio
282 1376 505 1421 defendere,
523 1376 589 1413 dat
606 1374 678 1412 iste
694 1374 795 1412 viros
812 1373 983 1424 optimos
1000 1381 1301 1423 recuperatores,
1320 1374 1491 1411 eundem

104 1454 144 1476 20
162 1440 271 1479 illum
294 1440 493 1479 medicum
511 1440 751 1487 Cornelium,
776 1439 807 1477 is
830 1447 887 1477 est
906 1438 1180 1477 Artemidorus
1202 1439 1407 1487 Pergaeus,
1424 1439 1490 1487 qui

162 1505 201 1543 in
227 1519 295 1544 sua
316 1505 439 1555 patria
469 1507 549 1544 dux
570 1504 632 1542 isti
659 1505 862 1554 quondam
893 1511 930 1542 et
961 1503 1142 1553 magister
1161 1504 1212 1541 ad
1239 1502 1490 1552 spoliandum

163 1570 315 1609 Dianae
342 1572 533 1620 ternplum
556 1569 637 1617 fuit,
661 1577 699 1608 et
730 1569 978 1619 haruspicem
1000 1568 1208 1607 Volusium
1231 1576 1268 1606 et
1290 1567 1490 1606 Valerium

161 1648 408 1685 praeconem.
460 1636 649 1685 Nympho
681 1642 893 1683 antequam
915 1635 1030 1683 plane
1052 1632 1226 1671 constitit
1254 1633 1492 1671 condemna-

161 1708 232 1740 tur.
293 1700 442 1750 Quanti
483 1701 644 1738 fortasse
676 1698 875 1749 quaeritis.
932 1700 1052 1737 Nulla
1091 1706 1171 1736 erat
1205 1697 1324 1736 edicti
1363 1710 1491 1747 poena

102 1779 142 1810 25
162 1773 290 1803 certa:
338 1764 522 1803 frumenti
561 1764 644 1802 eius
684 1763 812 1802 omnis
856 1764 964 1813 quod
1012 1763 1051 1800 in
1099 1762 1197 1801 areis
1241 1770 1352 1801 esset.
1427 1762 1491 1800 Sic

161 1830 360 1880 Apronius
404 1831 647 1868 decumanus
692 1842 772 1866 non
813 1830 1022 1867 decumam
1061 1828 1248 1875 debitam,
1290 1841 1370 1865 non
1418 1829 1490 1865 fru-

161 1902 336 1932 mentum
386 1902 579 1933 remotum
625 1901 743 1943 atque
789 1895 970 1939 celatum,
1012 1894 1081 1930 sed
1125 1892 1238 1930 tritici
1278 1904 1335 1929 vll
1384 1892 1490 1930 milia

160 1960 404 1997 medimnum
441 1973 487 1997 ex
516 1958 769 2008 Nymphonis
804 1957 1044 1995 arationibus
1079 1957 1197 1995 edicti
1233 1970 1371 2006 poena,
1408 1970 1487 1994 non

160 2025 441 2074 redemptionis
470 2024 603 2074 aliquo
632 2024 713 2062 iure
744 2023 854 2061 tollit.

206 2140 217 2159 1
245 2140 282 2160 ac
300 2129 454 2170 locuplet.
475 2128 542 2160 cO:
567 2139 633 2159 om.
659 2129 706 2168 Vp
727 2128 794 2158 rell.
810 2128 856 2166 (ii,
880 2130 894 2164 ξ
915 2138 976 2166 23;
1003 2128 1090 2166 infra
1108 2137 1168 2165 25;
1205 2127 1248 2164 iii,
1272 2129 1307 2164 ἓξ
1326 2137 1379 2165 97,
1403 2127 1487 2164 186;

161 2174 203 2209 iv,
224 2177 238 2210 ξ
258 2176 312 2212 25)
448 2184 466 2211 4
491 2183 529 2203 ac
551 2171 632 2203 VO:
657 2177 726 2211 etp
744 2172 810 2201 rell.
957 2182 976 2209 5
1001 2181 1203 2210 expromere
1221 2169 1290 2200 cO:
1314 2180 1487 2209 exponere

162 2217 225 2247 rell.
376 2227 397 2254 9
422 2221 455 2246 et
473 2226 587 2255 exper.
608 2220 721 2245 arator
738 2216 817 2253 (om.
839 2225 876 2245 ac
894 2214 1001 2253 dilig.)
1026 2214 1052 2243 l'
1076 2214 1168 2248 tZid.
1183 2219 1217 2252 p.
1240 2216 1313 2253 195)
1449 2215 1488 2242 16

161 2260 216 2290 illo
239 2259 319 2290 VO:
344 2270 408 2290 om.
428 2260 470 2289 uk
607 2259 644 2288 18
669 2269 774 2296 aequo
791 2259 893 2289 vellet
916 2258 947 2288 V
1075 2268 1111 2287 21
1140 2257 1236 2287 istius
1257 2256 1287 2286 O
1384 2256 1487 2294 spoli-

160 2304 281 2333 andum
305 2302 387 2332 VO:
413 2302 541 2341 despol.
558 2307 583 2342 p
601 2302 686 2332 rell.:
713 2301 824 2338 expol.
845 2312 864 2340 q
954 2310 994 2331 22
1019 2300 1192 2330 Volusium
1215 2300 1312 2330 VcO:
1336 2299 1485 2330 Volusia-

161 2356 238 2376 num
258 2346 323 2376 rell.
461 2355 502 2384 25
527 2346 635 2376 omnis
654 2346 727 2375 eius
747 2344 777 2373 O
