1715 2734
115 70 384 108 ACTIONIS
416 70 477 107 IN
508 70 552 108 C.
576 70 819 107 VERREM
850 69 1151 108 SECVNDAE
1183 70 1285 107 LIB.
1311 69 1329 106 I
1370 68 1414 105 18
1436 74 1480 116 46

85 183 201 222 donis
214 182 335 229 istius,
348 190 489 220 onusta
502 181 622 232 signis
639 181 838 231 religiosis,
848 183 1009 231 expulsa
1017 189 1136 231 atque
1153 181 1277 219 eiecta
1290 183 1412 219 fluctu

83 247 293 297 frangitur,
332 247 372 284 in
403 246 514 285 litore
543 246 653 296 signa
682 246 747 284 illa
775 246 971 296 Apollinis
1002 246 1271 296 reperiuntur3
1305 246 1412 284 iussu

85 312 316 350 Dolabellae
337 318 591 361 reponuntur.
650 312 883 361 Tempestas
900 312 1068 357 sedatur,
1087 310 1295 349 Dolabella
1310 312 1412 349 Delo

81 376 348 426 proficiscitur.

45 457 62 487 5
136 443 229 479 Non
250 440 391 479 dubito
412 441 519 491 quin,
538 440 693 478 tametsi
714 442 843 478 nullus
864 439 903 477 in
925 447 963 478 te
984 453 1121 478 sensus
1142 439 1408 486 humanitatis,
1431 456 1469 490 47

80 508 187 544 nulla
217 506 314 544 ratio
346 520 535 556 umquam
568 506 639 543 fuit
674 505 881 555 religionis,
919 518 1025 542 nunc
1060 512 1191 542 tamen
1224 504 1263 542 in
1304 513 1410 542 metu

79 570 333 621 periculoque
363 579 432 609 tuo
462 579 618 608 tuorum
654 570 724 607 tibi
764 571 954 608 scelerum
987 569 1117 608 veniat
1148 569 1187 606 in
1223 578 1408 607 mentem.

81 636 267 673 Potestne
296 635 367 672 tibi
398 637 476 673 ulla
505 648 593 684 spes
633 635 766 672 salutis
797 636 1010 672 commoda
1039 634 1205 680 ostendi,
1236 647 1327 672 cum
1358 649 1411 672 re-

79 700 252 738 cordaris
271 699 310 737 in
340 702 436 738 deos
458 699 688 737 immortalis
718 713 837 749 quam
868 699 1022 748 impius,
1046 712 1164 749 quam
1187 701 1407 745 sceleratus,

27 780 61 801 10
79 778 197 814 quam
237 765 406 802 nefarius
445 765 592 803 fueris?
640 765 920 814 Apollinemne
960 772 1000 802 tu
1043 764 1202 802 Delium
1243 764 1409 814 spoliare

77 843 195 867 ausus
235 831 308 867 es?
358 830 473 868 Illine
514 838 556 867 tu
602 831 753 878 templo
802 837 881 867 tam
924 829 1099 878 antiquo,
1137 837 1217 866 tam
1258 837 1409 876 sancto,

78 902 157 932 tarn
188 894 369 944 religioso
404 908 544 932 manus
574 894 714 944 impias
745 908 791 932 ac
825 894 1030 944 sacrilegas
1059 895 1211 932 adferre
1243 902 1408 932 conatus

77 961 148 997 es?
195 959 235 997 Si
264 959 303 997 in
329 959 494 1009 pueritia
524 972 605 997 non
636 959 680 997 iis
708 959 856 997 artibus
886 973 931 997 ac
962 959 1178 1008 disciplinis
1208 959 1408 997 institutus

77 1038 160 1062 eras
208 1033 250 1062 ut
299 1039 345 1063 ea
386 1039 487 1075 quae
530 1025 666 1063 litteris
708 1026 894 1063 mandata
943 1032 1033 1062 sunt
1075 1024 1246 1063 disceres
1288 1032 1407 1074 atque

21 1103 57 1136 15
76 1103 344 1140 cognosceres,
386 1104 437 1128 ne
478 1098 615 1140 postea
661 1090 834 1140 quidem,
880 1103 969 1128 curn
1014 1089 1054 1126 in
1100 1103 1145 1127 ea
1193 1090 1275 1139 ipsa
1321 1091 1406 1128 loca

75 1154 226 1201 venisti,
264 1155 425 1205 potuisti
459 1156 637 1205 accipere
672 1156 711 1194 id
746 1156 855 1205 quod
890 1163 947 1193 est
982 1155 1181 1204 proditum
1217 1155 1406 1193 memoria

74 1234 120 1259 ac
152 1219 298 1267 litteris,
336 1222 530 1258 Latonam
562 1234 608 1258 ex
639 1222 758 1270 longo
787 1234 915 1258 errore
947 1227 985 1258 et
1015 1221 1105 1269 fuga
1135 1219 1335 1269 gravidam
1367 1228 1406 1258 et
1426 1227 1466 1266 48

75 1284 151 1322 iarn
189 1287 241 1324 ad
274 1286 508 1335 pariendum
544 1286 788 1336 temporibus
819 1285 963 1324 exactis
1003 1285 1226 1335 confugisse
1258 1287 1402 1323 Delum

73 1358 192 1400 atque
207 1350 262 1388 ibi
282 1351 509 1401 Apollinem
525 1351 778 1401 Dianamque
795 1351 1022 1401 peperisse?
1051 1364 1128 1400 qua
1149 1365 1195 1389 ex
1216 1351 1404 1400 opinione

17 1429 55 1452 20
73 1415 280 1453 hominum
301 1416 366 1453 illa
390 1416 517 1454 insula
537 1430 673 1455 eorum
701 1418 867 1454 deorum
896 1429 1004 1454 sacra
1024 1424 1192 1466 putatur,
1217 1424 1404 1465 tantaque

73 1479 155 1517 eius
184 1480 394 1518 auctoritas
415 1481 612 1531 religionis
640 1489 677 1519 et
707 1489 765 1519 est
787 1489 823 1519 et
846 1495 1000 1530 semper
1030 1481 1100 1518 fuit
1122 1488 1163 1518 ut
1191 1495 1240 1518 ne
1264 1483 1403 1519 Persae

72 1545 244 1594 quidem,
272 1559 363 1584 cum
393 1547 541 1585 bellum
572 1547 643 1584 toti
680 1547 878 1593 Graeciae,
908 1547 968 1585 dis
993 1546 1313 1596 hominibusque,
1350 1548 1403 1585 in—

72 1609 270 1657 dixissent,
312 1619 350 1649 et
396 1611 502 1649 mille
547 1625 712 1650 numero
756 1612 914 1649 navium
956 1613 1121 1649 classem
1164 1613 1214 1650 ad
1256 1614 1400 1650 Delum

72 1675 326 1724 adpulissent‚
350 1676 563 1726 quicquam
585 1685 821 1715 conarentur
851 1685 917 1714 aut
938 1676 1082 1714 violare
1110 1685 1177 1714 aut
1197 1677 1397 1727 attingere.

16 1753 52 1784 ²5
74 1741 166 1778 Hoc
186 1749 227 1779 tu
248 1743 383 1779 fanum
404 1743 647 1792 depopulari,
671 1744 792 1780 homo
822 1741 1111 1791 improbissime
1132 1749 1250 1791 atque
1270 1756 1400 1781 arnen-

72 1804 229 1852 tissime,
261 1807 466 1845 audebas?
515 1808 603 1845 Fuit
636 1810 714 1845 ulla
746 1807 941 1857 cupiditas
974 1815 1082 1844 tanta
1117 1820 1218 1856 quae
1250 1815 1398 1846 tantam

71 1870 331 1920 exstingueret
351 1873 608 1922 religionem?
651 1875 700 1910 Et
722 1872 753 1910 si
781 1880 863 1910 tum
887 1873 984 1910 haec
1005 1885 1086 1909 non
1115 1872 1325 1921 cogitabas,
1350 1887 1398 1911 ne

70 1948 174 1974 nunc
205 1937 366 1986 quidem
397 1937 610 1976 recordaris
632 1939 783 1975 nullum
814 1951 898 1975 esse
928 1945 1080 1975 tantum
1113 1938 1259 1974 malum
1290 1940 1398 1987 quod

69 2013 148 2038 non
170 2000 240 2039 tibi
260 2015 329 2051 pro
351 2003 561 2040 sceleribus
583 2002 658 2040 tuis
679 2002 756 2040 iam
778 2002 845 2040 diu
867 2003 1089 2040 debeatur?

113 2115 131 2134 2
155 2104 211 2134 illa
228 2105 332 2136 ΒΨνῑ
357 2116 422 2136 om.
438 2107 502 2146 qu
520 2106 626 2136 Sclzol.
642 2106 784 2136 Gronov.
878 2117 894 2145 7
919 2106 1047 2135 venerit
1066 2105 1121 2144 q¹r
1238 2115 1272 2134 11
1302 2105 1397 2136 illine

70 2147 104 2177 D
116 2148 155 2179 al.
174 2160 194 2178 π
209 2159 214 2177 :
240 2148 285 2178 illi
307 2148 361 2187 Gn,
454 2160 492 2188 13
510 2151 550 2180 iis
566 2149 633 2179 edd.
655 2160 724 2179 rece.
742 2160 748 2178 t
772 2149 823 2178 his
834 2148 890 2188 Dp
901 2149 965 2180 rell.
1062 2150 1100 2178 16
1118 2150 1300 2178 memoriae
1317 2149 1397 2189 Glbfi

73 2192 110 2221 18
133 2192 174 2222 ad
192 2192 387 2230 pariendum
404 2193 545 2223 vicinam
564 2195 596 2222 νδ
741 2202 779 2230 19
805 2192 847 2221 ibi
862 2204 927 2223 om.
941 2193 974 2222 in
986 2193 1041 2223 lac.
1053 2198 1076 2232 p
1188 2203 1228 2222 22
1254 2193 1395 2223 homini-

70 2234 194 2273 busque
208 2234 275 2274 pG,
295 2236 369 2266 Asc.
392 2247 398 2266 z
422 2237 614 2266 hominibus
635 2235 699 2265 ΒΨ
789 2246 829 2274 25
854 2236 1052 2275 depopulari
1072 2236 1112 2265 h:
1136 2246 1208 2265 -are
1225 2235 1311 2275 pr
1327 2237 1369 2267 al.
1389 2248 1396 2266 ε

72 2277 264 2316 depeculari
280 2277 412 2312 Lamb.,
431 2278 544 2309 Muell.
563 2279 650 2315 (Aci.
669 2280 726 2309 Pr.
747 2282 762 2316 ξ
784 2284 836 2317 14)
972 2282 1013 2309 26
1037 2280 1102 2309 ulla
1123 2279 1162 2318 Gl
1176 2280 1243 2309 al.:
1268 2281 1325 2309 illa
1342 2280 1397 2320 Dp

70 2322 187 2359 etpler.
318 2332 360 2360 29
386 2323 449 2352 iam
467 2324 508 2352 ffb
524 2335 530 2352 :
555 2330 622 2353 tam
641 2323 704 2352 ΒΨ

113 2376 174 2396 crc.
193 2376 269 2396 ven.
1286 2372 1305 2399 5
