1715 2734
230 82 496 121 ACTIONIS
526 84 587 122 IN
616 84 662 122 C.
683 85 924 121 VERREM
955 83 1252 122 SECVNDAE
1282 83 1386 120 LIB.
1408 83 1446 118 V
1500 90 1551 119 22
1571 84 1612 126 56

228 192 352 230 multa
375 192 498 242 pretia
520 206 565 231 ac
596 206 757 231 munera
786 194 1025 240 conlocasse,
1049 206 1139 231 curn
1168 191 1273 230 idem
1302 191 1367 230 alii
1386 190 1479 230 iuris
1506 205 1552 230 ex

228 258 366 295 eadem
386 270 503 295 causa
522 271 602 296 non
624 257 846 296 obtinerent
862 260 878 295 ?

282 321 362 360 Hic
388 322 483 360 mihi
517 322 635 361 etiam
666 322 828 361 audebit
856 321 1097 360 mentionem
1130 323 1256 359 facere
1290 321 1550 360 Mamertinae
1571 330 1610 364 57

227 386 486 425 laudationis!
541 386 580 424 in
620 400 697 437 qua
736 401 855 437 quarn
891 388 1013 424 multa
1052 385 1128 424 sint
1166 387 1326 425 vulnera
1366 385 1453 436 quis
1492 393 1550 424 est

190 466 206 497 5
226 459 410 499 vestrum,
421 451 584 499 iudices,
595 452 690 502 quin
707 452 928 502 intellegat?
959 451 1134 489 Primum
1148 452 1246 489 enim
1262 451 1300 488 in
1315 450 1469 489 iudiciis
1483 450 1550 500 qui

224 517 364 554 decem
389 518 610 555 laudatores
635 518 728 555 dare
749 531 828 556 non
850 523 990 566 potest,
1014 515 1216 554 honestius
1246 523 1304 553 est
1334 515 1369 553 ei
1397 516 1548 552 nullum

224 582 316 619 dare
344 594 463 630 quam
493 580 602 619 illum
633 581 743 630 quasi
769 580 985 631 legitimum
1013 593 1220 618 numerum
1252 578 1549 617 consuetudinis

224 658 304 683 non
334 647 497 695 explere.
556 647 634 684 Tot
664 645 703 683 in
734 645 864 684 Sicilia
897 644 1072 683 civitates
1106 651 1197 683 sunt
1227 643 1371 694 quibus
1405 651 1447 681 tu
1481 656 1549 693 per

222 708 432 748 triennium
454 707 674 758 praefuisti:
705 714 871 757 arguunt
886 714 1048 754 ceterae,
1067 721 1216 757 paucae
1236 716 1274 746 et
1289 721 1430 758 parvae
1449 710 1492 747 vi
1507 717 1545 748 et

167 790 204 812 10
223 782 329 813 metu
360 788 557 824 repressae
587 774 714 821 silent,
744 788 822 812 una
851 775 994 812 laudat.
1055 776 1147 813 Hoc
1177 774 1273 824 quid
1302 782 1360 812 est
1390 774 1463 812 nisi
1495 776 1547 812 in—

223 841 403 889 tellegere
428 838 524 888 quid
551 839 695 877 habeat
724 838 898 876 utilitatis
918 852 1008 876 vera
1037 839 1221 885 laudatio,
1245 840 1314 877 sed
1342 846 1473 877 tamen
1494 839 1547 877 ita

222 903 443 953 provinciae
457 903 668 953 praefuisse
685 911 726 941 ut
739 905 812 942 hac
828 903 993 942 utilitate
1010 904 1228 942 necessario
1242 903 1289 942 sit
1303 905 1546 943 carendum?

224 968 389 1015 Deinde,
421 969 530 1017 quod
558 968 636 1006 alio
665 969 753 1007 loco
784 976 899 1006 antea
930 968 1020 1015 dixi,
1057 982 1157 1018 quae
1191 976 1249 1007 est
1283 968 1355 1006 ista
1385 971 1544 1008 tandem
1565 978 1605 1017 58

221 1033 405 1080 laudatio,
429 1033 539 1071 cuius
560 1033 795 1072 laudationis
817 1033 931 1083 legati
953 1041 990 1071 et
1018 1034 1212 1084 principes
1233 1041 1271 1072 et
1296 1035 1453 1084 publice
1474 1035 1544 1074 tibi

165 1110 201 1140 15
221 1110 360 1135 navem
392 1097 637 1136 aedificatam
674 1105 711 1135 et
745 1097 924 1148 privatim
960 1112 1000 1136 se
1032 1098 1137 1148 ipsos
1171 1099 1240 1136 abs
1280 1107 1318 1137 te
1357 1100 1543 1149 spoliatos

218 1161 486 1211 expilatosque
533 1175 618 1200 esse
665 1162 875 1201 dixerunt?
941 1164 1146 1201 Postremo
1194 1163 1289 1213 quid
1335 1164 1442 1203 aliud
1482 1165 1543 1204 isti

218 1227 375 1274 faciunt,
399 1241 490 1265 curn
512 1235 549 1266 te
571 1228 642 1266 soli
665 1241 710 1266 ex
732 1227 862 1266 Sicilia
889 1229 1060 1275 laudant,
1086 1228 1159 1266 nisi
1180 1228 1406 1268 testimonio
1428 1230 1542 1269 nobis

217 1299 307 1329 sunt
342 1291 475 1330 onmia
509 1299 546 1330 te
578 1292 652 1330 sibi
685 1305 771 1331 esse
804 1293 983 1343 largitum
1018 1307 1118 1342 quae
1153 1302 1195 1332 tu
1229 1295 1280 1332 de
1311 1308 1350 1332 re
1384 1295 1543 1345 publica

217 1363 348 1394 nostra
377 1356 619 1395 detraxeris?
677 1358 790 1406 Quae
825 1357 981 1396 colonia
1015 1366 1072 1397 est
1106 1358 1145 1396 in
1177 1359 1291 1397 Italia
1320 1367 1399 1397 tam
1433 1360 1541 1399 bono

160 1432 197 1453 20
216 1419 307 1468 iure,
331 1422 439 1470 quod
460 1428 539 1459 tam
561 1421 736 1460 immune
758 1422 1026 1472 municipium,
1051 1425 1159 1473 quod
1188 1438 1255 1474 per
1276 1425 1395 1463 hosce
1415 1439 1541 1465 annos

174 1494 177 1499 ’
216 1492 295 1523 tarn
329 1488 541 1526 commoda
575 1487 779 1526 vacatione
814 1488 992 1526 omnium
1026 1502 1153 1527 rerum
1189 1489 1236 1527 sit
1268 1504 1381 1528 usum
1421 1505 1539 1541 quam

217 1550 453 1589 Mamertina
485 1551 650 1590 civitas?
709 1555 783 1590 Per
816 1552 1026 1591 triennium
1059 1554 1131 1592 soli
1164 1568 1210 1593 ex
1244 1556 1401 1594 foedere
1431 1559 1539 1607 quod

214 1614 435 1654 debuerunt
467 1630 547 1655 non
575 1618 782 1665 dederunt,
804 1617 876 1656 soli
906 1617 981 1656 isto
1008 1626 1185 1668 praetore
1212 1621 1389 1658 omnium
1412 1635 1538 1660 rerum

214 1678 408 1718 immunes
438 1682 603 1728 fuerunt,
636 1682 708 1721 soli
737 1681 777 1720 in
805 1682 914 1721 istius
945 1682 1109 1733 imperio
1139 1698 1184 1722 ea
1208 1685 1444 1725 condicione
1465 1688 1538 1726 vix-

156 1754 192 1784 25
213 1752 325 1782 erunt
345 1752 386 1783 ut
407 1747 555 1796 populo
578 1749 762 1786 Romano
783 1748 879 1785 nihil
900 1749 1050 1796 darent,
1072 1749 1182 1787 Verri
1204 1750 1300 1787 nihil
1321 1760 1517 1801 negarent.

266 1812 413 1849 Verum
435 1819 476 1849 ut
495 1813 545 1850 ad
567 1813 742 1860 classem,
761 1826 840 1863 quo
861 1826 907 1851 ex
927 1815 1016 1852 loco
1033 1827 1119 1852 sum
1137 1814 1345 1864 digressus,
1358 1825 1535 1865 revertar,
1557 1804 1606 1841 ²3

210 1875 395 1925 accepisti
416 1889 438 1914 a
461 1877 706 1915 Mamertinis
735 1891 875 1917 navem
906 1886 1042 1917 contra
1063 1881 1176 1929 leges,
1201 1880 1381 1919 remisisti
1402 1890 1537 1921 contra
1560 1864 1599 1896 59

210 1941 378 1979 foedera.
441 1942 501 1979 Ita
536 1941 574 1979 in
608 1956 686 1980 una
718 1942 872 1981 civitate
900 1943 959 1982 bis
995 1943 1197 1994 improbus
1226 1945 1341 1992 fuisti,
1379 1960 1468 1984 cum
1499 1955 1536 1986 et

210 2005 390 2044 remisisti
412 2007 520 2056 quod
541 2020 621 2045 non
643 2008 860 2057 oportebat,
884 2016 921 2046 et
942 2008 1126 2059 accepisti
1149 2011 1257 2059 quod
1279 2024 1358 2048 non
1380 2010 1532 2050 licebat.

151 2082 192 2113 30
212 2070 373 2120 Exigere
394 2078 431 2109 te
453 2071 623 2121 oportuit
644 2086 783 2110 navem
804 2086 904 2122 quae
926 2081 1060 2111 contra
1081 2075 1309 2123 praedones,
1334 2089 1414 2114 non
1435 2090 1535 2126 quae

251 2183 270 2211 5
297 2174 386 2204 enirn
404 2174 537 2214 scrfpsi:
563 2178 597 2204 ut
615 2174 716 2214 Rsps
734 2174 835 2205 Prisc.
854 2175 925 2210 (Gr.
942 2174 1017 2206 Lat.
1039 2177 1081 2210 iii,
1093 2182 1125 2216 p.
1145 2178 1223 2216 3385*
1239 2189 1246 2208 ;
1271 2188 1336 2209 om.
1349 2178 1529 2216 Hotoman.

207 2215 534 2255 Zz'elinskt'tPrirnum
550 2216 677 2256 om.p1)
768 2228 790 2256 9
815 2218 844 2248 vi
861 2217 936 2249 add.
951 2217 994 2250 Κ.
1007 2218 1136 2249 Busche
1203 2226 1235 2251 et
1249 2221 1341 2260 (ante
1351 2225 1454 2259 metu)
1467 2236 1531 2258 om.

204 2261 255 2299 pb.
303 2258 349 2297 Cf.
372 2259 391 2297 i,
408 2262 422 2296 ξ
438 2269 477 2298 57
497 2270 504 2298 3
530 2260 573 2299 iii,
591 2263 604 2296 ξ
621 2261 661 2298 67
759 2270 796 2300 13
821 2261 852 2291 id
870 2263 957 2300 quod
970 2263 986 2291 δ
1078 2265 1117 2293 16
1143 2264 1416 2305 exspoliatosque
1430 2267 1529 2308 RSp:

206 2302 474 2349 corr3Hotons1an
600 2304 638 2333 18
663 2304 704 2333 de
716 2305 760 2343 ῥδ
775 2304 990 2334 Arusianus:
1014 2316 1081 2337 om.
1100 2306 1164 2336 RS
1181 2307 1275 2346 (reip.
1300 2308 1356 2348 Gl)
1491 2322 1531 2351 24

207 2351 366 2452 pxiii-‘gin
380 2384 404 2419 p
420 2379 538 2453 :gvitae
558 2379 692 2411 suerunt
710 2382 726 2410 δ
873 2391 913 2420 25
938 2382 1147 2421 denegarent
1164 2384 1180 2413 δ
1198 2384 1261 2425 (nil
1280 2392 1443 2424 negarent
1460 2388 1531 2419 Zie-

218 2433 269 2453 ms
292 2428 359 2463 1‚p.
381 2433 416 2462 17
444 2430 456 2463 )
