1715 2734
167 94 433 133 ACTIONIS
465 95 525 132 IN
556 94 600 133 C.
623 94 864 131 VERREM
894 92 1193 132 SECVNDAE
1225 93 1326 129 LIB.
1350 93 1393 129 II
1428 91 1488 129 60
1510 103 1569 137 147

167 219 275 244 reum
305 213 343 244 te
369 219 455 244 esse
483 204 699 251 videantur,
731 218 832 254 quae
859 212 991 242 tamen
1020 202 1154 241 omnia
1179 215 1301 240 novas
1330 202 1489 241 iniurias

166 271 324 317 habent,
339 271 409 308 sed
423 269 731 320 postulationum
748 270 932 307 formulas
952 268 1112 307 usitatas
1126 282 1136 315 3
1157 268 1232 306 hoc
1249 269 1489 317 postulatum
1512 274 1571 313 148

166 335 215 373 de
235 334 370 373 statuis
391 334 599 373 ridiculum
624 347 708 372 esse
729 333 906 372 videatur
926 333 961 372 ei
981 332 1048 383 qui
1069 346 1151 371 rem
1173 331 1489 381 sententiamque

165 413 245 438 non
293 399 510 450 perspiciat.
570 400 775 437 Postulant
813 398 928 446 enim,
979 411 1060 436 non
1108 397 1163 435 uti
1210 411 1260 435 ne
1301 404 1490 447 cogantur

128 479 144 510 5
164 472 332 503 statuere
348 479 358 511 3
395 464 491 514 quid
521 463 664 514 igitur?
701 471 744 502 ut
773 463 866 514 ipsis
896 477 945 502 ne
974 463 1099 501 liceat.
1159 461 1271 510 Quid
1296 469 1355 500 est
1384 463 1490 500 hoc?

164 530 264 580 petis
294 544 317 568 a
344 544 417 578 me,
449 531 557 580 quod
587 530 626 568 in
653 538 720 569 tua
749 538 942 581 potestate
968 538 1040 578 est,
1060 537 1102 568 ut
1126 529 1166 568 id
1198 529 1269 568 tibi
1289 530 1416 568 facere
1440 543 1489 567 ne

164 595 277 634 liceat
291 611 301 643 3
330 603 419 646 pete
448 595 578 645 potius
607 610 657 634 ne
683 596 770 646 quis
800 603 839 635 te
867 595 1032 634 invitum
1063 594 1237 645 polliceri
1266 602 1334 632 aut
1362 596 1490 632 facere

163 668 286 710 cogat.
359 660 492 699 ‘Nihil
521 662 661 710 egero‚'
689 660 840 711 inquit3
882 661 1103 711 ‘negabunt
1137 659 1241 698 enim
1277 672 1416 698 omnes
1448 673 1489 697 se

162 725 337 774 coegisse
353 739 363 772 3
391 724 423 763 si
444 738 506 764 me
533 727 683 763 salvum
710 739 795 765 esse
815 725 883 772 vis,
907 725 1003 763 mihi
1030 725 1190 775 impone
1211 724 1325 763 istam
1346 724 1425 761 vim
1448 731 1490 761 ut

106 805 144 826 10
163 789 326 827 omnino
354 789 448 827 mihi
479 804 528 828 ne
556 790 669 829 liceat
689 791 887 841 polliceri.⁷
945 792 1004 828 Ex
1024 798 1090 828 tua
1114 797 1293 840 praetura
1317 788 1488 839 primum

162 856 259 893 haec
287 862 344 893 est
368 862 459 893 nata
479 855 716 905 postulatio3
745 869 823 906 qua
847 869 936 894 curn
968 862 1139 901 utuntur,
1164 856 1240 893 hoc
1267 854 1488 904 significant

161 927 278 969 atque
298 921 399 958 adeo
419 927 552 969 aperte
572 922 798 966 ostendunt,
822 934 906 959 sese
926 921 976 959 ad
998 927 1144 958 statuas
1170 926 1256 957 tuas
1277 918 1486 969 pecuniam

161 992 268 1023 metu
288 998 334 1022 ac
355 986 458 1024 malo
479 993 636 1023 coactos
658 985 910 1024 invitissimos
931 984 1154 1023 contulisse.
1197 984 1334 1033 Quid?
1363 983 1395 1022 si
1411 985 1487 1022 hoc
1510 1002 1571 1035 149

160 1063 241 1088 non
273 1048 419 1097 dicant,
451 1049 522 1088 tibi
557 1064 637 1089 non
671 1063 832 1089 necesse
863 1049 911 1088 sit
944 1049 1018 1099 ipsi
1052 1049 1092 1087 id
1122 1047 1329 1086 confiteri?
1384 1048 1488 1086 Vide

105 1124 140 1156 15
161 1121 199 1152 et
221 1114 399 1164 perspice
426 1128 504 1165 qua
532 1114 763 1153 defensione
793 1115 843 1153 sis
873 1128 1036 1153 usurus:
1079 1113 1157 1152 iam
1185 1113 1387 1163 intelleges
1412 1114 1487 1151 hoc

160 1178 231 1218 tibi
269 1181 320 1218 de
354 1179 490 1218 statuis
522 1181 793 1218 confitendum
818 1193 914 1218 esse.
974 1178 1077 1217 Mihi
1106 1178 1213 1217 enirn
1243 1178 1488 1216 renuntiatur
1507 1180 1554 1218 61

160 1243 213 1282 ita
242 1244 427 1282 constitui
454 1258 476 1282 a
506 1245 581 1282 tuis
605 1244 789 1295 patronis,
813 1243 1041 1282 hominibus
1071 1243 1295 1294 ingeniosis,
1328 1256 1487 1281 causam

159 1316 279 1356 tuam,
316 1316 353 1347 et
386 1309 438 1347 ita
469 1323 536 1348 eos
570 1311 640 1348 abs
672 1317 710 1349 te
741 1309 891 1348 institui
920 1317 958 1348 et
988 1309 1132 1355 doceri,
1165 1317 1207 1346 ut
1239 1307 1407 1358 quisque
1442 1322 1488 1347 ex

159 1374 360 1424 provincia
384 1374 514 1413 Sicilia
533 1375 684 1425 gravior
704 1376 825 1413 homo
852 1382 970 1424 atque
992 1374 1193 1413 honestior
1217 1373 1487 1412 testimonium

101 1453 139 1474 20
159 1439 431 1479 vehementius
447 1439 596 1487 dixerit,
615 1439 728 1478 sicuti
746 1439 857 1478 multi
878 1439 1048 1489 primarii
1065 1438 1135 1476 viri
1155 1440 1277 1476 multa
1293 1438 1485 1485 dixerunt,

158 1512 197 1543 te
226 1505 356 1543 statim
387 1507 462 1544 hoc
492 1505 573 1544 istis
603 1505 679 1544 tuis
708 1505 981 1544 defensoribus
1011 1504 1152 1551 dicere,
1186 1503 1399 1542 ‘Inimicus
1429 1511 1487 1542 est

158 1578 364 1621 propterea
402 1572 510 1621 quod
549 1578 677 1610 arator
714 1573 796 1610 est.'
855 1572 996 1621 Itaque
1027 1584 1108 1608 uno
1146 1583 1299 1620 genere,
1333 1568 1483 1620 opinor,

158 1634 476 1674 circumscribere
497 1636 650 1675 habetis
680 1636 720 1674 in
743 1635 878 1674 animo
898 1648 1021 1686 genus
1048 1636 1125 1673 hoc
1145 1642 1353 1680 aratorum,
1376 1635 1486 1684 quod

158 1714 225 1739 eos
255 1700 408 1740 infenso
428 1701 562 1739 animo
590 1709 709 1751 atque
729 1700 891 1739 inimico
911 1699 1064 1739 venisse
1093 1699 1232 1738 dicatis
1260 1699 1352 1749 quia
1370 1698 1486 1737 fuerit

100 1778 137 1809 25
156 1764 196 1802 in
217 1766 395 1804 decumis
420 1765 492 1805 iste
512 1765 792 1805 vehementior.
852 1767 956 1815 Ergo
982 1772 1151 1804 aratores
1172 1763 1321 1802 inimici
1345 1777 1485 1802 omnes

156 1838 193 1868 et
213 1830 421 1869 adversarii
449 1839 563 1869 sunt:
594 1845 712 1870 nemo
733 1838 791 1870 est
812 1844 949 1869 eorum
976 1830 1072 1880 quin
1093 1829 1239 1880 perisse
1260 1836 1298 1867 te
1323 1827 1485 1878 cupiat?

156 1895 333 1934 Omnino
354 1897 549 1946 praeclare
571 1903 608 1934 te
633 1896 754 1935 habes
775 1909 865 1934 cum
893 1895 925 1933 is
946 1896 1044 1934 ordo
1068 1903 1186 1945 atque
1211 1894 1250 1932 id
1275 1892 1483 1932 hominum

154 1973 288 2010 genus,
312 1962 420 2010 quod
449 1961 643 2011 optimum
670 1968 788 2011 atque
819 1960 1139 1999 honestissimum
1167 1966 1236 2006 est,
1258 1972 1281 1996 a
1301 1971 1381 2008 quo
1402 1971 1483 1996 uno

196 2085 216 2114 3
240 2075 270 2104 ei
289 2085 353 2106 om.
376 2074 417 2105 0¹
436 2074 553 2115 (Prisc.
574 2075 606 2106 ii.
622 2080 655 2115 p.
676 2076 750 2114 147)
885 2086 901 2113 4
930 2075 976 2105 uti
995 2074 1062 2105 cO:
1082 2080 1116 2105 ut
1134 2074 1199 2104 rell.
1334 2075 1354 2104 8
1379 2084 1482 2114 egero

154 2119 218 2148 nh:
242 2128 327 2156 rogo
347 2129 379 2150 c:
406 2128 470 2157 ego
488 2129 570 2157 rogo
591 2118 632 2148 Ol
650 2130 655 2148 z
680 2129 760 2157 ergo
777 2119 813 2148 ὸδ
927 2129 965 2148 12
990 2123 1064 2148 tuas
1080 2117 1146 2148 cO:
1172 2129 1237 2148 om.
1260 2117 1324 2147 rell.
1442 2128 1480 2156 14

154 2161 212 2191 tibi
232 2173 297 2192 om.
318 2162 359 2192 Ol
507 2163 545 2192 18
569 2163 614 2192 ita
631 2172 691 2192 eos
709 2162 767 2192 abs
784 2167 816 2193 te
828 2162 872 2202 pb
888 2163 930 2193 al.
952 2173 958 2192 :
984 2172 1043 2192 eos
1061 2162 1106 2192 ita
1124 2166 1213 2199 (cum
1231 2161 1336 2200 signis
1352 2165 1477 2201 ἵναπερ.

152 2208 182 2234 et
196 2209 359 2245 praeterea
378 2206 510 2245 punctis
533 2206 653 2236 subscr.
676 2205 735 2236 del.
756 2205 800 2235 ita
822 2217 866 2236 m.
889 2207 918 2243 Ι)
941 2206 1002 2236 abs
1025 2210 1057 2235 te
1083 2206 1130 2236 ita
1148 2204 1199 2235 O:
1232 2214 1291 2234 eos
1308 2204 1353 2234 ita
1369 2204 1428 2235 abs
1446 2209 1479 2234 te

152 2248 239 2288 vulg.
410 2260 452 2279 20
474 2249 573 2279 sicuti
591 2248 694 2279 Siculi
712 2248 802 2280 codd.
816 2253 946 2289 praeter
962 2248 992 2278 O
1169 2249 1212 2278 26
1235 2252 1313 2278 sunt
1333 2257 1398 2278 om.
1418 2247 1479 2277 nbk

152 2295 204 2321 est
221 2301 332 2322 eorum
354 2292 423 2322 Onb
438 2303 443 2322 :
470 2302 586 2322 eorum
604 2298 656 2323 est
673 2292 762 2332 vulg.
865 2292 920 2331 qui
939 2302 1005 2322 non
1027 2292 1057 2322 Ο
1075 2291 1106 2330 (ξ
1126 2291 1168 2320 88
1185 2292 1300 2331 supra)

1331 2351 1389 2380 12*
