1715 2734
152 127 419 167 ACTIONIS
440 128 501 165 IN
523 128 567 166 C.
590 129 832 165 VERREM
854 128 1151 168 SECVNDAE
1174 130 1277 167 LIB.
1302 131 1360 167 IV
1431 140 1473 166 12
1496 141 1535 176 27

150 235 270 286 fugit:
301 235 430 273 minus
461 236 608 273 clarum
642 235 791 285 putavit
823 237 905 274 fore
940 237 1048 286 quod
1082 238 1132 275 de
1160 237 1326 276 armario
1356 252 1474 288 quam

149 301 259 350 quod
287 301 337 338 de
366 299 532 338 sacrario
562 307 663 337 esset
692 300 877 338 ablatum.
936 303 990 338 At
1019 314 1098 350 quo
1132 302 1254 340 modo
1287 303 1476 341 abstulit?

150 367 244 403 Non
260 378 420 415 possum
441 363 571 403 dicere
587 365 740 414 planius
761 379 879 414 quam
901 365 983 415 ipse
999 367 1106 415 apud
1127 380 1195 404 vos
1216 366 1311 404 dixit
1333 367 1472 405 Heius.

151 431 253 469 Cum
275 430 514 480 quaesissem
536 444 631 468 num
653 430 749 480 quid
776 430 881 468 aliud
909 432 959 469 de
989 431 1102 469 bonis
1130 431 1212 469 eius
1237 432 1476 481 pervenisset

113 510 130 541 5
150 497 200 533 ad
228 497 401 541 Verrem,
427 495 629 545 respondit
662 495 777 533 istum
799 496 850 533 ad
881 509 920 533 se
951 495 1102 533 misisse
1130 503 1172 533 ut
1203 496 1276 534 sibi
1307 497 1475 535 mitteret

150 560 405 609 Agrigentum
423 560 735 610 peripetasmata.
788 560 974 608 Quaesivi
991 560 1206 599 misissetne
1221 576 1230 608 3
1259 561 1472 611 respondit,

149 625 189 663 id
221 626 328 674 quod
360 639 520 663 necesse
552 633 647 673 erat,
673 639 714 663 se
748 625 855 663 dicto
886 625 1113 663 audientem
1145 626 1263 664 fuisse
1295 627 1472 677 praetori,

150 689 309 727 misisse.
370 690 521 740 Rogavi
556 690 875 739 pervenissentne
907 690 1188 740 Agrigentum3
1217 691 1313 729 dixit
1344 706 1474 742 perve-

148 754 261 792 nisse.
323 755 509 803 Quaesivi
548 769 665 805 quem
706 757 756 794 ad
796 757 960 794 modurn
1001 755 1275 804 revertissent3
1318 757 1472 807 negavit

93 837 130 858 10
147 821 277 858 adhuc
312 819 522 858 revertisse.
584 820 702 858 Risus
733 820 870 870 populi
903 828 1021 870 atque
1054 821 1260 860 admiratio
1294 822 1472 860 omnium

147 892 318 923 vestrum
340 887 440 923 facta
461 892 528 924 est.
590 885 670 923 Hic
692 885 761 924 tibi
782 885 822 923 in
851 893 1023 924 mentem
1048 899 1128 924 non
1149 886 1255 925 venit
1275 886 1409 926 iubere
1430 895 1472 925 ut
1495 894 1534 925 28

148 950 244 987 haec
274 963 434 999 quoque
463 951 619 988 referret
651 950 719 989 Hs
740 963 781 987 vr
813 950 970 988 milibus
998 962 1025 987 D
1052 964 1094 989 se
1124 951 1194 988 tibi
1215 952 1471 990 vendidisse?

149 1014 326 1053 Metuisti
356 1029 406 1053 ne
434 1029 500 1053 aes
529 1015 702 1053 alienum
730 1015 801 1053 tibi
829 1023 1028 1062 cresceret,
1052 1015 1083 1053 si
1112 1016 1179 1054 Hs
1202 1029 1242 1054 vl
1264 1017 1421 1055 milibus
1442 1030 1469 1055 D

146 1079 217 1118 tibi
238 1088 462 1119 constarent
482 1094 527 1119 ea
548 1095 649 1130 quae
669 1088 711 1118 tu
731 1080 844 1118 facile
865 1094 1000 1131 posses
1013 1082 1183 1119 vendere
1202 1081 1272 1118 Hs
1290 1082 1470 1121 ducentis

90 1159 126 1191 15
146 1144 334 1183 milibus?
391 1145 479 1183 Fuit
500 1145 608 1192 tanti,
626 1145 721 1183 mihi
737 1147 878 1193 crede3
908 1146 1072 1184 haberes
1089 1147 1197 1195 quod
1211 1147 1442 1185 defenderes
1461 1162 1472 1195 ,·

144 1224 264 1248 nemo
296 1219 497 1260 quaereret
532 1210 667 1260 quanti
699 1210 764 1248 illa
795 1224 853 1249 res
888 1219 1017 1259 esset3
1046 1211 1076 1249 si
1113 1212 1233 1249 modo
1266 1219 1303 1250 te
1335 1226 1470 1262 posses

146 1275 275 1313 dicere
296 1276 448 1322 emisse,
470 1275 583 1314 facile
603 1275 665 1314 cui
686 1277 804 1314 velles
833 1284 939 1314 tuam
968 1290 1124 1314 causam
1151 1284 1190 1314 et
1219 1278 1364 1315 factum
1386 1291 1471 1327 pro-

145 1341 283 1388 bares3
312 1355 418 1379 nunc
439 1343 488 1380 de
509 1341 819 1392 peripetasmatis
839 1355 957 1391 quem
978 1343 1028 1380 ad
1051 1343 1214 1380 modum
1236 1349 1273 1380 te
1286 1343 1470 1393 expedias

144 1419 224 1444 non
245 1407 377 1445 habes.

87 1485 126 1507 20
198 1471 339 1520 Quid?
379 1486 402 1510 a
437 1473 656 1522 Phylarcho
690 1471 959 1522 Centuripino,
1002 1471 1163 1510 homine
1200 1472 1386 1522 locupleti
1424 1487 1470 1512 ac
1491 1487 1530 1518 29

145 1537 278 1584 nobili,
320 1539 497 1588 phaleras
536 1537 797 1587 pulcherrime
837 1539 971 1584 factas,
1006 1552 1107 1587 quae
1145 1538 1243 1587 regis
1284 1538 1469 1577 Hieronis

144 1602 261 1641 fuisse
294 1603 490 1651 dicuntur,
525 1611 654 1641 utrum
690 1605 850 1641 tandem
882 1603 1077 1641 abstulisti
1117 1617 1166 1641 an
1207 1603 1363 1642 emisti?
1420 1606 1468 1642 In

146 1668 275 1706 Sicilia
304 1668 465 1718 quidem
497 1683 587 1707 cum
618 1682 756 1714 essem,
781 1668 835 1706 sic
862 1682 884 1705 a
912 1668 1189 1717 Centuripinis,
1214 1668 1267 1705 sic
1288 1682 1310 1706 a
1329 1668 1467 1707 ceteris

143 1733 505 1781 audiebam,—non
539 1733 644 1772 enim
680 1747 817 1783 parum
848 1746 907 1770 res
939 1740 1019 1770 erat
1053 1735 1181 1770 clara:
1221 1740 1299 1770 tam
1331 1740 1367 1770 te
1397 1734 1466 1771 has

85 1813 124 1844 ²5
143 1799 321 1848 phaleras
341 1812 364 1836 a
385 1800 603 1848 Phylarcho
625 1797 883 1847 Centuripino
907 1797 1113 1835 abstulisse
1142 1797 1326 1835 dicebant
1348 1811 1465 1846 quam

143 1862 236 1901 alias
267 1863 359 1901 item
390 1863 533 1901 nobilis
563 1863 613 1900 ab
634 1862 766 1900 Aristo
795 1861 1114 1909 Panhormitano,
1145 1875 1262 1911 quam
1294 1861 1423 1899 tertias
1443 1875 1466 1899 a

143 1928 330 1978 Cratippo
357 1928 638 1977 Tyndaritano.
698 1927 856 1965 Etenim
887 1926 917 1964 si
948 1928 1187 1976 Phylarchus
1212 1927 1462 1974 vendidisset,

140 2007 220 2031 non
259 1993 304 2041 ei,
355 2002 610 2043 posteaquam
649 2006 736 2030 reus
775 1994 898 2030 factus
937 2005 988 2038 es,
1029 1992 1270 2030 redditurum
1311 1999 1347 2029 te
1380 2006 1464 2042 pro-

142 2058 321 2096 misisses.
383 2059 504 2107 Quod
540 2057 631 2107 quia
665 2057 794 2095 vidisti
827 2057 945 2107 pluris
985 2057 1092 2103 scire,
1134 2056 1322 2105 cogitasti,
1363 2057 1393 2094 si
1429 2057 1463 2095 ei

83 2136 122 2167 30
141 2123 388 2170 reddidisses,
412 2131 449 2161 te
470 2122 599 2160 minus
621 2122 854 2167 habiturum,
879 2135 959 2160 rem
981 2121 1103 2159 nihilo
1134 2121 1261 2159 minus
1283 2129 1462 2159 testatam

184 2230 205 2258 6
229 2228 419 2258 misissetne
446 2227 617 2258 Schwabe:
652 2227 875 2266 amisissetp:
901 2237 942 2256 an
968 2228 1115 2256 misisset
1140 2228 1176 2256 6:
1202 2227 1234 2255 ιἰι
1260 2227 1323 2256 RS
1347 2226 1464 2256 dcsnm‘

140 2272 233 2301 verba
251 2273 521 2311 peripetasmata,
543 2272 563 2301 l.
582 2272 602 2300 6
620 2295 627 2301 .
647 2295 653 2301 .
676 2295 681 2300 .
701 2270 935 2308 Agrigentum,
958 2271 978 2301 l.
996 2271 1015 2299 8
1230 2280 1245 2308 7
1271 2280 1307 2299 se
1325 2269 1459 2301 Hotonz.

139 2314 266 2346 Halm:
291 2315 419 2344 scilicet
437 2314 614 2353 codd.f0rt.
637 2318 712 2343 recte
779 2314 890 2352 fuisse,
910 2319 1015 2352 praet.
1035 2313 1163 2343 misisse
1177 2313 1331 2343 Schwabe
1422 2324 1459 2343 12

140 2358 221 2388 haec
241 2359 275 2388 δ;
300 2359 362 2388 hoc
380 2357 464 2397 RSp
600 2368 635 2395 14
662 2367 779 2395 posses
792 2362 834 2396 p:
861 2357 970 2395 possis
988 2356 1050 2387 RS
1187 2367 1222 2394 17
1249 2356 1362 2387 dicere
1376 2356 1457 2388 RS·

140 2401 261 2431 docere
271 2403 315 2437 ῥδ
448 2411 490 2431 20
524 2400 690 2438 locuplete
709 2400 780 2437 RS,
801 2404 838 2430 ut
853 2405 980 2440 semper
993 2401 1009 2429 δ
1030 2401 1060 2440 (ξ
1079 2410 1091 2429 1
1110 2400 1225 2440 supra)
1314 2444 1372 2474 71*
