1715 2734
168 87 436 126 ACTIONIS
468 87 528 124 IN
561 86 606 125 C.
628 86 869 124 VERREM
901 86 1198 125 SECVNDAE
1230 87 1332 123 LIB.
1357 86 1422 123 III
1465 93 1488 133 7

166 197 234 248 qui
254 199 480 248 proferrent,
503 198 574 236 sed
595 198 813 235 secundum
835 210 902 235 eos
924 196 990 246 qui
1012 196 1188 235 dicerent
1209 203 1489 234 testamentum

165 265 311 301 factum
333 263 490 301 dedisse
507 277 516 309 3
545 276 690 312 easque
706 276 764 300 res
786 276 906 300 novas
923 262 992 300 abs
1014 269 1051 299 te
1067 263 1235 311 prolatas
1257 269 1294 300 et
1312 261 1489 300 inventas

165 342 308 378 magno
340 328 411 366 tibi
445 327 625 377 quaestui
656 327 776 365 fuisse
808 327 918 374 scio,
958 328 1210 375 eundemque
1250 334 1287 364 te
1327 326 1488 364 memini

164 393 360 431 censorias
390 406 550 442 quoque
579 393 683 441 leges
713 391 752 429 in
783 392 893 430 sartis
922 392 1034 431 tectis
1064 391 1264 441 exigendis
1295 393 1430 429 tollere
1451 399 1489 429 et

127 474 144 504 5
164 465 417 503 commutare,
436 471 486 496 ne
503 457 533 495 is
555 457 762 495 redimeret
783 457 870 495 cuia
890 471 949 495 res
970 464 1082 503 esset,
1106 470 1154 494 ne
1176 456 1325 506 pupillo
1341 464 1488 495 tutores

164 523 455 574 propinquique
493 523 743 561 consulerent
783 535 863 572 quo
911 522 1040 560 minus
1089 521 1254 560 fortunis
1302 521 1487 559 omnibus

164 595 425 635 everteretur,
456 587 635 637 exiguam
664 587 770 625 diem
801 587 1005 637 praefinire
1035 587 1142 637 operi
1168 600 1245 636 qua
1266 594 1416 625 ceteros
1437 588 1487 625 ab

164 653 321 703 negotio
342 654 581 699 excluderes,
606 652 689 701 ipse
718 652 757 689 in
788 660 856 690 tuo
886 653 1133 702 redemptore
1162 653 1310 689 nullam
1340 660 1485 690 certam

163 718 268 757 diem
299 718 536 757 observares.
596 719 727 766 Quam
757 718 810 755 ob
840 731 921 755 rem
951 731 1094 755 novam
1129 719 1253 767 legem
1289 725 1326 756 te
1356 717 1395 755 in
1423 719 1486 756 de-

105 798 144 820 10
164 782 289 821 cumis
310 782 490 820 statuisse
511 795 592 820 non
614 782 741 827 miror,
766 782 967 820 hominem
990 781 1029 820 in
1051 781 1189 820 edictis
1210 782 1423 831 praetoriis,
1446 782 1485 820 in

163 847 349 886 censoriis
382 847 532 897 legibus
564 855 644 884 tam
676 848 922 896 prudentem,
957 855 1037 885 tarn
1069 847 1484 895 exercitatum‚—non,

163 913 336 962 inquam,
359 912 477 951 miror
498 920 534 950 te
554 911 703 962 aliquid
725 912 990 962 excogitasse,
1019 914 1087 951 sed
1113 914 1221 962 quod
1251 921 1317 951 tua
1347 920 1487 962 sponte

163 977 313 1015 iniussu
361 976 496 1027 populi
546 976 629 1014 sine
668 984 827 1015 senatus
865 976 1096 1015 auctoritate
1135 977 1218 1015 iura
1264 977 1487 1027 provinciae

164 1041 317 1080 Siciliae
346 1041 566 1088 mutaveris,
598 1041 638 1080 id
667 1043 925 1091 reprehendo,
956 1042 997 1080 id
1030 1055 1184 1081 accuso.
1244 1044 1288 1080 L.
1320 1042 1486 1081 Octavio

108 1123 142 1153 15
163 1114 202 1145 et
232 1108 275 1145 C.
310 1107 451 1146 Cottae
486 1106 714 1145 consulibus
749 1114 907 1144 senatus
939 1107 1113 1156 permisit
1145 1115 1186 1144 ut
1221 1107 1299 1144 vini
1338 1115 1377 1145 et
1410 1107 1487 1145 olei

163 1173 351 1210 decumas
384 1180 422 1210 et
453 1173 606 1222 frugum
639 1171 890 1218 minutarum,
924 1185 1021 1221 quas
1059 1179 1151 1210 ante
1188 1180 1415 1221 quaestores
1446 1172 1486 1209 in

163 1236 294 1275 Sicilia
323 1238 492 1274 vendere
527 1243 794 1282 consuessent,
833 1238 987 1274 Romae
1017 1238 1243 1281 venderent,
1281 1238 1486 1286 legemque

163 1302 223 1339 his
262 1302 377 1340 rebus
416 1314 535 1351 quam
574 1301 668 1351 ipsis
716 1301 911 1339 videretur
949 1301 1135 1340 dicerent.
1201 1303 1303 1340 Cum
1342 1302 1487 1340 locatio

164 1368 282 1411 fieret,
306 1365 506 1416 publicani
528 1367 773 1416 postularunt
795 1368 986 1416 quasdem
1008 1379 1069 1405 res
1091 1374 1132 1404 ut
1153 1367 1203 1404 ad
1225 1368 1348 1415 legem
1371 1368 1488 1405 adde-

104 1448 144 1469 20
163 1438 248 1469 rent
283 1444 412 1480 neque
444 1438 575 1468 tamen
607 1444 630 1468 a
664 1430 802 1468 ceteris
843 1430 1029 1469 censoriis
1064 1431 1215 1481 legibus
1247 1432 1485 1470 recederent.

165 1497 313 1535 Contra
351 1495 448 1534 dixit
487 1495 518 1534 is
553 1495 620 1545 qui
661 1509 754 1534 casu
787 1503 870 1534 tum
907 1497 1061 1534 Romae
1092 1496 1174 1542 fuit,
1212 1504 1300 1534 tuus
1331 1498 1486 1546 hospes,

164 1562 528 1612 Verres,*hospe5‚
554 1561 728 1611 inquam,
760 1569 798 1599 et
829 1561 1028 1599 familiaris
1057 1561 1403 1609 tuus‚—Sthenius
1425 1562 1488 1600 hic

163 1627 454 1665 Thermitanus.
528 1627 722 1666 Consules
761 1640 920 1665 causam
960 1635 1208 1677 cognorunt,
1255 1641 1346 1666 cum
1385 1627 1487 1666 viros

163 1691 366 1741 primarios
395 1698 514 1741 atque
542 1691 805 1741 amplissimos
835 1691 1000 1729 civitatis
1036 1693 1179 1730 multos
1210 1691 1249 1730 in
1280 1692 1487 1730 consilium

105 1772 143 1803 25
163 1758 432 1803 advocassent,
474 1757 525 1795 de
563 1756 702 1794 consili
741 1746 936 1795 sententia
982 1757 1285 1806 pronuntiarunt
1323 1770 1364 1795 se
1403 1758 1487 1806 lege

164 1821 381 1860 Hieronica
412 1821 651 1860 vendituros.
727 1823 840 1859 Itane
879 1824 1003 1860 vero?
1079 1821 1379 1861 Prudentissimi
1416 1822 1486 1859 viri

162 1899 315 1925 summa
348 1886 579 1925 auctoritate
610 1886 786 1936 praediti,
821 1886 965 1936 quibus
997 1894 1155 1926 senatus
1187 1889 1317 1936 legum
1355 1886 1487 1925 dicen—

160 1952 299 1989 darum
329 1951 368 1989 in
399 1951 576 1989 locandis
607 1950 862 2000 vectigalibus
893 1964 1053 1990 omnem
1081 1959 1317 2001 potestatem
1348 1951 1485 2001 permi-

160 2024 260 2054 serat
299 2018 549 2067 populusque
589 2017 794 2054 Romanus
842 2016 948 2055 idem
1002 2017 1176 2063 iusserat,
1226 2016 1358 2055 Siculo
1404 2030 1486 2055 uno

101 2095 141 2125 30
160 2090 364 2120 recusante
403 2095 494 2120 cum
531 2081 839 2132 amplificatione
877 2081 1126 2132 vectigalium
1164 2094 1311 2120 nomen
1345 2081 1485 2121 Hiero-

207 2195 245 2215 10
269 2195 317 2224 pr.
340 2185 370 2216 O
385 2184 625 2225 (=praetoris:
645 2185 665 2223 i,
685 2188 699 2222 ξ
722 2188 802 2216 106:
825 2186 913 2225 infra
932 2189 968 2224 ἐξ
987 2197 1039 2227 25,
1057 2188 1114 2227 66)
1315 2194 1353 2224 14
1377 2190 1482 2216 muta-

160 2229 248 2259 veris
267 2227 318 2258 O:
344 2228 480 2259 mutaris
498 2228 565 2260 rell.
658 2230 696 2258 16
720 2233 798 2258 ante
819 2228 859 2258 Ο1
875 2240 880 2257 :
907 2235 985 2259 ante
1004 2236 1036 2259 te
1055 2230 1122 2261 rell.
1142 2232 1174 2268 Q
1193 2239 1233 2268 43
1249 2229 1352 2268 infrffl
1445 2231 1483 2260 18

160 2272 311 2302 dicerent
329 2272 387 2302 cO¹
403 2283 409 2302 z
434 2272 642 2312 edicerentp
661 2272 727 2302 rell.
872 2282 909 2302 21
938 2274 966 2302 is
983 2283 1047 2302 om.
1069 2273 1099 2303 O
1230 2283 1271 2311 23
1295 2279 1483 2311 cognorunt

163 2314 213 2346 O:
238 2321 466 2353 cognoverunt
485 2316 552 2347 rell.
685 2326 726 2354 29
752 2315 926 2346 Romanus
944 2316 1030 2346 idem
1049 2326 1114 2347 om.
1135 2315 1166 2345 O

1512 90 1550 122 16

1510 1050 1548 1081 18
