1715 2734
109 77 158 116 57

106 489 157 536 58

96 558 155 590 14²

91 1753 150 1785 143

182 81 238 113 141
545 65 601 101 M.
633 63 801 101 TVLLI
834 62 1141 102 CICERONIS

178 183 362 225 putamus
391 189 477 214 esse
502 176 568 213 illa
591 188 693 225 quae
724 182 850 224 negat,
877 187 968 213 cum
1000 175 1098 213 haec
1124 181 1204 212 tam
1232 172 1413 223 improba
1432 171 1510 211 sint

178 254 280 290 quae
307 242 477 279 fatetur?
534 240 644 289 Quid
671 239 777 278 enim
798 238 855 277 vis
882 238 1097 278 constitui?
1125 245 1403 288 consumptam
1424 251 1510 277 esse

178 305 292 344 istam
313 319 473 344 omnem
492 304 702 355 pecuniam
715 304 755 342 in
771 303 938 342 statuis?
982 305 1060 342 Fac
1080 303 1134 341 ita
1153 316 1238 342 esse
1253 317 1263 351 ;
1287 310 1419 341 tamen
1433 303 1510 341 hoc

178 372 384 410 serendum
412 372 522 408 nullo
543 371 666 409 modo
692 377 762 417 est,
785 376 935 407 tantam
955 382 978 407 a
999 368 1114 407 sociis
1139 367 1347 419 pecuniam
1369 366 1510 406 auferri

178 443 221 474 ut
259 436 445 474 omnibus
483 434 523 472 in
562 434 777 485 angiportis
815 433 1026 483 praedonis
1064 433 1345 484 improbissimi
1383 440 1511 471 statua

178 508 357 551 ponatur,
384 513 463 550 qua
482 499 545 537 vix
574 507 661 538 tuto
690 498 843 537 transiri
873 512 989 549 posse
1018 498 1205 537 videatur.
1264 500 1414 537 Verum
1441 497 1510 536 ubi

178 567 340 604 tandem
366 573 434 603 aut
455 565 495 603 in
519 564 664 615 quibus
685 564 823 603 statuis
851 563 924 602 ista
944 571 1053 602 tanta
1081 563 1250 614 pecunia
1273 571 1510 613 consumpta

178 633 266 669 est?
325 631 641 676 ‘Consumetur,'
666 628 832 679 inquies.
893 628 1050 667 Scilicet
1083 635 1357 678 exspectemus
1389 627 1510 678 legiti-

177 709 286 734 mum
318 696 415 734 illud
444 694 762 746 quinquennium
779 709 789 743 3
818 693 850 732 si
880 695 956 733 hoc
986 694 1190 733 intervallo
1219 706 1301 732 non
1328 705 1509 731 consum-

176 760 305 811 pserit,
347 768 432 799 tum
464 760 638 811 denique
677 773 825 798 nomen
857 759 941 798 eius
972 760 1023 798 de
1064 758 1242 809 pecuniis
1279 758 1508 808 repetundis

176 833 392 864 statuarum
410 825 573 864 nomine
589 826 824 864 deferemus.
862 826 972 863 Reus
985 831 1043 862 est
1058 823 1237 862 maximis
1251 823 1508 874 plurimisque

176 890 406 929 criminibus
440 891 481 929 in
508 890 699 930 iudicium
734 897 920 929 vocatus:
956 891 1027 928 HS
1059 889 1206 928 viciens
1235 903 1282 928 ex
1316 890 1392 927 hoc
1427 902 1508 927 uno

174 969 317 1007 genere
337 963 497 1006 captum
518 955 709 994 videmus.
760 955 800 994 Si
821 956 1110 994 condemnatus
1130 953 1214 1001 eris,
1238 967 1331 1001 non,
1354 953 1505 1004 opinor,

174 1021 216 1060 id
252 1034 345 1072 ages
384 1028 425 1059 ut
465 1021 538 1059 ista
575 1020 745 1071 pecunia
783 1020 823 1058 in
862 1019 1136 1070 quinquennio
1174 1026 1429 1057 consumatur
1467 1018 1506 1056 in

173 1086 311 1125 statuis
321 1101 331 1134 3
360 1086 419 1125 sin
439 1087 645 1125 absolutus
666 1085 751 1133 eris,
773 1085 861 1135 quis
888 1085 959 1124 erit
978 1093 1059 1123 tam
1079 1098 1216 1124 amens
1235 1084 1304 1135 qui
1324 1092 1362 1123 te
1382 1098 1429 1123 ex
1449 1091 1507 1122 tot

173 1152 372 1202 tantisque
392 1151 623 1190 criminibus
644 1153 823 1201 elapsum
843 1158 932 1201 post
952 1149 1269 1201 quinquennium
1290 1157 1505 1188 statuarum

174 1216 336 1256 nomine
362 1218 562 1256 arcessat?
619 1217 681 1255 Ita
710 1215 741 1254 si
769 1229 899 1266 neque
928 1216 1060 1254 adhuc
1089 1222 1326 1265 consumpta
1351 1222 1410 1253 est
1433 1214 1506 1253 ista

173 1281 342 1332 pecunia
370 1289 408 1320 et
437 1289 496 1320 est
522 1281 774 1332 perspicuum
804 1294 886 1319 non
914 1288 1196 1331 consumptum
1226 1280 1281 1328 iri,
1310 1279 1401 1319 licet
1427 1279 1505 1318 iam

172 1346 446 1397 intellegamus
485 1346 687 1385 inventam
725 1360 811 1385 esse
854 1345 1046 1385 rationem
1085 1359 1206 1396 quare
1244 1353 1282 1384 et
1320 1344 1393 1384 iste
1433 1346 1505 1384 HS

172 1412 320 1451 viciens
341 1426 388 1451 ex
409 1413 485 1451 hoc
512 1425 594 1451 uno
619 1425 761 1462 genere
787 1411 1004 1450 conciliarit
1028 1418 1066 1450 et
1087 1412 1243 1461 ceperit,
1267 1418 1305 1449 et
1331 1411 1505 1450 ceteri—

172 1476 203 1515 si
238 1478 315 1516 hoc
352 1491 375 1516 a
409 1477 521 1516 vobis
555 1477 627 1516 erit
664 1477 1143 1528 comprobatum—quam
1177 1478 1311 1515 volent
1343 1490 1504 1527 magnas

172 1544 248 1581 hoc
270 1543 432 1582 nomine
461 1542 648 1593 pecunias
669 1556 809 1593 capere
833 1542 984 1593 possint
999 1557 1009 1590 3
1038 1550 1080 1581 ut
1101 1542 1178 1580 iam
1198 1542 1402 1580 videamur
1421 1556 1503 1581 non

171 1621 194 1645 a
221 1607 399 1658 pecuniis
429 1607 633 1658 capiendis
660 1607 842 1646 homines
871 1608 1098 1655 absterrere,
1131 1608 1212 1653 sed,
1245 1620 1336 1646 cum
1360 1621 1503 1658 genera

171 1674 367 1723 quaedam
389 1673 645 1724 pecuniarum
665 1673 947 1724 capiendarum
967 1673 1316 1723 comprobarimus,
1336 1674 1503 1712 honesta

171 1739 333 1777 nomina
358 1738 591 1789 turpissimis
621 1739 737 1777 rebus
766 1738 980 1789 imponere.
1040 1737 1212 1786 Etenim,
1233 1738 1263 1776 si
1294 1739 1337 1778 C.
1361 1740 1502 1777 Verres

173 1805 244 1843 HS
265 1816 289 1842 C
310 1804 416 1842 milia
439 1805 631 1854 populum
652 1802 761 1842 verbi
784 1803 906 1853 gratia
933 1803 1236 1854 Centuripinum
1257 1803 1502 1854 poposcisset

172 1883 340 1920 eamque
378 1870 429 1908 ab
469 1868 514 1908 =is
552 1869 763 1919 pecuniam
801 1869 1036 1916 abstulisset,
1080 1866 1172 1917 non,
1212 1869 1367 1920 opinor,
1400 1876 1503 1908 esset

219 1986 230 2005 1
258 1976 324 2006 sint
341 1973 441 2005 Prisc.
457 1985 464 2004 ε
489 1979 566 2005 sunt
582 1974 671 2006 codd.
787 1985 806 2005 2
832 1974 978 2005 fateatur
994 1974 1094 2006 Pm'sc.
1206 1984 1226 2013 3
1253 1974 1349 2005 istam
1367 1984 1501 2006 omnem

174 2019 225 2059 Op
242 2019 286 2051 al.
304 2030 310 2049 ε
339 2029 428 2049 omn.
449 2019 545 2049 istam
562 2018 580 2048 b
598 2019 686 2058 vulg.
894 2030 913 2057 4
938 2029 958 2049 a
976 2018 1006 2049 Ο
1022 2030 1028 2049 z
1053 2019 1094 2049 ab
1108 2024 1132 2058 p
1149 2018 1215 2049 rell.
1425 2028 1444 2058 5
1469 2018 1502 2048 in

173 2063 329 2094 omnibus
348 2062 378 2093 O
475 2067 584 2092 statua
602 2067 749 2101 ponatur
765 2061 823 2093 ι·Ο1
841 2073 847 2092 :
872 2067 1005 2093 statuae
1023 2067 1192 2101 ponantur
1207 2067 1232 2102 p
1248 2061 1316 2093 rell.
1482 2063 1504 2092 6

173 2107 307 2138 transiri
321 2116 422 2145 posse
438 2106 590 2136 videatur
602 2105 649 2136 cO
665 2118 671 2136 z
697 2106 842 2136 transire
857 2116 958 2145 posse
972 2106 1144 2136 videamur
1155 2111 1180 2145 p
1196 2105 1263 2137 rell.
1360 2115 1397 2136 12
1417 2105 1501 2136 H-S·

174 2160 220 2182 xx
238 2151 278 2189 O,
297 2154 335 2180 ut
349 2149 370 2181 l.
393 2160 432 2189 19
582 2159 620 2187 13
647 2154 782 2189 captum
802 2148 843 2179 0¹
862 2149 929 2181 edd.
953 2149 1003 2188 gcs.
1028 2153 1042 2186 §
1060 2158 1102 2179 20
1115 2152 1232 2189 supra)
1249 2161 1254 2179 :
1279 2154 1377 2189 capta
1390 2154 1414 2189 p
1431 2148 1499 2180 rell.

178 2205 215 2233 17
240 2198 393 2224 accersat
412 2194 444 2224 V
528 2198 727 2231 consumpta
744 2194 852 2224 adhuc
870 2193 888 2222 b
977 2197 1028 2223 est
1045 2192 1108 2223 ista
1127 2202 1199 2231 pec,
1223 2191 1295 2222 VO¹
1314 2205 1320 2223 :
1346 2194 1409 2223 ista
1427 2202 1500 2232 pec.

174 2243 264 2277 cstp
282 2237 347 2268 rell.
435 2247 477 2268 20
502 2247 545 2267 ex
562 2237 624 2267 hoc
649 2237 694 2266 V:
720 2246 784 2267 om.
808 2236 873 2267 rell.
959 2246 997 2266 21
1025 2235 1090 2266 hoc
1107 2236 1134 2266 si
1156 2236 1187 2265 V
1265 2246 1306 2275 23
1329 2237 1502 2267 abstinere

174 2281 222 2311 cO
382 2291 421 2319 24
448 2281 602 2320 capicnd.
626 2280 715 2310 an:
740 2280 894 2319 capiund.
915 2279 985 2311 edd.
1133 2281 1176 2310 26
1201 2279 1262 2310 HS
1279 2289 1298 2310 c
1315 2280 1405 2310 milia
1420 2279 1498 2311 coni.

175 2325 325 2364 Zumpt:
350 2323 436 2355 H.S.
459 2333 504 2354 xx
521 2323 572 2354 O:
600 2323 757 2353 HSccmo
778 2323 826 2353 V:
855 2323 940 2355 ΗΒ.
961 2332 1028 2355 cxx
1045 2323 1135 2354 milia
1152 2323 1192 2354 πὸ

1530 448 1547 480 5

1532 772 1569 793 10

1530 1099 1566 1133 ¹5

1527 1425 1566 1447 20

1524 1750 1563 1782 25
