1715 2734
113 62 161 100 19
179 63 224 99 47
550 53 606 89 M.
638 52 806 89 TVLLI
839 51 1146 91 CICERONIS

180 178 337 216 semper
366 165 494 204 visum
526 172 607 203 erat
638 165 743 203 bona
777 163 914 214 privati
948 163 1085 216 populi
1117 163 1280 204 nomine
1312 178 1382 216 per
1410 178 1513 203 sum-

180 244 286 269 mam
307 229 487 268 iniuriam
508 236 651 279 erepta,
674 242 809 267 verum
830 228 949 267 etiam
968 228 1041 279 ipsi
1067 228 1120 266 illi
1148 237 1328 267 auctores
1348 228 1512 268 iniuriae

179 303 218 334 et
247 309 293 334 ex
321 295 452 345 aliqua
481 294 670 344 particula
699 293 795 332 socii
825 295 993 344 praedae
1021 307 1068 332 ac
1093 294 1315 344 rapinarum
1343 296 1512 333 clamare

178 368 393 412 coeperunt
425 359 499 398 sibi
537 367 579 398 ut
613 359 775 397 haberet
810 358 1079 398 hereditatem.
1139 361 1292 398 Tantus
1327 359 1367 397 in
1405 359 1513 398 curia

177 428 326 465 clamor
357 427 481 464 sactus
512 432 570 463 est
602 432 645 463 ut
676 426 846 475 populus
880 432 1140 464 concurreret.
1201 426 1281 463 Res
1314 425 1366 463 ab
1402 424 1511 463 omni
1532 435 1550 467 5

177 498 376 530 conventu
410 489 568 540 cognita
599 489 776 528 celeriter
806 488 868 527 isti
899 490 1064 527 domum
1099 489 1310 527 nuntiatur.
1373 491 1511 528 Homo

177 555 359 594 inimicus
388 554 434 592 iis
463 553 532 604 qui
561 553 798 600 recitassent,
831 553 955 592 hostis
985 553 1170 592 omnibus
1205 553 1272 603 qui
1303 554 1512 591 acclamas·

177 628 273 667 sent,
297 619 437 659 exarsit
457 618 659 658 iracundia
678 632 724 657 ac
751 619 957 656 stomacho
976 633 986 666 ;
1013 633 1149 657 verum
1170 626 1302 657 tamen
1328 617 1399 656 fuit
1426 626 1510 656 tum

177 686 236 725 sui
262 685 472 724 dissimilis.
535 683 671 723 Nostis
692 697 735 722 os
757 683 939 731 hominis,
962 684 1086 722 nostis
1115 684 1348 731 audaciam,-
1377 691 1509 722 tamen

177 759 261 790 tum
296 764 451 789 rumore
479 749 616 800 populi
647 756 686 788 et
714 750 885 787 clamore
912 756 951 788 et
983 749 1191 788 manifesto
1220 750 1324 787 furto
1353 749 1509 799 grandis
1532 762 1571 785 10
1713 765 1715 824 Ι

176 816 368 868 pecuniae
406 815 655 866 perturbatus
689 822 757 853 est.
828 814 907 853 Vbi
942 828 983 853 se
1021 816 1188 865 collegit,
1226 822 1342 853 vocat
1378 816 1430 854 ad
1468 828 1510 854 se
1712 826 1715 874 4

175 883 466 932 Syracusanos;
513 881 581 931 qui
620 894 701 919 non
746 888 879 930 posset
918 893 1059 930 negare
1097 880 1148 918 ab
1187 879 1260 918 illis
1299 879 1509 930 pecuniam
1712 879 1715 899 ¹

174 948 322 994 datam,
353 960 435 985 non
469 944 661 996 quaesivit
699 947 835 995 procul
869 944 1064 992 alicunde,
1101 945 1246 996 (neque
1280 946 1385 983 enim
1424 959 1510 996 pro-

175 1013 313 1062 baret),
347 1012 418 1050 sed
449 1012 683 1062 proximum,
715 1024 842 1061 paene
874 1012 1039 1049 alterum
1074 1011 1208 1058 filium,
1243 1024 1362 1061 quem
1402 1010 1508 1049 illam

174 1076 383 1128 pecuniam
404 1076 551 1116 diceret
571 1075 779 1114 abstulisse
797 1091 807 1123 3
837 1075 1010 1114 ostendit
1027 1089 1068 1115 se
1084 1077 1248 1115 reddere
1265 1083 1505 1115 coacturum.
1531 1090 1566 1123 15

175 1142 255 1192 Qui
276 1150 534 1193 posteaquam
555 1141 596 1181 id
616 1141 776 1188 audivit,
800 1141 937 1179 habuit
962 1148 999 1179 et
1027 1140 1227 1191 dignitatis
1248 1148 1286 1179 et
1305 1141 1443 1179 aetatis
1471 1149 1508 1180 et

173 1207 389 1247 nobilitatis
409 1220 503 1246 suae
524 1206 716 1245 rationem
735 1221 745 1254 3
775 1207 894 1245 verba
914 1207 1021 1257 apud
1044 1213 1224 1245 senatum
1247 1205 1349 1253 fecit,
1372 1206 1508 1245 docuit

171 1275 224 1312 ad
253 1287 295 1312 se
321 1272 419 1311 nihil
439 1271 660 1322 pertinere3
688 1273 740 1310 de
761 1271 846 1318 isto,
871 1271 910 1310 id
937 1272 1047 1321 quod
1075 1284 1214 1309 omnes
1235 1270 1433 1318 videbant,
1457 1284 1507 1309 ne

172 1338 238 1377 ille
275 1337 437 1388 quidem
469 1337 637 1376 obscure
674 1337 829 1375 locutus
868 1344 936 1375 est.
1007 1338 1147 1387 Itaque
1186 1336 1240 1374 illi
1275 1337 1506 1386 Syracusani

172 1411 342 1443 statuam
374 1410 511 1453 postea
540 1409 770 1448 statuerunt,
797 1410 835 1440 et
868 1402 909 1449 is,
943 1410 985 1440 ut
1015 1402 1185 1452 primum
1221 1401 1358 1452 potuit,
1387 1401 1505 1440 istum
1527 1419 1568 1441 20

108 1485 151 1517 49
172 1468 326 1519 reliquit
358 1470 408 1507 de
441 1467 723 1518 provinciaque
757 1467 938 1506 decessit.
1012 1469 1062 1505 Et
1094 1475 1226 1505 tamen
1265 1467 1375 1505 aiunt
1414 1480 1504 1506 eum

171 1534 281 1585 queri
302 1535 427 1573 solere
447 1546 529 1572 non
553 1546 770 1583 numquam
799 1547 841 1571 se
866 1533 1051 1571 miserum
1082 1534 1190 1583 quod
1218 1546 1299 1571 non
1320 1532 1410 1580 suis,
1435 1534 1506 1571 sed

172 1614 332 1640 suorum
361 1600 533 1649 peccatis
562 1606 600 1637 et
631 1598 860 1638 criminibus
890 1607 1097 1650 prematur.
1157 1599 1392 1638 Triennium
1421 1612 1505 1650 pro-

171 1666 341 1704 vinciam
368 1665 574 1705 obtinuisti
590 1680 600 1713 ;
627 1679 756 1716 gener,
780 1667 904 1705 lectus
933 1668 1179 1713 adulescens,
1202 1679 1326 1704 unum
1355 1678 1505 1703 annum

172 1740 303 1771 tecum
335 1732 431 1779 suit;
473 1732 639 1777 sodales,
672 1731 741 1769 viri
776 1733 905 1779 fortes,
938 1732 1053 1783 legati
1084 1732 1139 1771 tui
1169 1731 1296 1782 primo
1329 1743 1436 1769 anno
1466 1738 1506 1769 te
1527 1744 1565 1776 ²5

171 1798 440 1848 reliquerunt;
486 1810 587 1834 unus
626 1798 774 1847 legatus
817 1799 858 1835 P.
893 1798 1044 1836 Tadius
1090 1797 1156 1847 qui
1205 1804 1286 1835 erat
1334 1795 1505 1846 reliquus

173 1877 254 1901 non
293 1862 346 1900 ita
380 1870 510 1900 tecum
551 1863 718 1900 multum
759 1862 858 1910 fuit3
889 1862 957 1912 qui
987 1863 1017 1901 si
1058 1875 1212 1913 semper
1246 1875 1325 1900 una
1357 1861 1502 1907 fuisset,

103 403 158 433 20

114 456 156 496 48

219 1977 231 1996 1
258 1966 344 1996 bona
363 1964 483 2005 privati
502 1964 649 2004 (privata
667 1964 700 2005 k)
719 1964 808 1997 codd.
828 1977 834 1996 t
860 1967 992 2006 privata
1008 1967 1095 1997 bona
1115 1964 1224 1997 Oedd.
1245 1976 1253 1995 ε
1280 1964 1400 2004 privati
1419 1964 1506 1994 bona

172 2009 273 2040 Klotz
405 2019 424 2039 2
449 2009 496 2038 illi
513 2009 577 2047 ipsi
598 2009 628 2039 O
749 2011 770 2040 6
794 2009 857 2041 iste
883 2015 988 2041 mutet
1012 2011 1146 2041 domum
1165 2008 1221 2048 cO,
1242 2007 1330 2038 unde
1345 2008 1508 2048 ingeniose

173 2053 325 2084 Herelius
343 2051 396 2083 isti
416 2052 526 2083 Mucio
702 2062 741 2083 10
767 2063 902 2084 rumore
921 2065 997 2094 pop.
1016 2059 1049 2085 et
1067 2051 1322 2092 clamoreprell.
1342 2062 1348 2080 :
1374 2061 1506 2082 rumore

174 2096 353 2136 populique
370 2097 516 2127 clamore
534 2095 573 2125 k:
601 2105 735 2127 rumore
752 2102 785 2128 et
803 2097 949 2129 clamore
967 2097 1080 2137 populi
1101 2097 1142 2127 Ο1
1222 2095 1400 2126 manifesto
1419 2095 1506 2124 furto

176 2141 293 2180 (forte)
314 2139 365 2170 O:
391 2139 465 2171 surt.
488 2149 574 2170 man.
590 2139 691 2179 prell.
787 2151 825 2171 12
849 2141 904 2180 qui
922 2152 989 2172 non
1007 2146 1123 2182 posset
1141 2139 1199 2169 [Οι
1217 2151 1223 2169 :
1248 2139 1326 2178 quia
1345 2138 1414 2177 (qui
1434 2138 1504 2177 qul

176 2194 240 2215 non
260 2187 402 2223 possunt
420 2183 461 2213 rrk
605 2185 642 2213 16
666 2187 699 2213 et
715 2183 773 2214 [Ο1
791 2196 798 2215 z
823 2195 888 2215 om.
912 2185 977 2217 rell.
1096 2185 1134 2214 18
1159 2193 1201 2213 ne
1221 2182 1261 2212 0¹
1279 2193 1285 2212 :
1310 2191 1420 2220 neque
1438 2181 1502 2212 rell.

175 2237 218 2258 20
242 2232 276 2257 ut
295 2226 353 2257 (Οι
370 2238 375 2256 ;
400 2226 454 2256 ubi
473 2225 537 2257 rell.
707 2237 749 2256 22
775 2238 841 2258 non
862 2229 977 2268 inique
998 2238 1035 2258 se
1055 2227 1085 2257 O
1203 2236 1243 2264 23
1267 2235 1404 2256 suorum
1422 2223 1479 2255 εΟι
1499 2235 1506 2254 :

175 2271 333 2301 comitum
355 2270 417 2300 rell.
548 2274 581 2300 et
604 2270 698 2301 crim.
727 2270 812 2302 codd.
838 2272 1013 2311 prae-tero
1038 2269 1328 2310 (criminibusque)
1467 2278 1505 2306 24

175 2314 304 2344 electus
320 2313 408 2345 codd.
561 2323 602 2352 27
627 2318 737 2344 tecum
756 2314 897 2345 multum
916 2316 957 2346 uk
975 2327 981 2346 :
1006 2315 1145 2345 multum
1165 2319 1274 2344 tecum
1293 2312 1323 2342 O
1339 2310 1384 2343 cd.
1404 2311 1504 2342 Rom.
1714 2307 1715 2342 l

177 2368 244 2388 una
260 2356 368 2388 τοίω-ι
395 2363 505 2388 tecum
526 2367 593 2388 una
612 2356 653 2387 Οι
670 2368 677 2387 z
703 2368 767 2388 una
785 2363 894 2389 tecum
913 2370 991 2390 corr.
1010 2371 1053 2389 m.
1075 2369 1086 2389 1
1714 2346 1715 2366 ¹
