1715 2734
143 117 411 156 ACTIONIS
433 118 494 155 IN
515 117 560 156 C.
583 118 824 155 VERREM
846 118 1143 157 SECVNDAE
1166 119 1270 156 LIB.
1295 120 1353 156 IV
1415 127 1464 166 25
1487 123 1527 165 56

0 169 5 305 ι
142 226 277 276 spania
310 234 474 276 praetor,
510 240 588 276 qua
622 226 661 264 in
696 226 896 277 provincia
929 226 1082 265 occisus
1116 234 1185 273 est,
1219 227 1353 265 nescio
1386 242 1466 277 quo

0 308 4 336 l
140 299 266 340 pacto,
299 293 394 330 dum
425 291 540 329 armis
570 299 778 338 exercetur,
809 293 950 330 anulus
978 305 1118 329 aureus
1148 305 1265 341 quem
1297 293 1468 331 habebat

0 341 8 416 ἓ
140 357 282 393 fractus
303 364 341 394 et
362 356 627 394 comminutus
649 364 716 394 est.
777 358 880 396 Cum
902 358 1017 395 vellet
1044 356 1118 393 sibi
1144 358 1306 394 anulum
1328 359 1465 404 facere,

2 418 9 472 ί
137 420 337 458 aurificem
376 420 485 457 iussit
519 421 647 458 vocari
687 421 726 458 in
765 422 891 459 forum
929 422 980 459 ad
1019 422 1153 458 sellam
1186 422 1398 459 Cordubae
1429 429 1467 459 et

3 478 9 538 l
101 486 266 534 5palam
308 485 497 535 appendit
537 499 700 533 aurum,-
743 485 942 524 hominem
984 485 1022 522 in
1062 487 1145 522 foro
1185 485 1292 523 iubet
1331 488 1465 524 sellam

5 568 8 616 ἱ
137 563 283 599 ponere
313 557 351 587 et
381 551 507 588 facere
536 552 697 588 anulum
729 550 913 588 omnibus
945 549 1226 599 praesentibus.
1287 550 1465 588 Nimium

4 620 11 670 ζ
137 616 298 652 fortasse
336 614 441 652 dicet
487 614 627 664 aliquis
673 616 779 652 hunc
827 614 1083 664 diligentem3
1122 616 1312 653 hactenus
1343 629 1466 665 repre-

6 673 11 715 l
136 680 293 725 hendet‚
326 679 357 717 si
387 679 454 728 qui
484 681 599 726 volet,
632 679 728 717 nihil
757 679 934 729 amplius.
994 681 1142 717 Verum
1163 679 1234 717 fuit
1263 680 1299 718 ei
1328 694 1466 719 conce-

6 725 12 810 i
135 745 336 791 dendum3
367 743 468 781 filius
501 743 607 781 enim
640 746 682 782 L.
717 743 870 781 Pisonis
902 751 992 790 erat,
1025 743 1108 781 eius
1139 743 1207 793 qui
1237 744 1384 793 primus
1414 746 1464 783 de

8 814 11 861 j
78 824 115 845 10
134 808 310 858 pecuniis
344 808 571 858 repetundis
605 810 731 858 legem
761 808 858 846 tulit.
918 808 1147 846 Ridiculum
1177 816 1235 846 est
1265 823 1327 847 me
1356 823 1463 859 nunc
1486 822 1525 856 57

9 864 12 907 l
133 874 184 911 de
215 875 335 911 Verre
367 873 507 919 dicere,
541 886 631 911 cum
672 875 722 912 de
762 873 906 911 Pisone
946 873 1061 923 Frugi
1101 873 1288 922 dixerim3
1329 888 1462 912 verum

10 923 15 965 l
133 945 264 976 tamen
285 945 477 988 quantum
499 938 648 977 intersit
669 939 810 977 videte.
869 940 949 976 Iste
970 951 1060 976 cum
1080 938 1230 988 aliquot
1250 939 1462 977 abacorum

11 993 13 1020 ³
133 1003 276 1041 faceret
296 1016 387 1041 vasa
407 1017 536 1051 aurea,
558 1017 637 1042 non
668 1003 858 1041 laboravit
880 1003 976 1053 quid
1004 1016 1084 1041 non
1115 1005 1236 1042 modo
1271 1004 1310 1042 in
1332 1004 1462 1042 Sicilia

133 1080 266 1104 verum
288 1067 405 1105 etiam
427 1069 580 1106 Romae
601 1067 640 1105 in
658 1067 804 1106 iudicio
820 1067 971 1106 audiret
991 1082 997 1105 :
1028 1067 1090 1106 ille
1107 1067 1146 1105 in
1162 1068 1244 1106 auri
1261 1069 1463 1107 semuncia

76 1148 112 1178 15
133 1139 255 1169 totam
289 1132 524 1182 Hispaniam
559 1132 657 1170 scire
686 1132 809 1170 voluit
838 1134 944 1170 unde
974 1132 1141 1181 praetori
1170 1135 1310 1171 anulus
1340 1135 1458 1172 fieret.

133 1197 328 1235 Nimirum
346 1205 387 1235 ut
404 1197 466 1234 hic
483 1210 628 1235 nomen
645 1210 759 1235 suum
776 1196 1059 1246 comprobavit,
1075 1197 1129 1235 sic
1146 1197 1209 1235 ille
1225 1211 1459 1247 cognomen.

186 1263 307 1299 Nullo
341 1263 463 1300 modo
501 1275 661 1311 possum
701 1261 833 1300 omnia
872 1261 982 1299 istius
1028 1263 1130 1300 facta
1167 1270 1233 1300 aut
1272 1263 1460 1301 memoria
1479 1261 1533 1298 26

130 1326 319 1376 consequi
348 1334 414 1364 aut
435 1326 610 1364 oratione
631 1326 839 1376 complecti
857 1341 863 1364 :
893 1340 1034 1376 genera
1055 1328 1138 1377 ipsa
1158 1327 1275 1377 cupio
1296 1328 1462 1366 breviter

130 1391 332 1441 attingere,
354 1399 395 1429 ut
421 1391 484 1429 hic
506 1393 627 1429 modo
649 1405 711 1429 me
735 1392 982 1429 commonuit
1010 1392 1163 1429 Pisonis
1187 1395 1328 1433 anulus
1352 1396 1460 1443 quod

73 1470 112 1492 20
132 1464 257 1494 totum
288 1457 496 1494 effluxerat.
570 1457 701 1504 Quam
734 1456 866 1494 multis
900 1456 1017 1494 istum
1050 1457 1194 1506 putatis
1233 1459 1460 1498 hominibus

132 1521 306 1559 honestis
327 1522 377 1559 de
398 1521 527 1571 digitis
548 1522 686 1559 anulos
707 1521 946 1560 abstulisse?
1004 1523 1232 1571 Numquam
1255 1524 1457 1571 dubitavit,

130 1586 486 1636 quotienscumque
520 1585 683 1623 alicuius
713 1593 780 1623 aut
813 1599 969 1635 gemma
1001 1594 1068 1624 aut
1095 1589 1215 1625 anulo
1244 1589 1459 1627 delectatus

129 1659 197 1689 est.
259 1651 496 1690 Incredibile
517 1651 658 1697 dicam,
682 1652 752 1689 sed
773 1650 825 1688 ita
846 1652 993 1688 clarum
1015 1659 1056 1689 ut
1077 1651 1205 1701 ipsum
1227 1661 1457 1702 negaturum

129 1729 210 1755 non
236 1717 407 1756 arbitrer.
467 1718 570 1756 Cum
598 1714 793 1762 Valentio,
817 1714 900 1753 eius
929 1715 1140 1765 interpreti,
1165 1716 1330 1766 epistula
1351 1717 1457 1766 Agri·
1477 1720 1517 1760 58

71 1796 108 1826 25
128 1790 248 1832 gento
267 1784 397 1821 adlata
417 1790 528 1829 esset,
545 1795 637 1820 casu
659 1781 813 1831 signum
842 1779 913 1817 iste
933 1780 1207 1819 animadvertit
1229 1781 1267 1818 in
1298 1783 1452 1820 cretula.

129 1847 280 1886 Placuit
301 1848 363 1894 ei3
393 1847 582 1897 quaesivit
613 1848 720 1884 unde
749 1853 851 1884 esset
883 1844 1050 1894 epistula
1067 1860 1076 1892 3
1114 1846 1316 1895 respondit
1348 1846 1456 1896 Agri-

126 1920 255 1961 gento.
316 1915 395 1951 Iste
415 1912 559 1950 litteras
592 1913 643 1950 ad
665 1925 763 1961 quos
791 1911 943 1949 solebat
970 1910 1086 1957 misit,
1108 1918 1149 1948 ut
1178 1911 1209 1948 is
1238 1913 1376 1949 anulus
1403 1913 1454 1951 ad

126 1990 168 2014 se
201 1977 327 2027 primo
362 1990 521 2027 quoque
559 1984 736 2026 tempore
774 1977 998 2014 adferretur.
1074 1976 1134 2013 Ita
1172 1975 1305 2013 litteris
1345 1976 1453 2015 istius

126 2043 223 2091 patri
262 2042 438 2089 familias,
473 2043 516 2079 L.
552 2040 670 2087 Titio,
705 2040 779 2079 civi
817 2043 1012 2087 Romano,
1049 2041 1189 2078 anulus
1229 2042 1278 2079 de
1328 2042 1451 2092 digito

29 2119 33 2147 2
66 2119 106 2149 30
125 2108 321 2145 detractus
348 2115 415 2145 est.

168 2222 186 2249 4
211 2215 245 2240 et
262 2211 292 2240 ei
311 2210 420 2250 palam
437 2211 476 2239 πδ
611 2219 629 2249 7
655 2209 744 2240 dicet
762 2209 812 2240 R:
839 2210 891 2241 dic
908 2209 937 2240 S
1067 2210 1086 2238 8
1112 2209 1142 2238 id
1163 2209 1219 2238 suit
1234 2209 1299 2248 qu
1410 2220 1449 2241 10

123 2264 176 2284 me
187 2258 262 2294 post
278 2255 320 2284 de
336 2253 441 2284 Verre
459 2254 586 2294 lmbetp
742 2264 778 2292 17
805 2255 891 2285 furta
908 2253 1128 2284 Luterbacher
1143 2256 1175 2292 (ξ
1195 2256 1252 2293 49)
1411 2265 1450 2294 19

124 2297 187 2327 hoc
205 2299 303 2327 modo
314 2299 358 2336 p&
379 2297 492 2336 Quint.
511 2298 554 2328 ix.
575 2308 602 2328 2.
622 2300 660 2327 61
797 2309 833 2328 :zi
861 2298 975 2328 anulos
992 2303 1147 2337 aureosp
1168 2297 1282 2336 Quint.
1408 2308 1448 2336 25

123 2341 231 2370 anima
247 2341 390 2370 advertit
407 2341 462 2371 R:
487 2345 541 2370 ani
558 2341 703 2371 advertit
722 2341 786 2371 SD
805 2342 865 2379 viiii,
885 2344 899 2378 ξ
922 2351 1000 2379 14o;
1026 2352 1056 2379 v,
1081 2345 1094 2378 ξ
1118 2346 1193 2382 105>
1340 2350 1380 2380 27
1406 2343 1448 2372 ad

124 2394 207 2423 quos
223 2384 351 2414 solebat
368 2383 496 2414 litteras
513 2384 541 2414 S
557 2385 589 2414 in
610 2395 675 2424 mg.
811 2395 853 2424 29
878 2385 1004 2415 cuidam
1024 2385 1087 2414 civi
1102 2386 1144 2423 pf>

153 2436 219 2459 C1c.
238 2439 316 2459 νεα.

1319 2440 1358 2467 20
