1715 2734
143 462 159 492 5

123 789 162 810 10

181 78 447 117 ACTIONIS
479 78 540 116 IN
571 77 615 116 C.
639 76 879 113 VERREM
911 73 1209 112 SECVNDAE
1240 73 1342 109 LIB.
1367 73 1403 108 V
1445 80 1501 117 40
1524 86 1584 118 104

180 198 332 241 poterat
375 191 470 240 quin
516 188 722 229 Cleomeni
771 194 1001 238 parceretur.
1071 188 1199 224 Vocat
1243 186 1498 231 Cleomenen,
1524 199 1584 231 105

179 254 274 292 dicit
295 254 328 293 ei
350 268 391 292 se
411 254 591 292 statuisse
619 253 928 292 animadvertere
956 251 993 288 in
1022 250 1149 288 omnis
1175 251 1419 296 nauarchos,
1450 249 1502 286 ita

179 319 238 356 sui
260 319 420 369 periculi
451 320 618 357 rationes
648 320 745 356 ferre
774 331 819 355 ac
849 317 1055 366 postulare.
1118 314 1234 352 ‘Tibi
1256 314 1323 351 uni
1344 327 1500 363 parcam

179 391 217 422 et
256 383 385 432 potius
425 383 533 421 istius
572 384 710 432 culpae
748 381 895 420 crimen
929 379 1335 429 vituperationemque
1370 378 1501 416 incon-

179 448 344 486 stantiae
365 448 574 497 suscipiam
596 461 713 497 quam
743 454 809 484 aut
840 446 879 483 in
905 453 942 483 te
967 445 1039 482 sim
1068 443 1235 482 crudelis
1257 451 1323 481 aut
1344 451 1400 481 tot
1422 450 1500 480 tam

178 512 302 562 gravis
333 513 440 550 testis
466 512 573 550 vivos
604 510 892 560 incolumisque
921 523 1006 548 esse
1038 509 1184 558 patiar.’
1242 509 1333 557 Agit
1361 507 1501 557 gratias

180 578 426 624 Cleomenes,
467 577 659 627 adprobat
704 574 923 620 consilium,
964 573 1058 612 dicit
1098 573 1149 611 ita
1188 572 1270 610 fieri
1309 579 1500 622 oportere,

178 643 366 680 admonet
401 650 532 680 tamen
564 641 673 688 illud,
701 641 808 690 quod
840 639 957 677 istum
992 640 1150 688 fugerat,
1181 637 1220 675 in
1257 638 1503 683 Phalacrum,

180 707 481 757 Centuripinum
503 707 755 751 nauarchum,
779 718 858 742 non
880 717 994 754 posse
1015 702 1281 749 animadverti,
1299 709 1503 752 propterea

179 773 287 820 quod
309 785 442 809 secum
469 784 547 808 una
572 770 706 808 fuisset
736 769 775 806 in
803 767 1060 817 Centuripina
1086 766 1333 816 quadriremi.
1391 765 1502 814 ,Quid

179 838 300 885 ergo?
329 836 401 874 iste
421 837 542 873 homo
570 849 616 873 ex
645 834 727 873 eius
757 833 865 872 modi
895 832 1061 879 civitate,
1083 833 1316 870 adulescens
1347 830 1504 868 nobilis-

179 900 313 947 simus,
352 900 459 938 testis
498 899 768 949 relinquetur?
831 899 903 935 ‘In
943 895 1185 947 praesentia‚'
1225 895 1351 945 inquit
1391 896 1503 934 Cleo-

180 978 326 1011 menes,
348 964 555 1014 ‘quoniam
570 964 622 1002 ita
635 976 795 1002 necesse
808 970 890 1010 est,
920 963 989 1000 sed
1010 969 1098 1012 post
1118 960 1267 1011 aliquid
1281 960 1503 999 videbimus

179 1043 228 1067 ne
249 1029 320 1068 iste
342 1029 455 1068 nobis
476 1030 629 1067 obstare
650 1027 795 1078 possit.’

238 1097 351 1133 Haec
380 1102 637 1145 posteaquam
666 1101 753 1132 acta
781 1100 819 1131 et
848 1092 1062 1131 constituta
1092 1099 1193 1139 sunt,
1225 1090 1403 1141 procedit
1431 1090 1503 1130 iste
1524 1069 1587 1150 ‘¹456

179 1167 339 1210 repente
363 1173 385 1198 e
412 1158 604 1209 praetorio
630 1158 896 1196 infiammatus
924 1159 1069 1196 scelere
1094 1158 1222 1195 furore
1247 1155 1503 1204 crudelitate,

179 1225 217 1262 in
239 1227 365 1263 sorum
396 1224 512 1272 venit,
544 1225 762 1262 nauarchos
783 1222 912 1261 vocari
942 1222 1060 1261 iubet.
1121 1221 1201 1271 Qui
1231 1221 1327 1259 nihil
1358 1228 1503 1259 metue-

178 1298 273 1337 rent,
297 1290 392 1328 nihil
414 1290 711 1340 suspicarentur,
735 1288 865 1327 statim
893 1295 1111 1326 accurrunt.
1173 1289 1253 1325 Iste
1274 1285 1502 1324 hominibus

179 1355 327 1394 miseris
357 1355 634 1393 innocentibus
659 1354 750 1392 inici
779 1362 937 1392 catenas
967 1353 1141 1403 imperat.
1203 1353 1418 1402 Implorare
1449 1351 1500 1388 illi

120 1435 134 1455 2
179 1422 295 1458 fidem
322 1420 517 1470 praetoriS‚
541 1428 578 1458 et
599 1433 717 1470 quare
747 1419 787 1458 id
818 1421 959 1457 faceret
990 1432 1132 1467 rogare.
1193 1419 1299 1455 Tum
1324 1418 1395 1455 iste
1425 1418 1502 1454 hoc

178 1500 318 1525 causae
347 1486 455 1533 dicit,
484 1487 591 1535 quod
621 1488 784 1524 classem
813 1485 1077 1535 praedonibus
1104 1483 1380 1534 prodidissent.
1441 1484 1501 1520 Fit

177 1553 323 1589 clamor
352 1558 389 1589 et
418 1550 624 1589 admiratio
653 1550 788 1600 populi
819 1558 967 1587 tantam
998 1563 1083 1587 esse
1117 1549 1156 1586 in
1189 1549 1350 1586 homine
1379 1547 1502 1598 impu-

177 1616 351 1654 dentiam
382 1624 499 1665 atque
530 1615 735 1653 audaciam
769 1622 811 1652 ut
850 1622 915 1652 aut
953 1614 1038 1652 aliis
1076 1627 1235 1651 causam
1271 1612 1501 1650 calamitatis

177 1681 403 1718 attribueret
433 1694 533 1730 quae
563 1680 690 1718 omnis
722 1687 878 1730 propter
908 1679 1107 1717 avaritiam
1130 1678 1251 1728 ipsius
1281 1677 1502 1726 accidisset,

142 1754 253 1793 saut,
292 1759 381 1783 cum
412 1745 494 1795 ipse
524 1746 767 1795 praedonum
803 1743 931 1782 socius
966 1744 1225 1789 arbitraretur,
1256 1742 1340 1780 aliis
1374 1742 1501 1791 prodi-

177 1810 292 1848 tionis
315 1810 461 1848 crimen
482 1810 662 1856 inferret;
691 1809 835 1848 deinde
849 1810 924 1846 hoc
946 1808 1084 1857 quinto
1102 1807 1258 1845 decimo
1272 1807 1335 1845 die
1353 1807 1499 1845 crimen

175 1888 259 1912 esse
289 1882 424 1912 natum
454 1882 662 1923 postquam
693 1873 824 1912 classis
855 1881 955 1911 esset
984 1873 1136 1910 amissa.
1197 1873 1299 1911 Cum
1330 1873 1426 1909 haec
1447 1871 1499 1909 ita
1523 1883 1582 1917 107

175 1940 322 1986 fierent,
354 1938 613 1988 quaerebatur
643 1938 710 1976 ubi
749 1946 850 1976 esset
882 1938 1128 1984 Cleomenes,
1163 1950 1242 1974 non
1278 1949 1357 1985 quo
1389 1936 1497 1974 illum

219 2054 237 2073 2
261 2043 530 2073 animadvertere
552 2040 621 2071 Vnk
639 2053 645 2072 :
684 2041 829 2072 animum
847 2041 974 2071 adverti
992 2040 1077 2070 RS:
1111 2040 1258 2070 animum
1276 2040 1453 2070 advertere
1470 2038 1502 2069 Z

176 2086 231 2125 (ut
245 2086 331 2117 codd.
350 2092 451 2126 supra
469 2085 489 2116 l.
508 2095 571 2115 20:
596 2085 632 2123 cf.
648 2084 690 2123 iv,
713 2088 728 2121 ξ
747 2085 804 2116 28Ἲ
908 2094 927 2123 5
952 2094 1048 2123 quam
1066 2090 1122 2114 aut
1144 2083 1251 2123 Vpk-5:
1276 2093 1373 2121 quam
1393 2088 1426 2112 ut
1443 2083 1498 2114 R:

175 2140 273 2168 quarn
291 2128 382 2159 SDw
570 2129 590 2158 8
608 2128 641 2158 id
658 2128 745 2166 quod
766 2126 796 2156 V
812 2128 846 2168 (i,
867 2130 882 2165 ξ
905 2129 979 2168 111)
1166 2136 1202 2164 17
1228 2126 1269 2156 ad
1287 2136 1323 2155 se
1340 2127 1451 2156 vocari
1472 2126 1504 2156 V

175 2183 217 2202 20
242 2177 310 2202 tum
333 2171 466 2211 VRSp:
490 2176 566 2202 tunc
586 2173 602 2200 δ
765 2181 806 2200 22
831 2176 862 2200 et
881 2181 946 2201 ont.
967 2170 1030 2200 RS
1190 2169 1451 2200 admurmuratio
1472 2169 1504 2199 V

177 2214 324 2254 (Meusel,
347 2221 381 2254 p.
407 2215 465 2255 33>
598 2223 639 2252 25
663 2214 882 2244 arbitraretur
906 2213 1024 2244 st:
1056 2216 1230 2252 putaretur
1258 2212 1324 2241 Vn&
1457 2223 1497 2252 27

176 2259 220 2289 ita
237 2269 303 2289 om.
329 2258 374 2288 V&
507 2258 548 2288 28
573 2257 663 2287 illum
680 2267 745 2288 om.
764 2256 828 2287 SD
