1715 2734
2 2593 9 2734 ...ι-...η
6 2575 7 2578 Α
3 2555 5 2565 -Α

181 80 448 118 ACTIONIS
471 81 531 118 IN
553 80 597 118 C.
612 81 854 117 VERREM
875 81 1173 119 SECVNDAE
1195 83 1296 118 LIB.
1323 82 1388 119 III
1445 81 1498 117 26
1518 84 1561 125 64

179 193 324 232 riorum
371 193 561 232 memoria
598 193 706 232 scitis
753 208 862 232 esse:
910 207 1076 243 ecquem
1122 193 1283 240 vidistis,
1335 206 1500 243 ecquem

179 258 342 297 audistis
372 258 412 296 in
441 258 559 297 tantis
578 258 703 305 furtis,
724 259 764 297 in
788 266 870 297 tam
899 258 1054 308 apertis,
1077 257 1117 295 in
1134 266 1241 296 tanta
1262 258 1436 303 audacia,
1460 257 1500 294 in

178 330 286 360 tanta
333 323 579 372 impudentia
624 336 709 361 esse
756 325 980 361 versatum?
1047 322 1265 372 Apronius
1296 322 1500 371 stipatores
1520 324 1562 366 65

178 387 368 425 Venerios
403 401 537 425 secum
568 388 741 426 habebat
759 403 769 436 3
810 388 979 426 ducebat
1014 401 1081 426 eos
1120 387 1267 425 circum
1302 387 1502 434 civitates;

139 465 156 496 5
178 451 334 501 publice
355 451 430 489 sibi
450 451 629 490 convivia
650 453 786 502 parari,
809 452 927 490 sterni
948 452 1124 499 triclinia,
1148 460 1185 490 et
1211 451 1250 489 in
1278 453 1362 489 foro
1383 450 1501 488 sterni

176 515 365 564 iubebat3
412 530 461 555 eo
498 516 628 554 vocari
676 518 856 556 homines
896 516 1195 555 honestissimos
1243 530 1323 554 non
1373 517 1501 554 solum

177 581 330 620 Siculos
366 582 440 620 sed
474 581 594 621 etiam
633 582 783 631 equites
824 584 1038 629 Romanos,
1081 589 1133 627 ut,
1176 581 1335 630 quicum
1374 581 1502 618 vivere

176 660 295 684 nemo
328 660 518 696 umquam
552 646 625 684 nisi
660 647 781 696 turpis
817 647 1071 696 impurusque
1105 646 1302 689 voluisset,
1337 647 1388 683 ad
1419 645 1501 683 eius

176 711 400 749 convivium
430 711 703 761 spectatissimi
728 720 846 760 atque
877 710 1142 748 honestissimi
1164 710 1232 747 viri
1263 718 1498 748 tenerentur.

118 790 156 811 10
178 777 292 813 Haec
311 784 366 824 tu,
386 776 565 814 oninium
588 775 809 813 mortalium
828 775 1141 825 profligatissime
1162 788 1207 812 ac
1225 774 1498 824 perditissime,

176 854 266 878 cum
297 841 424 887 scires,
457 855 547 879 cum
577 841 731 878 audires
755 841 911 887 cotidie,
945 854 1034 878 cum
1063 840 1224 886 videres,
1258 840 1288 878 si
1319 840 1501 877 sinetuo

175 914 341 955 quaestu
372 906 544 944 maximo
574 906 719 951 fierent,
752 919 842 943 cum
873 914 983 943 tanto
1011 905 1184 955 periculo
1206 914 1274 943 tuo
1295 905 1376 943 fieri
1398 913 1501 954 pate-

175 984 259 1009 rere
277 978 397 1020 atque
416 972 688 1009 concederes?
745 971 918 1007 Tantum
940 971 1046 1019 apud
1069 977 1106 1007 te
1128 979 1313 1019 quaestus
1336 969 1496 1019 Aproni,

175 1043 327 1072 tanturn
359 1035 442 1073 eius
472 1049 600 1073 serrno
631 1034 969 1084 inquinatissimus
990 1042 1027 1072 et
1049 1033 1264 1072 blanditiae
1286 1034 1500 1084 flagitiosae

117 1116 154 1147 15
175 1101 379 1137 valuerunt
408 1107 450 1137 ut
480 1113 696 1149 numquam
728 1099 905 1137 animum
936 1107 1047 1136 tuum
1072 1112 1164 1136 cura
1195 1106 1349 1136 tuarum
1384 1100 1500 1136 fortu-

175 1177 313 1202 narum
344 1164 608 1214 cogitatioque
640 1165 845 1214 tangeret?
903 1163 1082 1210 Cernitis,
1119 1163 1279 1209 iudices,
1314 1164 1422 1212 quod
1461 1172 1499 1201 et
1519 1169 1561 1200 66

174 1236 366 1277 quantum
396 1229 626 1266 incendium
656 1230 969 1266 decumanorum
1000 1228 1149 1277 impetu
1180 1241 1260 1265 non
1282 1229 1410 1265 solum
1432 1241 1500 1277 per

173 1306 285 1342 agros
306 1294 376 1331 sed
396 1293 512 1331 etiam
534 1307 601 1342 per
622 1293 789 1342 reliquas
810 1294 985 1330 fortunas
1002 1300 1209 1339 aratorum,
1228 1306 1357 1342 neque
1371 1294 1498 1330 solum

174 1371 242 1406 per
272 1358 375 1395 bona
403 1359 473 1395 sed
495 1357 612 1395 etiam
640 1371 708 1406 per
735 1357 817 1395 iura
844 1357 1031 1395 libertatis
1053 1365 1090 1395 et
1112 1357 1277 1394 civitatis
1299 1357 1373 1394 isto
1394 1371 1499 1407 prae-

115 1439 154 1461 20
174 1430 257 1459 tore
273 1422 490 1471 pervaserit.
529 1422 681 1460 Videtis
699 1423 872 1471 pendere
888 1421 984 1459 alios
1001 1436 1047 1459 ex
1062 1422 1214 1469 arbore,
1229 1422 1372 1471 pulsari
1388 1422 1495 1468 alios,

172 1488 270 1524 αι’ίος
284 1495 416 1524 autem
430 1486 632 1532 verberari,
649 1500 764 1536 porro
780 1487 876 1524 alios
893 1486 932 1523 in
947 1486 1108 1535 publico
1124 1487 1325 1533 custodiri,
1339 1487 1497 1525 destitui

171 1551 268 1589 alios
297 1550 338 1589 in
368 1551 560 1598 convivio,
593 1551 849 1590 condemnari
879 1551 975 1589 alios
1005 1565 1027 1589 a
1058 1552 1215 1589 medico
1243 1559 1282 1589 et
1303 1565 1498 1601 praecone

171 1616 362 1666 praetoris
380 1630 393 1665 3
417 1616 523 1655 bona
542 1625 673 1655 tamen
696 1617 843 1655 interea
865 1617 989 1654 nihilo
1011 1616 1140 1654 minus
1161 1631 1296 1655 eorum
1318 1617 1496 1654 omnium

172 1695 221 1720 ex
245 1682 346 1731 agris
375 1682 516 1720 auferri
546 1696 591 1720 ac
621 1682 746 1732 diripi.
808 1681 917 1730 Quid
944 1690 1002 1719 est
1027 1682 1136 1719 hoc?
1166 1682 1301 1731 populi
1324 1681 1495 1719 Romani

114 1762 152 1793 25
171 1746 410 1796 imperium?
447 1746 665 1797 praetoriae
694 1748 809 1796 leges,
844 1745 1018 1784 iudicia?
1063 1744 1209 1799 [socios
1242 1746 1381 1794 fidelis,
1412 1760 1496 1796 pro-

215 1862 234 1881 2
259 1852 291 1881 in
305 1855 398 1881 tanta
409 1849 525 1879 audac.
539 1849 572 1878 in
591 1853 684 1879 tanta
696 1849 819 1888 impud.
835 1847 899 1878 cO:
923 1848 956 1878 in
972 1853 1064 1878 tanta
1077 1849 1202 1888 impud.
1218 1860 1281 1880 om.
1298 1850 1378 1881 rell.:
1405 1856 1498 1881 tanta

171 1895 244 1926 aud.
255 1899 346 1924 tanta
357 1894 436 1931 imp.
449 1892 537 1931 vulg.
611 1901 630 1929 3
653 1902 727 1921 esse
739 1898 906 1921 versatum
921 1902 984 1921 om.
1001 1892 1030 1921 O
1045 1903 1051 1921 ε
1074 1893 1144 1923 secl.
1161 1893 1288 1931 Mucll„
1299 1892 1376 1924 Ziel.
1389 1900 1422 1933 p.
1438 1904 1496 1933 195

171 1948 189 1976 5
214 1937 366 1977 apparari
384 1936 496 1966 Mncll.
518 1936 553 1973 ti.
574 1938 588 1972 ξ
607 1936 665 1973 65)
757 1937 777 1964 6
802 1945 843 1964 eo
861 1935 971 1964 vocari
992 1934 1038 1965 O:
1067 1937 1231 1976 evocarip
1246 1937 1310 1966 rell.
1330 1948 1336 1966 :
1361 1948 1402 1967 eo
1420 1948 1496 1967 evo-

171 1982 238 2011 cari
257 1980 367 2011 Muell.
460 1990 475 2018 7
501 1979 632 2018 quicum
650 1978 719 2008 cO:
744 1988 883 2018 quocum
897 1983 922 2017 p
939 1979 1003 2009 rell.
1083 1979 1196 2010 vivere
1215 1979 1283 2009 cO:
1310 1979 1395 2010 inire
1414 1991 1495 2011 con-

172 2025 294 2055 vivium
307 2030 331 2064 p
343 2024 406 2055 rell.
425 2035 432 2053 t
458 2022 628 2052 convivari
643 2021 802 2062 Alndvtg:
827 2023 940 2052 bibere
958 2022 1171 2052 Luterbacher
1272 2034 1311 2053 10
1335 2034 1373 2054 ac
1387 2024 1473 2056 codd.
1492 2037 1498 2055 ι

172 2074 204 2098 et
222 2068 291 2098 edd.
387 2077 424 2096 12
449 2072 506 2097 tuo
523 2066 675 2106 periculo
695 2066 724 2095 O
816 2076 853 2105 15
879 2071 1008 2096 tuarum
1022 2067 1095 2097 fort.
1108 2073 1133 2107 p
1151 2067 1214 2098 rell.
1230 2071 1359 2107 praeter
1376 2067 1406 2098 Ο
1425 2072 1494 2108 (pr.

172 2113 379 2142 fortunarum
397 2116 540 2141 tuarum.
561 2109 631 2139 dein
645 2120 722 2140 corr.
739 2121 784 2140 m.
804 2120 815 2139 1
835 2121 841 2145 ;
866 2108 941 2140 Div.
961 2114 1006 2147 ξε
1129 2112 1166 2140 18
1191 2122 1302 2150 neque
1314 2111 1404 2142 cOk:
1429 2122 1496 2141 non

168 2161 191 2195 p
203 2155 268 2185 rell.
338 2165 380 2184 20
395 2154 488 2188 alios.
503 2154 586 2183 alios
600 2159 711 2183 autem
723 2153 853 2193 scripsi:
871 2153 955 2183 alios
967 2160 1078 2183 autem
1090 2154 1316 2194 codd,praeler
1329 2155 1359 2185 O
1370 2158 1496 2194 (autem

175 2197 273 2230 alios)
292 2207 299 2226 :
323 2197 405 2227 alios
423 2202 479 2226 aut
497 2197 596 2226 etiarn
615 2196 778 2226 Francius
875 2206 915 2235 25
941 2202 1055 2235 pretor
1073 2198 1247 2234 imperium
1264 2196 1294 2226 O
1312 2197 1381 2234 (eC,
1399 2198 1496 2237 credo,

177 2241 260 2269 mm
361 2240 550 2279 praetoriae
568 2240 660 2277 leges
677 2239 798 2278 scrzjhsi,
818 2239 848 2269 O
863 2244 998 2272 seculus.
1019 2241 1051 2269 in
1070 2250 1132 2278 quo
1150 2244 1195 2269 est
1212 2235 1284 2279 fsrst,
1298 2245 1335 2270 ut
1350 2240 1391 2273 iii.
1409 2244 1423 2278 ξ
1441 2251 1476 2280 17
1493 2253 1499 2271 :

176 2282 292 2321 populi
314 2283 456 2313 Romani
474 2282 567 2321 leges
586 2283 667 2317 rell..
687 2281 756 2314 edd.
816 2283 927 2312 socios
963 2284 1081 2314 sotios}
1105 2282 1153 2312 O:
1179 2294 1242 2313 om.
1265 2283 1331 2314 rell.
1350 2295 1355 2313 1
1381 2285 1498 2314 iudicia

177 2326 212 2356 in
236 2326 346 2356 socios
371 2326 492 2358 fidelis.
514 2327 716 2364 provinciam
743 2325 967 2355 suburbanam
993 2325 1120 2361 MuelL,
1147 2325 1328 2356 Halmium
1353 2332 1497 2358 seculus:

177 2368 291 2407 leges?
316 2369 461 2399 iudicia?
486 2370 567 2399 socii
585 2369 723 2399 fideles?
750 2369 921 2408 provincia
938 2369 1124 2399 suburbana
1140 2371 1148 2399 ἒ
1174 2371 1261 2408 vulg.
