1715 2734
145 121 412 163 ACTIONIS
436 123 496 159 IN
519 122 564 160 C,
587 121 828 159 VERREM
852 118 1149 159 SECVNDAE
1173 120 1276 157 LIB.
1301 120 1359 156 IV
1426 131 1473 168 41
1493 126 1536 160 88

144 239 261 281 pacto
289 230 528 280 distinguere
556 242 603 267 ac
632 242 810 278 separare
840 228 987 279 possim
1018 228 1163 267 nescio.
1225 230 1294 266 Est
1316 227 1475 278 pecuni-

143 309 253 333 arum
287 302 500 345 captarum,
537 295 645 343 quod
670 294 824 344 signum
853 294 904 331 ab
938 292 1054 331 sociis
1086 292 1276 342 pecuniae
1308 306 1474 342 magnae

145 360 324 404 sustulit;
374 367 432 399 est
470 361 685 409 peculatus,
725 360 833 409 quod
873 358 1075 408 publicum
1116 357 1251 407 populi
1303 356 1475 394 Romani

145 425 299 474 signum
333 426 384 462 de
417 426 561 474 praeda
601 423 773 462 hostium
808 430 979 472 captum,
1020 422 1191 473 positum
1232 421 1475 470 imperatoris

107 501 124 532 5
146 489 265 527 nostri
296 489 468 535 nomine,
494 502 575 526 non
605 489 798 526 dubitavit
827 489 977 526 auferre
993 502 1002 534 ;
1032 495 1089 524 est
1121 486 1345 533 maiestatis,
1367 487 1476 535 quod

145 553 282 603 imperi
309 553 441 600 nostri,
469 553 624 602 gloriae,
648 567 774 591 rerum
796 560 991 602 gestarum
1022 558 1280 589 monumenta
1305 558 1477 589 evertere

144 627 263 668 atque
300 626 498 668 asportare
531 632 648 656 ausus
682 625 740 656 est
759 632 768 665 ;
814 624 872 655 est
911 614 1077 661 sceleris,
1113 615 1222 665 quod
1270 614 1476 665 religiones

146 683 335 720 maximas
366 680 552 728 violavit3
596 688 653 719 est
684 680 933 727 crudelitatis,
966 681 1073 730 quod
1110 681 1148 717 in
1185 679 1386 718 hominem
1421 678 1475 716 in-

146 754 370 793 nocentem,
408 746 449 784 in
488 745 639 784 socium
672 754 844 784 vestrum
877 753 996 795 atque
1029 744 1212 791 amicum,
1249 758 1395 782 novum
1436 751 1473 783 et

87 825 126 846 10
144 810 337 860 singulare
361 810 527 860 supplici
550 825 673 860 genus
694 811 950 860 excogitavit:
982 809 1078 847 illud
1099 823 1190 848 vero
1212 810 1306 859 quid
1328 810 1375 848 sit
1397 809 1473 848 iam
1495 815 1538 856 89

145 888 224 912 non
257 888 360 924 queo
393 874 534 921 dicere,
571 888 651 924 quo
686 875 847 913 nomine
877 876 1073 925 appellem
1109 874 1253 919 nescio,
1289 876 1397 924 quod
1436 875 1474 912 in

146 940 190 977 C.
214 939 391 977 Marcelli
412 947 549 977 statua.
610 940 719 988 Quid
758 947 816 978 θεῖ
838 940 944 977 hoc?
973 947 1213 988 patronusne
1235 941 1342 988 quod
1364 941 1475 977 erat?

147 1003 254 1050 Quid
282 1005 397 1041 tum?
426 1017 505 1053 quo
537 1003 577 1042 id
608 1006 791 1054 spectat?
820 1012 950 1042 utrum
980 1017 1026 1042 ea
1050 1017 1108 1041 res
1133 1005 1183 1041 ad
1210 1016 1325 1053 opem
1354 1017 1403 1041 an
1424 1005 1474 1042 ad

146 1067 408 1106 calamitatem
436 1068 636 1107 clientium
663 1076 783 1118 atque
810 1068 1009 1118 hospitum
1036 1069 1163 1107 valere
1190 1068 1392 1106 debebat?
1423 1081 1474 1106 an

87 1148 126 1179 15
147 1139 189 1169 ut
209 1133 285 1170 hoc
305 1134 544 1181 ostenderes,
558 1141 694 1171 contra
715 1133 792 1171 vim
814 1140 921 1171 tuam
944 1133 982 1171 in
1004 1133 1176 1183 patronis
1191 1133 1357 1183 praesidi
1378 1133 1475 1171 nihil

146 1199 260 1235 esse?
328 1197 429 1245 Quis
460 1212 541 1236 non
576 1199 652 1235 hoc
686 1197 939 1248 intellegeret,
975 1198 1014 1235 in
1054 1198 1222 1248 improbi
1262 1198 1475 1247 praesentis

145 1261 310 1312 imperio
344 1262 531 1301 maiorem
567 1276 652 1301 esse
685 1262 765 1301 vim
799 1275 917 1312 quam
951 1262 990 1299 in
1025 1263 1221 1300 bonorum
1252 1262 1474 1300 absentium

145 1326 395 1376 patrocinio?
449 1330 514 1365 An
535 1341 627 1366 vero
652 1342 699 1367 ex
729 1329 804 1366 hoc
826 1327 890 1365 illa
918 1335 984 1365 tua
1008 1327 1211 1377 singularis
1238 1328 1476 1377 significatur

145 1392 363 1440 insolentia,
395 1392 588 1442 superbia,
617 1392 899 1431 contumacia?
956 1394 1172 1432 Detrahere
1201 1392 1381 1431 videlicet
1411 1393 1474 1431 ali-

87 1476 126 1497 20
145 1457 241 1506 quid
262 1465 300 1495 te
320 1459 369 1495 de
390 1457 650 1507 amplitudine
679 1460 956 1496 Marcellorum
986 1459 1143 1508 putasti.
1203 1460 1342 1508 Itaque
1368 1472 1474 1497 nunc

145 1521 364 1559 Siculorum
384 1523 559 1560 Marcelli
582 1536 661 1560 non
683 1530 773 1560 sunt
794 1522 959 1572 patroni,
977 1525 1117 1561 Verres
1139 1523 1177 1560 in
1192 1536 1327 1561 eorum
1342 1525 1473 1561 locum

145 1586 378 1624 substitutus
399 1594 467 1625 est.
526 1589 657 1636 Quam
680 1589 718 1625 in
740 1596 778 1626 te
800 1595 948 1626 tantam
971 1588 1151 1626 virtutem
1169 1602 1253 1627 esse
1269 1596 1335 1626 aut
1352 1588 1473 1637 digni·
1492 1602 1536 1634 90

145 1658 265 1688 tatem
285 1651 492 1689 arbitratus
522 1665 563 1690 es
590 1660 632 1690 ut
659 1666 844 1690 conarere
874 1653 1095 1691 clientelam
1126 1661 1204 1691 tam
1230 1653 1470 1703 splendidae,

146 1723 225 1753 tam
247 1715 416 1754 inlustris
438 1716 661 1766 provinciae
679 1718 881 1755 traducere
901 1719 951 1755 ad
972 1725 1021 1764 te,
1038 1719 1187 1755 auferre
1208 1731 1229 1755 a
1250 1717 1472 1755 certissimis

87 1796 126 1825 25
144 1780 504 1830 antiquissimisque
538 1781 743 1830 patronis?
799 1784 861 1819 Tu
896 1781 968 1820 ista
999 1782 1184 1831 nequitia,
1217 1782 1388 1829 stultitia,
1418 1782 1472 1820 in-

145 1846 241 1884 ertia
271 1859 351 1884 non
384 1848 504 1884 modo
534 1846 652 1884 totius
681 1846 845 1893 Siciliae,
870 1848 938 1884 sed
967 1847 1082 1884 unius
1107 1846 1324 1885 tenuissimi
1352 1846 1470 1884 Siculi

144 1910 366 1948 clientelam
399 1910 496 1948 tueri
524 1913 665 1959 potes?
694 1911 764 1949 tibi
788 1911 965 1949 Marcelli
989 1919 1115 1949 statua
1137 1925 1207 1961 pro
1224 1911 1401 1961 patibulo
1431 1911 1469 1948 in

144 1976 296 2014 clientis
325 1977 601 2013 Marcellorum
628 1975 727 2013 fuit?
761 1983 802 2014 tu
830 1990 876 2014 ex
902 1976 1004 2014 illius
1030 1977 1178 2014 honore
1206 1976 1244 2013 in
1272 1990 1338 2014 eos
1366 1976 1470 2025 ipsos

144 2042 211 2091 qui
250 2043 440 2079 honorem
480 2041 533 2078 illi
573 2042 791 2079 habuerant
829 2041 1020 2091 supplicia
1058 2041 1305 2090 quaerebas?
1362 2041 1470 2089 Quid

33 2144 35 2149 ,
86 2118 125 2148 3ο
145 2107 312 2156 postea?
341 2105 436 2154 quid
457 2106 616 2143 tandem
638 2105 713 2143 tuis
744 2105 880 2143 statuis
908 2108 988 2144 fore
1012 2106 1280 2143 arbitrabare?
1309 2119 1357 2143 an
1380 2119 1470 2143 vero

145 2169 185 2209 id
215 2171 324 2220 quod
353 2169 525 2207 accidit?
582 2171 686 2207 Nam
716 2169 972 2219 Tyndaritani
1002 2177 1169 2207 statuam
1200 2169 1320 2216 istius,
1349 2183 1468 2219 quam

1088 2261 1114 2286 in

189 2308 208 2327 2
231 2298 272 2327 ab
290 2307 354 2327 om.
375 2309 394 2325 π
497 2296 516 2324 8
542 2296 574 2325 in
593 2295 762 2325 hominem
781 2296 996 2326 innocentem
1010 2301 1033 2335 p
1050 2307 1055 2324 ε
1081 2296 1295 2325 innocentem
1315 2297 1345 2325 in
1366 2296 1469 2326 homi-

146 2351 222 2370 nem
239 2340 322 2371 RS:
349 2341 380 2370 in
400 2341 508 2370 innoc.
528 2340 560 2368 in
579 2339 668 2370 hom.
688 2338 773 2368 DW:
798 2339 865 2370 inn.
885 2339 916 2368 in
936 2340 1024 2370 hom.
1044 2338 1074 2367 Z
1220 2350 1240 2378 9
1264 2344 1414 2369 nostrum
1428 2341 1470 2379 p&

149 2393 187 2422 13
212 2384 290 2422 quid
310 2388 440 2422 spectat
458 2395 478 2412 π
613 2393 653 2420 23
676 2382 887 2421 splendidam
905 2394 925 2411 π

189 2436 251 2456 cic.
271 2437 351 2456 VER.
1342 2426 1382 2454 :¹3
