1715 2734
115 123 382 161 ACTIONIS
405 123 464 160 IN
487 123 530 161 C.
554 123 795 160 VERREM
817 121 1114 161 SECVNDAE
1136 123 1238 159 LIB.
1264 124 1322 160 IV
1383 123 1438 169 36
1458 131 1498 161 80

113 231 355 281 gloriamque
375 231 564 277 restituas,
584 238 636 278 ut,
656 232 763 281 quod
786 245 852 280 per
876 233 915 268 P.
934 231 1163 268 Africanum
1187 245 1233 269 ex
1254 232 1350 269 urbe
1371 232 1438 269 ho-

113 295 231 333 stium
252 295 526 346 recuperarint,
550 296 589 334 id
612 310 681 346 per
702 304 739 334 te
759 309 805 334 ex
834 295 1043 345 praedonis
1063 297 1187 334 domo
1207 309 1438 335 conservare

112 360 274 410 possint.

168 426 277 471 Quid
296 432 363 463 aut
390 433 430 463 tu
453 425 511 463 his
537 426 773 475 respondere
800 426 965 464 honeste
989 432 1102 475 potes
1126 432 1192 463 aut
1222 424 1275 462 illi
1298 427 1437 473 facere,

76 502 93 533 5
113 488 185 527 nisi
207 497 248 527 ut
270 497 307 527 te
327 504 372 527 ac
394 491 513 528 fidem
536 498 641 528 tuam
664 491 904 540 implorent?
961 491 1118 528 Adsunt
1145 497 1183 528 et
1213 489 1434 540 implorant.

112 556 229 592 Potes
250 555 492 593 domesticae
514 555 639 593 laudis
660 555 975 605 amplitudinem,
997 554 1139 604 Scipio,
1164 554 1272 601 tueri,
1296 562 1408 604 potes
1427 570 1436 602 3

110 619 244 658 omnia
273 627 362 658 sunt
393 620 431 657 in
462 628 499 658 te
528 634 629 670 quae
662 629 730 658 aut
762 623 917 659 fortuna
948 619 1175 659 hominibus
1202 627 1268 658 aut
1299 627 1435 658 natura

110 685 292 734 largitur,
332 699 411 723 non
444 698 656 735 praecerpo
688 687 857 723 fructum
896 685 999 723 offici
1039 684 1105 731 tui,
1147 698 1228 722 non
1266 684 1434 723 alienam

110 749 205 787 mihi
244 751 402 788 laudem
442 758 597 800 appetO,
640 764 720 789 non
759 758 817 789 est
856 749 1017 800 pudoris
1050 749 1127 788 mei
1163 751 1203 787 P.
1237 749 1434 799 Scipione,

53 831 92 854 10
109 814 386 853 florentissimo
414 816 678 862 adulescente,
711 815 799 853 vivo
829 823 866 853 et
896 814 1084 853 incolumi
1120 828 1182 853 me
1216 828 1435 864 propugna-

109 886 233 918 torem
255 887 602 918 monumentorum
625 882 665 917 P.
683 880 878 930 Scipionis
899 881 1227 929 defensoremque
1248 880 1430 929 profiteri.

109 945 240 991 Quam
272 946 324 983 ob
356 959 436 983 rem
476 945 507 982 si
540 945 704 995 suscipis
737 944 977 983 domesticae
1008 944 1133 983 laudis
1158 944 1431 994 patrocinium,

108 1023 171 1048 me
200 1023 279 1048 non
311 1012 437 1048 solum
469 1010 580 1048 silere
602 1012 651 1048 de
673 1010 807 1047 vestris
839 1011 1106 1048 monumentis
1131 1009 1339 1059 oportebit,
1363 1010 1432 1047 sed

107 1073 223 1112 etiam
257 1074 387 1112 laetari
420 1077 461 1112 P.
494 1074 667 1112 Africani
699 1076 781 1112 eius
810 1074 918 1112 modi
949 1076 1144 1112 fortunam
1174 1087 1259 1111 esse
1290 1073 1432 1112 mortui

50 1156 85 1188 15
106 1146 148 1176 ut
177 1138 259 1177 eius
289 1140 416 1177 honos
445 1139 495 1176 ab
525 1138 570 1177 iis
600 1138 666 1188 qui
695 1153 740 1176 ex
761 1140 900 1176 eadem
923 1138 1068 1176 familia
1088 1138 1164 1175 sint
1186 1139 1432 1185 defendatur,

106 1217 234 1253 neque
264 1206 386 1242 ullum
416 1203 682 1242 adventicium
713 1203 899 1241 auxilium
936 1203 1160 1253 requiratur.
1222 1203 1289 1240 Sin
1322 1203 1431 1241 istius

104 1268 275 1306 amicitia
297 1276 333 1307 te
355 1268 530 1318 impedit,
554 1269 584 1306 si
616 1269 692 1306 hoc
723 1269 831 1317 quod
857 1282 929 1317 ego
957 1269 1026 1306 abs
1055 1276 1092 1306 te
1123 1269 1280 1317 postulo
1302 1267 1430 1305 minus

104 1335 154 1372 ad
194 1334 365 1372 officium
415 1341 525 1371 tuum
574 1333 767 1383 pertinere
810 1333 1058 1379 arbitrabere,
1109 1334 1318 1371 succedam
1358 1346 1430 1382 ego

105 1398 270 1436 vicarius
309 1406 376 1436 tuo
417 1397 578 1444 muneri,
620 1398 831 1447 suscipiam
870 1398 988 1447 partis
1028 1411 1124 1446 quas
1166 1397 1312 1436 alienas
1347 1411 1431 1435 esse

48 1480 88 1501 20
105 1463 328 1502 arbitrabar.
390 1463 547 1501 Deinde
579 1463 651 1501 ista
687 1465 884 1513 praeclara
919 1463 1102 1501 nobilitas
1138 1463 1292 1501 desinat
1321 1463 1430 1512 queri

106 1530 295 1577 populum
338 1530 565 1566 Romanum
607 1528 834 1566 hominibus
876 1528 985 1566 novis
1026 1528 1225 1567 industriis
1266 1527 1431 1565 libenter

104 1594 272 1631 honores
313 1595 499 1631 mandare
541 1607 774 1643 semperque
822 1594 1042 1631 mandasse.
1104 1595 1196 1630 Non
1244 1600 1301 1630 est
1341 1606 1431 1641 que-

103 1659 267 1696 rendum
301 1657 339 1695 in
380 1659 452 1696 hac
485 1658 650 1705 civitate,
694 1672 795 1707 quae
830 1666 987 1707 propter
1025 1658 1205 1695 virtutem
1246 1657 1430 1695 omnibus

105 1723 329 1761 nationibus
361 1723 534 1772 imperat,
573 1724 755 1762 virtutem
792 1723 1002 1772 plurimum
1044 1737 1169 1772 posse.
1230 1722 1285 1760 Sit
1323 1723 1429 1771 apud

46 1801 83 1833 25
103 1787 200 1825 alios
239 1787 368 1838 imago
403 1791 446 1826 P.
478 1788 663 1834 Africani,
706 1796 893 1827 ornentur
931 1788 995 1826 alii
1034 1787 1175 1825 mortui
1211 1787 1350 1825 virtute
1384 1801 1430 1825 ac

104 1852 292 1897 nomine:
321 1854 406 1891 talis
437 1854 500 1891 ille
530 1855 586 1891 vir
615 1853 698 1900 fuit,
721 1855 774 1892 ita
804 1855 854 1892 de
885 1855 1032 1903 populo
1064 1854 1248 1890 Romano
1270 1852 1429 1890 meritus

104 1925 161 1955 est
182 1925 223 1955 ut
244 1931 324 1955 non
346 1919 412 1955 uni
434 1918 603 1957 familiae
625 1920 694 1957 sed
716 1920 919 1956 universae
954 1918 1099 1956 civitati
1128 1918 1428 1955 commendatus

104 1995 188 2020 esse
209 1983 362 2020 debeat.
423 1985 492 2021 Est
512 1983 644 2033 aliqua
665 1997 751 2022 mea
773 1997 860 2033 pars
881 1982 1011 2025 virilis,
1033 1984 1140 2032 quod
1162 1983 1243 2020 eius
1265 1982 1428 2020 civitatis

103 2060 189 2084 sum
210 2061 327 2096 quam
351 2048 413 2085 ille
433 2049 605 2097 amplam
635 2047 839 2086 inlustrem
868 2050 1092 2097 claramque
1120 2048 1300 2092 reddidit,
1324 2060 1429 2095 prae-

12 2137 16 2143 -
45 2124 84 2154 30
103 2113 216 2161 cipue
237 2113 345 2160 quod
375 2113 411 2149 in
434 2113 492 2149 his
514 2113 630 2150 rebus
654 2126 725 2162 pro
755 2127 843 2151 mea
874 2121 980 2162 parte
1011 2126 1140 2150 versor
1170 2125 1333 2161 quarum
1366 2113 1428 2149 ille

102 2176 282 2225 princeps
313 2176 393 2221 fuit,
426 2178 634 2226 aequitate,
669 2179 873 2224 industria,
905 2176 1171 2227 temperantia,
1197 2177 1427 2214 defensione

150 2290 183 2309 11
211 2285 506 2310 monumentorum
521 2282 581 2320 pS:
604 2292 668 2311 om.
686 2281 748 2311 RS
857 2290 893 2319 15
916 2286 992 2311 sunt
1010 2280 1038 2310 S
1155 2290 1189 2317 17
1214 2279 1373 2318 impediet
1384 2281 1427 2318 ρδ

106 2332 145 2361 19
166 2333 240 2353 esse
258 2334 321 2353 om.
341 2335 360 2352 π
449 2334 488 2362 25
512 2324 634 2354 virtute
652 2323 742 2354 codd.
763 2335 768 2354 :
797 2335 921 2363 genere
939 2324 1035 2354 Kz'clzl
1051 2325 1200 2361 rgeneris
1218 2328 1250 2352 et
1269 2323 1426 2359 nominis,

102 2366 204 2404 infra)
222 2378 228 2396 :
251 2365 414 2404 Zielinski,
427 2371 462 2406 p.
483 2378 541 2406 197
676 2377 719 2405 30
745 2367 797 2398 his
816 2368 966 2407 partibus
981 2372 1022 2406 p:
1048 2367 1098 2396 his
1116 2366 1241 2396 artibus
1255 2367 1270 2394 δ

1457 436 1506 474 37

1454 960 1488 988 81
