1715 2734
185 88 240 133 65
263 92 323 133 146
625 88 682 125 M.
713 88 882 125 TVLLI
915 88 1221 127 CICERONIS

255 197 408 248 legibus
441 197 619 237 obtinere
654 205 830 248 possent,
865 211 945 236 non
979 198 1129 237 amicus
1162 198 1282 245 istius,
1317 212 1398 237 non
1429 200 1585 250 hospes,

254 277 336 302 non
365 263 538 313 denique
567 262 708 312 aliquis
739 262 903 309 Siculus,
936 265 1006 301 sed
1036 272 1219 313 quaestor
1248 264 1384 314 populi
1416 265 1588 303 Romani

253 336 473 379 praetorem
495 330 666 378 appellat
685 330 690 364 l
741 328 841 376 Quis
863 329 939 366 hoc
959 328 1067 375 vidit,
1091 329 1177 379 quis
1198 329 1381 367 audivit?
1430 331 1589 369 Praetor

252 407 402 444 aequus
424 402 462 432 et
483 394 638 443 sapiens
660 393 804 432 dimitti
826 393 935 432 iubet
955 402 1147 432 senatum.
1208 394 1416 433 Concurrit
1446 395 1497 433 ad
1525 408 1588 434 me

253 458 423 497 maxima
457 458 680 496 multitudo.
743 458 917 496 Primum
950 467 1149 497 senatores
1184 460 1352 497 clamare
1383 459 1456 497 sibi
1492 459 1587 510 eripi
1609 474 1625 505 5

252 523 322 570 ius,
340 523 434 573 eripi
453 523 685 570 libertatem,
704 525 874 573 populus
903 531 1083 561 senatum
1105 524 1275 570 laudare,
1298 523 1439 573 gratias
1460 537 1583 574 agere,

252 588 356 627 cives
380 588 552 627 Romani
584 602 606 626 a
637 602 700 626 me
730 602 926 639 nusquam
948 588 1162 628 discedere.
1224 590 1316 637 Quo
1338 589 1501 638 quidem
1523 590 1587 628 die

252 654 348 692 nihil
369 654 520 704 aegrius
542 656 688 693 sactum
719 662 778 692 est
808 656 933 692 multo
963 656 1096 693 labore
1122 668 1212 693 meo
1233 668 1352 705 quam
1380 662 1422 693 ut
1447 669 1586 694 manus

250 721 300 758 ab
323 719 389 757 illo
410 721 652 769 appellatore
672 719 972 758 abstinerentur.

171 795 229 829 147
305 786 408 824 Cum
429 786 480 823 ad
501 794 720 835 praetorem
742 785 781 823 in
803 785 862 824 ius
883 785 1112 832 adissemus,
1136 784 1330 835 excogitat
1357 798 1451 823 sane
1470 793 1585 824 acute
1609 801 1644 822 ιο

251 850 347 901 quid
372 852 583 898 decernat3
614 864 704 888 nam
734 858 826 889 ante
856 864 975 900 quarn
1005 852 1168 889 verbum
1200 852 1379 897 facerem,
1411 851 1462 888 de
1491 852 1584 888 sella

251 916 413 954 surrexit
451 923 570 966 atque
609 915 716 954 abiit.
778 918 919 966 Itaque
953 923 1036 954 tum
1069 917 1119 954 de
1151 917 1247 964 foro,
1286 929 1376 954 cum
1412 915 1489 953 iam
1516 917 1585 954 ad-

165 988 224 1026 66
251 989 551 1032 vesperasceret,
584 981 848 1020 discessimus.
911 981 1104 1019 Postridie
1135 994 1251 1019 mane
1280 982 1330 1019 ab
1358 994 1406 1019 eo
1427 982 1585 1031 postulo

250 1055 291 1085 ut
330 1047 581 1096 Syracusanis
629 1046 761 1085 liceret
809 1054 967 1085 senatus
1015 1048 1251 1093 consultum,
1302 1047 1412 1095 quod
1459 1045 1584 1095 pridie

248 1112 443 1159 fecissent,
481 1111 577 1149 mihi
612 1113 786 1150 reddere.
849 1113 921 1149 Ille
959 1111 1064 1150 enim
1099 1125 1190 1149 vero
1229 1118 1345 1161 negat
1376 1118 1414 1148 et
1445 1110 1497 1148 ait
1530 1109 1584 1148 in-
1606 1124 1641 1155 15

247 1177 411 1228 dignum
450 1177 602 1215 facinus
641 1190 726 1215 esse
765 1178 874 1226 quod
909 1190 982 1227 ego
1021 1176 1060 1214 in
1099 1184 1237 1214 senatu
1277 1178 1431 1215 Graeco
1464 1176 1584 1214 verba

247 1243 427 1281 fecissem
443 1257 452 1290 ;
482 1244 590 1292 quod
608 1242 768 1292 quidem
786 1243 892 1292 apud
910 1243 1082 1280 Graecos
1101 1243 1250 1280 Graece
1272 1243 1426 1280 locutus
1443 1254 1581 1289 essem,

246 1308 285 1347 id
317 1308 403 1346 ferri
434 1310 544 1346 nullo
575 1309 696 1346 modo
726 1322 854 1358 posse.
918 1307 1124 1357 Respondi
1155 1307 1306 1345 homini
1332 1314 1374 1345 ut
1395 1306 1517 1357 potui,
1540 1315 1581 1344 ut

245 1373 377 1420 debui,
413 1381 454 1411 ut
489 1372 604 1410 volui.
667 1375 770 1411 (jum
807 1374 929 1410 multa
960 1381 1042 1410 tum
1073 1372 1191 1411 etiam
1223 1374 1298 1411 hoc
1329 1386 1385 1410 me
1419 1372 1579 1410 memini

244 1439 386 1485 dicere,
410 1438 522 1476 facile
544 1452 628 1476 esse
659 1438 910 1488 perspicuum
942 1446 1133 1487 quantum
1165 1438 1264 1476 inter
1285 1439 1390 1476 hunc
1412 1446 1448 1475 et
1471 1438 1579 1475 illum
1603 1454 1640 1476 20

246 1503 517 1550 Numidicum,
558 1517 691 1541 verum
733 1516 778 1541 ac
818 1517 1048 1553 germanum
1092 1505 1310 1550 Metellum,
1353 1503 1580 1549 interessct3

244 1569 354 1607 illum
385 1569 558 1607 noluisse
588 1582 657 1606 sua
688 1568 914 1606 laudatione
946 1569 1076 1606 iuvare
1107 1570 1149 1606 L.
1184 1570 1405 1615 Lucullum,
1439 1567 1580 1606 sororis

244 1635 380 1682 virum,
403 1636 562 1684 quicum
585 1633 733 1684 optime
755 1634 1015 1681 convenisset,
1039 1636 1144 1673 hunc
1166 1634 1318 1672 homini
1338 1633 1579 1672 alienissimo

242 1713 265 1737 a
299 1699 522 1738 civitatibus
562 1699 808 1737 laudationes
849 1712 917 1749 per
948 1700 1025 1737 vim
1066 1708 1103 1738 et
1149 1709 1297 1738 metum
1337 1713 1575 1749 comparare.

162 1771 222 1811 148
244 1766 365 1813 Quod
401 1764 468 1802 ubi
502 1764 684 1811 intellexi,
721 1766 888 1802 multum
920 1766 1027 1815 apud
1060 1765 1169 1803 illum
1205 1765 1370 1803 recentis
1403 1765 1574 1810 nuntios,
1598 1777 1636 1808 25

242 1832 410 1869 multum
428 1831 590 1868 tabellas
604 1844 684 1868 non
699 1831 1050 1869 commendaticias
1072 1833 1141 1870 sed
1160 1831 1379 1869 tributarias
1394 1831 1574 1877 valuisse,

241 1896 448 1934 admonitu
480 1895 652 1946 ipsorum
683 1897 1014 1945 Syracusanorum
1046 1896 1237 1946 impetum
1269 1896 1307 1933 in
1338 1909 1403 1934 eas
1425 1897 1576 1934 tabulas

242 1961 343 1998 facio
377 1960 416 1998 in
452 1961 595 2011 quibus
635 1969 793 1999 senatus
828 1963 1052 2000 consultum
1094 1961 1409 2011 perscripserant.
1472 1963 1577 1999 Ecce

240 2033 372 2064 autem
396 2039 497 2064 nova
518 2026 631 2064 turba
651 2034 770 2076 atque
792 2026 880 2073 rixa,
905 2041 954 2065 ne
985 2034 1117 2064 tamen
1142 2026 1259 2064 istum
1282 2026 1445 2063 omnino
1467 2028 1576 2075 Syra-

241 2091 345 2129 cusis
384 2091 468 2129 sine
506 2091 654 2138 amicis,
695 2091 778 2129 sine
817 2091 1052 2141 hospitibus,
1085 2092 1202 2141 plane
1232 2092 1384 2128 nudum
1416 2103 1500 2128 esse
1528 2103 1574 2129 ac
1595 2103 1634 2135 30

282 2206 301 2225 2
325 2199 485 2234 quaestor
503 2193 540 2225 P.
556 2193 597 2224 R.
615 2198 808 2232 praetorem
824 2193 875 2223 R:
903 2193 937 2224 P.
957 2193 1000 2224 R.
1024 2204 1089 2225 om.
1108 2193 1261 2235 ,5pr53
1286 2196 1322 2234 cſs
1339 2206 1368 2235 v,
1384 2198 1400 2234 ξ
1414 2197 1454 2226 28
1557 2198 1576 2227 8

240 2238 353 2269 labore
372 2249 445 2269 meo
463 2238 567 2268 multo
584 2236 642 2267 ΞΨ
759 2247 796 2266 10
821 2242 917 2267 acute
938 2236 1022 2267 RS:
1050 2237 1232 2276 diligenter
1251 2244 1282 2268 et
1298 2244 1392 2269 caute
1406 2241 1421 2268 δ
1538 2250 1576 2280 19

240 2293 291 2312 me
310 2283 415 2322 suppl.
433 2281 501 2312 edd.
609 2290 646 2310 21
674 2290 712 2310 ac
731 2280 830 2320 RSp:
859 2286 890 2310 et
907 2282 922 2308 δ
942 2280 1082 2310 Mueller
1198 2292 1240 2320 23
1264 2284 1390 2321 optime
1409 2283 1439 2313 ei
1456 2282 1573 2316 Lamb.

240 2329 280 2355 26
305 2326 434 2356 tabulas
447 2326 490 2366 pb
609 2334 648 2362 27
677 2324 967 2362 Syracusanorum
989 2324 1137 2363 ipsorum
1158 2324 1328 2355 SALKZ:
1356 2326 1432 2365 Syr.
1451 2338 1515 2357 om.
1530 2333 1574 2367 pq
