1715 2734
213 162 478 201 ACTIONIS
510 162 571 201 IN
601 162 647 201 C.
668 162 910 199 VERREM
941 161 1238 200 SECVNDAE
1269 162 1373 199 LIB.
1396 162 1433 198 V
1482 163 1537 200 26
1559 167 1600 198 66

210 272 450 322 gratissimus
481 273 630 322 populo
662 274 847 310 Romano
875 271 946 309 fuit
973 279 1010 310 et
1044 270 1379 310 iucundissimus?
1435 273 1540 320 Quia

212 336 308 374 nihil
341 344 399 375 est
429 336 590 375 victoria
620 336 784 383 dulcius,
819 338 970 374 nullum
1002 344 1061 375 est
1099 344 1230 375 autem
1271 336 1538 375 testimonium

212 400 395 439 victoriae
425 401 566 440 certius
590 414 720 451 quam,
743 414 843 450 quos
873 414 988 450 saepe
1017 401 1209 448 metueris,
1235 414 1302 439 eos
1324 408 1361 439 te
1388 401 1540 439 vinctos

211 467 262 504 ad
294 465 529 516 supplicium
560 465 652 504 duci
686 465 829 504 videre.
889 467 981 504 Hoc
1014 473 1054 504 tu
1088 479 1207 515 quam
1246 466 1300 504 ob
1340 479 1420 504 rem
1459 478 1540 504 non
1560 476 1600 515 67

174 543 192 575 5
211 530 368 569 fecisti?
406 543 527 581 quam
553 531 605 569 ob
640 544 721 569 rem
754 531 808 570 ita
843 530 964 582 pirata
992 530 1064 568 iste
1099 532 1317 568 occultatus
1345 538 1403 568 est
1430 529 1541 580 quasi

212 609 303 634 eum
338 596 459 647 aspici
490 597 599 634 nefas
640 599 774 635 esset?
821 609 939 646 quam
972 595 1024 633 ob
1064 608 1144 633 rem
1185 594 1420 645 supplicium
1459 607 1540 633 non

212 661 443 711 sumpsisti?
472 675 589 711 quam
617 661 669 699 ob
694 674 852 700 causam
882 660 1083 698 hominem
1113 659 1346 698 reservasti?
1375 673 1540 709 ecquem

212 725 287 763 scis
319 725 358 763 in
394 725 523 763 Sicilia
554 733 669 764 antea
698 733 856 775 captum
891 725 1162 774 archipiratam
1197 725 1263 774 qui
1304 738 1384 763 non
1417 724 1541 763 securi

212 803 418 839 percussus
439 789 517 827 sit?
572 791 706 827 Vnum
728 791 827 827 cedo
846 798 1046 828 auctorem
1070 789 1125 827 tui
1146 790 1249 837 facti,
1270 789 1384 827 unius
1415 791 1543 839 profer

157 871 195 892 10
213 857 448 905 exemplum.
507 854 651 892 Vivum
685 862 725 892 tu
750 854 1021 904 archipiratam
1056 855 1260 892 servabas:
1290 867 1370 904 quo
1386 856 1423 892 ?‘
1470 856 1543 892 Per

213 920 469 970 triumphum,
482 921 612 967 credo,
635 933 753 969 quem
773 927 864 957 ante
885 933 1039 957 currum
1061 927 1172 957 tuum
1194 920 1356 957 duceres
1376 934 1384 965 ;
1414 931 1543 968 neque

213 985 320 1023 enim
340 985 552 1035 quicquam
572 992 652 1023 erat
685 986 877 1034 reliquum
899 983 973 1022 nisi
994 983 1050 1022 uti
1071 985 1193 1021 classe
1213 983 1348 1033 populi
1370 983 1541 1021 Romani

213 1049 474 1100 pulcherrima
510 1049 654 1088 amissa
691 1048 970 1100 provinciaque
1008 1050 1174 1087 lacerata
1213 1048 1433 1098 triumphus
1473 1047 1543 1086 tibi

214 1115 360 1153 navalis
386 1116 669 1153 decerneretur.

157 1197 193 1229 15
268 1182 352 1229 Age
372 1192 497 1229 porro,
520 1179 707 1218 custodiri
727 1181 870 1218 ducem
890 1180 1134 1230 praedonum
1157 1192 1262 1218 novo
1289 1191 1397 1217 more
1424 1191 1543 1228 quam
1562 1163 1610 1244 {87

214 1244 338 1282 securi
355 1244 455 1282 feriri
472 1244 650 1282 omnium
671 1246 852 1294 exemplo
866 1244 988 1293 magis
1005 1243 1159 1294 placuit.
1212 1245 1326 1292 Quae
1342 1250 1432 1281 sunt
1448 1243 1545 1281 istae

214 1308 446 1347 custodiae?
488 1309 594 1358 apud
622 1321 721 1358 quos
751 1308 943 1356 homines,
972 1322 1090 1358 quem
1122 1310 1174 1347 ad
1206 1310 1369 1347 modum
1395 1315 1453 1346 est
1478 1309 1545 1346 ad-

215 1376 417 1413 servatus?
474 1375 700 1412 Lautumias
725 1375 984 1423 Syracusanas
1012 1387 1150 1412 omnes
1172 1373 1346 1419 audistis,
1369 1372 1544 1422 plerique

215 1439 349 1477 nostis.
398 1438 511 1488 Opus
528 1446 585 1476 est
606 1438 753 1488 ingens,
770 1438 1032 1488 magnificum,
1056 1451 1190 1487 regum
1204 1451 1250 1476 ac
1266 1445 1518 1487 tyrannorum
1535 1452 1544 1484 3

157 1519 197 1539 20
216 1512 343 1541 totum
364 1511 421 1541 est
449 1517 470 1541 e
491 1516 583 1541 saxo
604 1503 643 1540 in
665 1503 881 1541 mirandam
903 1503 1151 1541 altitudinem
1173 1504 1360 1553 depresso
1384 1512 1422 1541 et
1450 1505 1544 1542 mul-

217 1576 344 1606 torum
365 1568 492 1617 operis
513 1569 667 1618 penitus
689 1567 844 1614 exciso3
873 1568 969 1605 nihil
999 1576 1076 1606 tam
1100 1570 1276 1606 clausum
1303 1571 1353 1607 ad
1384 1570 1542 1617 exitum,

215 1633 311 1670 nihil
341 1640 419 1670 tam
448 1640 625 1682 saeptum
651 1632 839 1682 undique,
856 1632 952 1669 nihil
984 1640 1063 1670 tam
1094 1641 1220 1671 tutum
1248 1635 1297 1672 ad
1323 1633 1543 1672 custodiam

215 1711 289 1736 nec
328 1697 409 1735 fieri
448 1711 520 1735 nec
558 1696 718 1747 cogitari
757 1705 895 1746 potest.
956 1698 1003 1734 In
1044 1698 1113 1735 has
1153 1698 1370 1744 lautumias,
1412 1698 1443 1736 si
1477 1698 1544 1748 qui

216 1762 373 1812 publice
404 1761 652 1800 custodiendi
681 1770 781 1807 sunt,
809 1762 925 1800 etiam
961 1776 1008 1801 ex
1039 1763 1175 1801 ceteris
1205 1764 1360 1814 oppidis
1391 1763 1544 1803 Siciliae

159 1842 197 1872 25
217 1826 362 1865 deduci
413 1826 660 1876 imperantur.
744 1828 806 1864 Eo
862 1828 970 1876 quod
1019 1829 1163 1867 multos
1215 1829 1389 1880 captivos
1450 1830 1544 1869 civis
1563 1838 1605 1879 69

219 1893 422 1929 Romanos
457 1893 687 1938 coniecerat,
730 1893 837 1941 quod
876 1894 1018 1931 eodem
1057 1902 1206 1933 ceteros
1246 1895 1387 1944 piratas
1425 1895 1544 1935 condi

217 1956 434 2006 imperarat,
466 1955 663 2002 intellexit,
699 1957 730 1994 si
774 1957 880 1996 hunc
919 1959 1160 1997 subditivum
1192 1960 1465 2010 archipiratam
1505 1960 1544 1999 in

217 2022 383 2058 eandem
422 2020 642 2058 custodiam
674 2020 859 2069 dedisset,
885 2024 966 2061 fore
993 2032 1035 2062 ut
1059 2037 1082 2062 a
1117 2024 1247 2062 multis
1272 2024 1312 2062 in
1346 2025 1544 2063 lautumiis

218 2099 329 2123 verus
351 2085 414 2123 ille
434 2086 513 2123 dux
534 2093 790 2135 quaereretur.
852 2088 992 2137 Itaque
1023 2089 1225 2128 hominem
1257 2090 1348 2128 huic
1373 2090 1545 2140 optimae

158 2164 201 2195 30
219 2149 516 2199 tutissimaeque
561 2151 764 2189 custodiae
802 2164 882 2191 non
920 2155 1039 2192 audet
1077 2155 1333 2202 committere,
1373 2156 1546 2206 denique

262 2263 282 2291 3
305 2253 441 2283 eosdem
460 2254 591 2284 vinctos
609 2255 625 2283 δ
743 2263 762 2292 5
787 2253 850 2284 iste
868 2253 975 2292 pirata
987 2260 1010 2294 p
1026 2254 1105 2290 (iste
1123 2266 1148 2286 s.
1168 2256 1206 2293 l.)
1297 2257 1424 2289 celatus
1441 2265 1491 2290 est
1504 2263 1547 2301 p&

222 2305 238 2334 7
263 2306 401 2334 ecquem
420 2297 539 2326 audisti
558 2299 574 2326 δ
696 2297 716 2327 8
741 2297 775 2326 in
795 2296 909 2327 Sicilia
927 2297 983 2328 del.
1005 2297 1164 2328 Zielinski
1296 2310 1331 2329 12
1357 2307 1427 2331 erat
1447 2302 1510 2333 iam
1530 2305 1545 2331 δ

224 2339 262 2368 16
287 2338 386 2369 ferire
403 2338 466 2369 RS
483 2340 540 2379 (iv,
562 2342 577 2376 ξ
599 2340 672 2379 123)
815 2350 856 2370 20
881 2350 898 2369 e
915 2340 980 2371 cod.
994 2341 1135 2372 Lamb.:
1163 2352 1182 2372 a
1200 2342 1277 2374 RS:
1304 2354 1344 2373 ex
1358 2346 1401 2384 p&
1490 2348 1544 2376 de-

221 2391 373 2420 pressum
392 2406 399 2412 .
419 2407 425 2413 ,
445 2406 451 2412 .
472 2383 621 2413 excisum
641 2385 657 2412 δ
788 2393 826 2414 21
854 2383 964 2413 exitus
975 2386 1018 2423 p5
1165 2386 1205 2414 28
1231 2387 1262 2416 in
1289 2387 1456 2419 lautumiis
1473 2390 1541 2420 secl.

221 2424 253 2454 R
255 2425 301 2454 ich
305 2429 361 2454 ter·
368 2425 539 2456 Eberhard
