1715 2734
166 100 225 137 60
251 115 309 146 134
610 100 666 137 M.
699 99 868 136 TVLLI
900 97 1206 138 CICERONIS

158 935 217 966 135

164 1812 211 1849 61

152 1872 210 1911 136

241 208 378 259 eripiat
413 211 541 260 palam
571 217 690 259 atque
719 211 897 256 auferat,
935 222 1027 246 nam
1060 207 1344 258 turpitudinem
1376 221 1571 246 summam

241 287 327 312 esse
355 273 590 312 arbitrantur
619 273 748 312 referri
779 273 818 311 in
841 273 993 312 tabulas
1014 273 1191 323 publicas
1213 274 1337 323 pretio
1357 274 1571 311 adductam

240 337 450 385 civitatem,
473 346 511 377 et
540 338 664 388 pretio
694 351 825 388 parvo,
856 351 902 377 ea
931 351 1033 388 quae
1061 337 1277 387 accepisset
1305 350 1328 375 a
1358 337 1571 375 maioribus

241 402 466 441 vendidisse
486 410 605 452 atque
625 402 880 441 abalienasse.
933 402 1091 441 Etenim
1114 402 1336 441 mirandum
1351 401 1392 439 in
1405 403 1570 440 modum

241 468 380 506 Graeci
419 468 534 506 rebus
575 467 667 515 istis,
709 480 806 517 quas
846 480 918 506 nos
967 468 1271 514 contemnimus,
1310 468 1567 505 delectantur.

242 532 382 582 Itaque
403 532 568 570 maiores
590 521 710 570 nostri
733 531 844 571 facile
858 532 1107 582 patiebantur
1127 533 1224 570 haec
1252 544 1337 569 esse
1356 532 1463 581 apud
1484 531 1570 569 illos

240 609 358 645 quam
380 597 568 646 plurima:
600 597 706 646 apud
731 596 871 644 socios,
895 605 936 635 ut
964 597 1129 647 imperio
1158 603 1291 634 nostro
1322 610 1440 646 quam
1462 610 1570 634 orna-

239 660 378 698 tissimi
417 661 762 710 florentissimique
812 669 970 709 essent,-
1017 662 1123 711 apud
1174 674 1240 699 eos
1289 669 1421 699 autem
1469 675 1569 711 quos

238 726 436 776 vectigalis
471 734 538 764 aut
573 726 847 777 stipendiarios
876 728 1047 765 fecerant
1085 735 1216 765 tamen
1253 727 1349 764 haec
1381 728 1571 776 relinque-

239 792 344 839 bant,
381 800 422 830 ut
454 793 517 838 illi,
557 793 699 842 quibus
732 794 829 831 haec
862 794 1036 831 iucunda
1070 800 1160 830 sunt
1194 806 1296 841 quae
1329 792 1443 830 nobis
1471 794 1569 831 levia

238 856 429 904 videntur,
461 857 650 895 haberent
680 859 777 896 haec
807 858 1100 897 oblectamenta
1129 866 1167 895 et
1197 857 1342 895 solacia
1364 857 1566 896 servitutis.

239 921 347 970 Quid
386 922 627 960 arbitramini
668 922 854 972 Reginos,
896 923 962 972 qui
1003 923 1079 960 iam
1119 921 1223 960 cives
1264 921 1435 960 Romani
1467 931 1568 970 sunt,

237 999 385 1025 merere
406 989 504 1025 velle
525 994 567 1025 ut
587 988 637 1026 ab
658 987 704 1025 iis
732 1001 950 1026 marmorea
970 989 1107 1026 Venus
1128 987 1192 1025 illa
1217 988 1445 1025 auferatur?
1474 988 1569 1037 quid

236 1052 484 1100 Tarentinos,
506 1060 547 1090 ut
576 1055 777 1102 Europam
809 1052 848 1090 in
879 1060 991 1091 tauro
1010 1052 1202 1100 amittant,
1224 1060 1266 1091 ut
1295 1053 1474 1102 Satyrum
1502 1052 1569 1102 qui

235 1118 342 1166 apud
372 1118 457 1155 illos
489 1119 528 1155 in
558 1119 657 1156 aede
678 1120 823 1156 Vestae
844 1125 913 1166 est,
935 1126 978 1156 ut
1005 1119 1160 1157 cetera?
1191 1119 1287 1168 quid
1312 1118 1568 1168 Thespiensis

234 1189 277 1219 ut
299 1182 507 1232 Cupidinis
529 1182 695 1233 signum,
718 1190 876 1233 propter
896 1185 1005 1233 quod
1027 1197 1150 1222 unum
1167 1183 1344 1222 visuntur
1357 1183 1565 1234 Thespiae,

234 1247 331 1297 quid
371 1248 536 1287 Cnidios
576 1256 618 1287 ut
656 1250 853 1287 Venerem
893 1262 1163 1295 marmoream,
1207 1248 1303 1299 quid
1341 1257 1383 1287 ut
1422 1249 1566 1298 pictam

235 1313 353 1360 Coos,
387 1313 484 1363 quid
520 1313 714 1364 Ephesios
750 1321 790 1351 ut
825 1304 1106 1361 Alexandrum,
1144 1313 1238 1363 quid
1275 1313 1490 1363 Cyzicenos
1525 1321 1566 1351 ut

232 1378 396 1417 Aiacem
417 1387 484 1416 aut
506 1380 705 1425 Medeam,
730 1378 825 1428 quid
848 1378 1030 1417 Rhodios
1059 1387 1099 1416 ut
1123 1380 1306 1428 Ialysum,
1330 1378 1425 1428 quid
1447 1379 1566 1416 Athe-

232 1443 378 1481 niensis
409 1451 450 1481 ut
480 1457 526 1481 ex
557 1457 748 1482 marmore
785 1444 974 1481 Iacchum
1009 1451 1075 1481 aut
1109 1445 1288 1481 Paralum
1319 1443 1468 1493 pictum
1498 1450 1564 1480 aut

232 1521 278 1546 ex
298 1522 387 1547 aere
409 1509 587 1559 Myronis
608 1510 793 1547 buculam
810 1511 827 1546 ?
869 1510 1050 1558 Longum
1073 1517 1129 1547 est
1151 1517 1188 1546 et
1206 1522 1286 1546 non
1301 1508 1563 1546 necessarium

231 1587 542 1612 commemorare
563 1587 664 1624 quae
690 1575 796 1624 apud
818 1587 998 1623 quosque
1018 1573 1180 1611 visenda
1200 1581 1290 1611 sunt
1311 1581 1393 1611 tota
1413 1572 1507 1610 Asia
1527 1580 1564 1610 et

232 1639 397 1677 Graecia
416 1654 425 1687 3
453 1653 587 1677 verum
610 1639 706 1677 illud
727 1647 784 1677 est
806 1652 925 1689 quam
946 1639 999 1677 ob
1020 1652 1101 1677 rem
1123 1640 1221 1677 haec
1242 1652 1563 1686 commemorem,

230 1705 339 1754 quod
373 1704 592 1743 existimare
624 1718 693 1743 vos
727 1706 803 1743 hoe
835 1706 937 1751 volo,
972 1704 1112 1742 mirum
1147 1706 1346 1755 quendam
1386 1706 1563 1743 dolorem

229 1769 407 1820 accipere
428 1783 494 1808 eos
516 1783 561 1808 ex
582 1783 749 1820 quorum
771 1770 933 1808 urbibus
955 1771 1052 1808 haec
1071 1772 1304 1810 auferantur.

286 1837 418 1884 Atque
448 1842 490 1873 ut
525 1843 675 1874 ceteros
711 1835 951 1883 omittamus,
985 1837 1036 1875 de
1076 1836 1168 1886 ipsis
1209 1837 1460 1887 Syracusanis
1500 1850 1562 1875 co-

229 1901 416 1950 gnoscite.
478 1901 542 1939 Ad
572 1915 672 1951 quos
700 1915 773 1951 ego
799 1915 889 1940 cum
921 1902 1128 1950 venissem,
1157 1902 1211 1941 sic
1239 1903 1407 1953 primum
1438 1903 1563 1941 existi-

231 1966 399 2012 mabam,
437 1974 479 2005 ut
514 1968 666 2005 Romae
698 1980 744 2005 ex
777 1966 886 2006 istius
919 1967 1055 2006 amicis
1087 1981 1327 2018 acceperam,
1365 1968 1561 2007 civitatem

274 2079 293 2098 2
319 2069 471 2108 publicas
506 2081 569 2101 om.
602 2070 665 2100 §D
690 2071 732 2102 al.
784 2070 863 2109 0,,λῖ
1001 2072 1176 2103 adductam
1201 2096 1207 2103 .
1230 2096 1236 2103 .
1257 2097 1263 2103 .
1288 2073 1397 2112 pretio
1425 2083 1490 2104 om.
1524 2084 1562 2104 ex

230 2112 480 2142 l101110cotdeus0
504 2126 525 2142 π
549 2113 590 2144 al.
621 2114 720 2144 *Anu
741 2114 777 2152 J.
805 2114 866 2145 Ph.
896 2115 986 2148 xxvi,
1008 2121 1043 2156 p.
1072 2118 1154 2154 4315
1302 2128 1320 2155 4
1348 2116 1480 2147 Etenim
1502 2141 1508 2147 .
1527 2142 1533 2148 .
1550 2141 1557 2148 .

230 2155 443 2186 delectantur
459 2155 528 2188 secl.
547 2156 866 2189 thhter-Ebcrlmrd
931 2170 950 2199 5
971 2171 1031 2191 nos
1049 2171 1116 2191 om.
1132 2160 1196 2192 RS
1253 2162 1274 2190 6
1295 2162 1382 2200 apud
1402 2161 1475 2192 illos
1491 2172 1556 2193 om.

222 2203 246 2238 p
264 2199 352 2238 vulg.
502 2210 536 2237 14
565 2201 596 2230 in
616 2206 709 2231 tauro
727 2203 902 2234 sedentem
916 2205 957 2243 p&
976 2206 1018 2243 (v.
1040 2207 1054 2241 5
1073 2210 1128 2243 27*¹
1277 2206 1315 2235 16
1339 2211 1480 2244 propter
1495 2228 1503 2236 .
1523 2230 1529 2236 .
1548 2229 1555 2236 .

227 2241 395 2281 Thespiae
413 2242 475 2272 del.
497 2243 586 2273 Bake
604 2247 636 2281 Q§
655 2256 673 2282 4
691 2248 809 2285 supra)
934 2257 976 2277 ρο
1000 2247 1122 2287 pictam
1144 2248 1291 2278 Bursian
1415 2259 1456 2278 22
1480 2254 1558 2279 sunt

227 2284 353 2325 SDpsz
378 2287 447 2316 sint
465 2287 498 2316 R
579 2297 620 2326 23
639 2289 700 2318 hoe
720 2288 782 2318 RS
865 2301 903 2328 24
923 2301 985 2321 vos
999 2292 1062 2321 hoc
1081 2291 1158 2321 volo
1172 2296 1217 2330 p:
1249 2302 1308 2322 vos
1324 2302 1390 2321 om.
1410 2292 1473 2322 RS
1489 2292 1530 2323 al.
1549 2301 1557 2321 ε

228 2328 290 2358 hoc
306 2340 365 2359 vos
383 2331 458 2360 volo
476 2332 492 2359 δ
595 2342 635 2369 27
655 2333 761 2370 primo
774 2334 816 2373 ρδ

1592 479 1609 510 5

1593 807 1629 829 10

1586 1455 1626 1478 20

1583 1786 1622 1817 25
