1769 2739
670 106 991 145 PRAEFATIO

213 213 404 252 Codicem
447 214 702 253 Nannianum
743 214 834 266 (N)
874 216 1025 253 nullum
1060 214 1179 254 aliurn
1221 214 1338 254 fuisse
1367 228 1487 264 quam

159 277 463 318 Cluniaeensem
511 287 688 318 nostrum
730 279 855 318 ausim
904 279 982 318 iarn
1023 293 1093 329 pro
1134 288 1241 319 certo
1283 281 1486 318 affirmare.

158 345 401 393 Argumenta
429 345 573 394 quibus
604 344 753 383 innisus
784 359 870 382 sum
901 352 943 382 ut
982 345 1098 383 huius
1138 344 1328 395 propositi
1367 345 1488 383 fidem

156 408 324 447 facerem
359 410 582 460 singillatim
618 410 780 459 exposui
813 410 852 447 in
890 411 1077 447 Anecdoto
1111 423 1212 457 meo,
1245 424 1310 460 pp.
1332 408 1461 448 xlvi—li
1479 424 1490 457 3

156 474 203 511 cf.
238 475 429 512 Classical
450 476 613 522 Rcview,
647 474 718 521 xvi,
751 489 815 525 pp.
839 487 1057 525 403—405„
1096 478 1237 513 Parum
1269 475 1486 525 diligenter,

156 545 197 575 ut
220 545 301 576 turn
325 540 453 587 fiebat,
478 540 666 578 lectiones
689 554 709 578 e
730 541 818 578 cod.
842 539 1095 579 Cluniacensi
1121 540 1362 590 transcripsit
1383 541 1488 578 Nan-

156 603 254 650 nius,
288 612 325 642 et
357 605 511 655 saepius
544 618 645 655 quae
679 613 907 643 enotaverat
936 618 1027 643 cum
1058 605 1246 655 scriptura
1279 605 1318 642 in
1352 603 1487 643 editio-

156 667 272 706 nibus
302 671 455 719 vulgata
486 670 525 707 in
555 670 710 708 schedis
741 669 819 708 suis
846 669 1084 717 immiscuit3
1119 671 1226 708 unde
1254 670 1399 707 factum
1429 676 1487 707 est

156 739 197 769 ut
218 732 331 782 signo
354 735 473 772 ‘falso
494 735 555 772 N’
577 736 615 772 in
640 742 829 785 apparatu
859 733 995 772 critico
1025 733 1086 772 bis
1114 741 1250 783 terque
1281 735 1353 772 sim
1380 747 1485 781 usus,

155 811 204 835 ne
226 799 313 846 quis
334 811 374 837 re
397 812 487 837 vera
511 799 618 838 aliud
643 799 682 837 in
708 799 849 838 codice
873 799 1087 838 Nanniano
1115 798 1268 837 stetisse
1293 798 1488 837 existimet

155 875 272 911 quam
304 865 413 913 quod
443 873 567 903 exstat
596 867 657 903 vel
698 864 874 903 exstabat
912 864 952 902 in
987 863 1250 904 Cluniacensi.
1321 866 1486 903 Possum

155 927 271 965 etiam
303 942 404 966 nova
434 929 549 967 huius
580 929 847 980 indiligentiae
876 931 1056 980 exempla
1084 930 1161 967 hoc
1191 930 1280 968 loco
1302 930 1483 979 proferre.

155 994 217 1030 Ad
250 992 273 1030 ii
313 994 330 1042 ξ
369 996 442 1032 180
481 994 598 1033 lectio
637 997 792 1045 vulgata
831 1002 911 1033 erat
950 1008 1088 1032 mecum
1114 994 1280 1044 fingam.
1349 994 1485 1033 Habet

155 1056 429 1096 Cluniacensis
458 1060 499 1097 in
529 1065 561 1096 le
598 1059 809 1109 cwzfingam
847 1059 1040 1111 (itemque
1068 1061 1137 1108 Lg.
1171 1073 1232 1106 42,
1266 1061 1349 1096 Par.
1384 1061 1485 1107 7776

153 1128 190 1159 et
211 1121 290 1172 al.).
350 1123 452 1162 Cum
485 1125 599 1162 vellet
627 1138 765 1162 mecum
786 1124 977 1175 corrigere
998 1123 1191 1171 Nannius,
1215 1125 1256 1162 in
1282 1130 1315 1162 te
1332 1123 1485 1173 fingam

153 1188 278 1234 refert,
310 1189 548 1227 vocabulum
579 1190 789 1239 confingam
819 1192 858 1227 in
899 1189 1037 1228 codice
1077 1202 1149 1227 suo
1188 1203 1256 1239 per
1295 1188 1484 1226 incuriam

151 1262 391 1303 aspernatus.
461 1254 498 1292 iii
531 1256 549 1304 ξ
587 1269 638 1302 44
668 1256 717 1292 In
748 1255 917 1304 beneficio
935 1255 1078 1305 populi
1102 1255 1278 1292 Romani
1303 1256 1371 1292 lzoc
1385 1255 1488 1303 petit

152 1319 251 1368 vulg.
275 1334 282 1357 :
314 1320 354 1357 in
380 1321 548 1370 beneficio
568 1321 712 1370 populi
724 1321 900 1358 Romani
912 1325 1073 1370 propter
1090 1321 1158 1357 hoc
1171 1320 1272 1369 petit
1290 1321 1327 1356 N
1331 1317 1482 1356 annius.

153 1383 270 1422 Vnde
309 1383 404 1422 illud
443 1384 681 1423 vocabulum
711 1387 904 1435 propter?
979 1386 1124 1422 Veram
1170 1383 1382 1423 lectionem
1421 1382 1485 1421 hic

152 1449 340 1497 praebent
369 1451 436 1498 Lg.
475 1464 523 1496 42
565 1449 648 1501 (O),
691 1463 712 1488 e
743 1449 994 1489 Cluniacensi
1036 1448 1264 1498 descriptus,
1299 1457 1336 1486 et
1375 1447 1483 1486 Vati—

151 1525 272 1551 canus
301 1513 366 1565 (V
372 1513 484 1565 )—t'n
513 1516 681 1564 beneficio
701 1521 866 1564 praetor
892 1515 959 1552 lzoc
975 1516 1085 1564 petit.
1146 1516 1363 1563 Vtramque
1397 1514 1485 1552 scri-

152 1585 304 1627 pturam
336 1581 447 1617 refert
479 1580 670 1625 Nannius,
704 1581 900 1630 vulgatam
932 1578 971 1629 (i.
991 1592 1024 1617 e.
1054 1579 1198 1628 populi
1222 1577 1417 1629 Romani)
1445 1585 1483 1616 et

152 1656 221 1692 pro
237 1649 394 1691 praetor
420 1645 516 1682 falso
533 1651 703 1694 propser.
763 1644 801 1682 iii
822 1646 840 1694 ξ
866 1657 909 1694 75
940 1657 1010 1693 pro
1035 1650 1186 1681 tantum
1214 1645 1313 1681 lucri
1337 1643 1485 1682 habent

151 1709 266 1746 codd.
282 1709 494 1748 deteriores
510 1711 677 1748 triticum
690 1710 803 1747 lucri:
826 1711 1021 1759 vulgatam
1035 1709 1246 1747 lectionem
1262 1708 1314 1746 ita
1330 1707 1484 1758 corrigit

153 1774 333 1812 Nannius
354 1782 395 1812 ut
416 1780 567 1812 tantum
589 1789 609 1813 e
631 1776 717 1813 cod.
744 1774 995 1814 Cluniacensi
1023 1775 1205 1812 adsumat
1226 1773 1281 1824 (et
1303 1775 1358 1812 sie
1377 1773 1485 1812 Vati-

153 1853 286 1887 canus,
316 1841 384 1889 Lg.
412 1840 490 1891 42),
524 1841 688 1878 triticum
728 1840 945 1890 relinquat:
988 1840 1094 1877 unde
1129 1845 1278 1876 ltllllllm
1318 1839 1484 1878 tn'licum

152 1905 254 1942 lucri
270 1905 398 1954 posuit
420 1905 600 1952 Orellius‚
631 1909 639 1925 ⁴
654 1905 836 1944 codicem
858 1905 1136 1944 Nannianum’
1162 1912 1318 1943 secutus
1336 1907 1344 1943 ἔ

207 1973 253 2010 In
294 1985 437 2022 magno
475 1973 624 2011 honore
658 1981 750 2018 erat,
783 1980 825 2010 ut
862 1974 939 2010 iam
980 1971 1074 2018 dixi,
1103 1973 1208 2021 apud
1247 1980 1398 2010 ceteros
1438 1971 1482 2010 iis

157 2113 445 2152 Yexemplaribus
465 2113 517 2143 vel
544 2114 644 2143 hodie
670 2113 873 2151 agnoscitur.
923 2112 1052 2142 Primus
1072 2111 1260 2149 Naugerius
1278 2112 1310 2141 in
1333 2111 1480 2142 editione

149 2157 272 2187 Aldina
289 2157 419 2187 Veneta
438 2159 556 2198 (1519)
574 2157 758 2196 scripturas
781 2157 935 2195 vulgatas
961 2157 1145 2186 secundum
1165 2156 1311 2185 codicem
1335 2155 1478 2194 aliquem

150 2200 271 2231 diversi
299 2201 436 2239 generis
463 2202 621 2231 correxit.
678 2200 785 2231 Simili
812 2201 910 2230 modo
936 2201 1012 2230 edd.
1041 2199 1293 2236 Ilm'vagianam
1319 2203 1352 2228 et
1381 2198 1481 2228 Victo-

150 2245 282 2274 rt'anam
312 2245 425 2283 21534)
453 2244 485 2274 in
516 2243 630 2284 primis
653 2250 685 2274 et
710 2245 873 2274 extremis
897 2244 1110 2273 Vei'rinarum
1138 2242 1231 2272 libris
1257 2253 1274 2272 e
1300 2242 1422 2272 familia
1449 2241 1481 2271 Χ

149 2293 317 2318 correctas
349 2298 424 2318 esse
462 2289 589 2328 liquido
626 2294 778 2328 apparet.
837 2288 948 2326 Atque
980 2287 1099 2317 eadem
1131 2286 1259 2316 ratione
1292 2295 1373 2315 usus
1401 2284 1478 2316 Car.

150 2331 346 2370 Stephanus
367 2331 468 2363 libros
494 2337 670 2371 praeterea
696 2331 715 2360 ii
742 2337 774 2361 et
799 2331 833 2360 iii
859 2332 900 2361 ad
926 2330 1075 2361 codicem
1094 2339 1112 2358 a
1132 2328 1266 2359 Nannio
1283 2334 1479 2368 usurpatum

150 2376 272 2414 exegit.

803 2430 836 2467 vi
