1769 2739
221 82 247 120 4
270 88 308 120 15
637 72 694 110 M.
726 69 896 109 TVLLI
927 69 1234 110 CICERONIS

210 187 248 219 16
267 195 352 221 esse
373 183 581 221 delectum.
640 182 789 220 Verum
820 180 860 219 id
891 180 987 218 mihi
1014 194 1095 218 non
1125 193 1250 227 sumo,
1274 179 1435 226 iudices,
1459 187 1497 218 et
1521 180 1598 220 hoc

267 261 348 286 non
379 248 501 286 modo
529 246 569 284 in
599 245 776 285 oratione
804 259 891 284 mea
918 258 998 283 non
1026 259 1141 295 pono,
1167 246 1237 283 sed
1265 258 1313 283 ne
1341 244 1379 282 in
1409 244 1598 295 opinione

268 311 431 362 quidem
470 311 703 361 cuiusquam
746 310 937 360 relinquo,
973 323 1036 348 me
1076 309 1261 348 omnibus
1300 309 1474 360 patronis
1513 323 1598 348 esse

267 376 544 427 praepositum.
604 377 698 414 Non
728 375 781 413 ita
811 382 894 423 est,-
923 376 992 413 sed
1025 374 1140 412 unius
1172 374 1363 424 cuiusque
1397 373 1595 424 temporis,

266 442 512 489 valetudinis,
550 441 744 480 facultatis
778 442 830 479 ad
861 441 1059 491 agendum
1092 441 1212 478 ducta
1242 440 1340 478 ratio
1374 448 1442 478 est.
1504 441 1599 477 Mea
1619 453 1636 486 5

266 507 338 546 fuit
367 521 522 558 semper
551 508 649 546 haec
678 506 718 544 in
749 508 823 545 hac
853 520 893 544 re
922 507 1104 544 voluntas
1124 512 1163 544 et
1190 505 1394 552 sententia,
1418 505 1598 555 quemvis

265 579 308 610 ut
328 574 404 611 hoc
425 574 582 610 mallem
604 573 654 610 de
675 571 720 609 iis
742 571 809 621 qui
835 578 965 609 essent
992 570 1125 609 idonei
1153 570 1351 620 suscipere
1371 584 1490 620 quam
1521 584 1594 617 me,

265 651 329 676 me
349 646 391 677 ut
412 639 569 676 mallem
591 650 710 687 quam
732 636 943 675 neminem.

221 691 247 730 5
319 703 534 753 Reliquum
555 710 612 741 est
642 702 719 739 iam
740 709 782 739 ut
813 701 909 740 illud
939 714 1183 751 quaeramus,
1208 715 1298 739 cum
1329 702 1405 739 hoc
1429 708 1594 748 constet,

207 750 244 786 ¹7
263 769 416 808 Siculos
436 783 459 807 a
479 782 542 807 me
562 768 717 818 petisse,
741 767 885 817 ecquid
906 768 1009 805 hanc
1038 781 1119 805 rem
1146 768 1253 816 apud
1274 779 1342 804 vos
1362 766 1596 816 animosque
1620 783 1658 804 10

263 843 410 874 vestros
431 836 558 872 valere
579 841 767 883 oporteat,
792 832 937 882 ecquid
958 832 1199 870 auctoritatis
1228 833 1334 881 apud
1355 845 1424 869 vos
1454 831 1493 869 in
1524 845 1596 870 suo

262 900 345 939 iure
364 900 585 950 repetundo
606 898 701 938 socii
722 898 858 949 populi
882 897 1068 945 Romani,
1089 896 1286 946 supplices
1306 897 1433 943 vestri,
1452 897 1596 935 habere

261 966 445 1004 debeant.
506 966 568 1003 De
602 977 682 1014 quo
717 963 813 1013 quid
850 976 923 1012 ego
955 964 1066 1012 plura
1105 963 1446 1000 commemorem?
1483 962 1594 1011 quasi

261 1044 354 1069 vero
374 1030 540 1068 dubium
562 1029 610 1067 sit
631 1028 727 1079 quin
748 1036 830 1067 tota
851 1030 912 1066 lex
945 1029 996 1066 de
1026 1027 1203 1078 pecuniis
1225 1026 1452 1077 repetundis
1473 1026 1596 1065 socio-

204 1100 241 1131 r8
261 1109 347 1133 rum
381 1109 499 1134 causa
533 1094 746 1133 constituta
775 1093 848 1140 sit;
889 1107 979 1131 nam
1009 1092 1161 1131 civibus
1191 1106 1281 1130 cum
1314 1100 1405 1130 sunt
1438 1100 1594 1142 ereptae
1620 1110 1655 1142 15

260 1161 462 1210 pecuniae,
503 1160 605 1198 civili
645 1161 724 1198 fere
762 1159 919 1198 actione
958 1166 996 1197 et
1035 1158 1187 1209 privato
1226 1158 1308 1197 iure
1354 1165 1591 1208 repetuntur.

261 1227 376 1265 Haec
396 1228 457 1265 lex
477 1226 630 1265 socialis
653 1233 721 1273 est,
745 1227 821 1264 hoc
843 1225 902 1263 ius
931 1225 1137 1263 nationum
1160 1232 1377 1263 exterarum
1400 1232 1468 1272 est,
1492 1225 1594 1262 hanc

259 1291 407 1330 habent
444 1305 586 1338 arcem,
628 1291 758 1329 minus
797 1291 1000 1341 aliquanto
1047 1304 1153 1328 nunc
1197 1290 1359 1340 quidem
1400 1289 1592 1328 munitam

259 1370 378 1407 quam
409 1365 538 1404 antea,
570 1370 704 1395 verum
737 1364 870 1395 tamen
909 1356 940 1394 si
973 1369 1050 1406 qua
1085 1355 1233 1406 reliqua
1271 1369 1360 1406 spes
1395 1363 1453 1394 est
1492 1368 1593 1405 quae

259 1423 455 1462 sociorum
476 1422 630 1461 animos
651 1422 844 1460 consolari
866 1421 1004 1472 possit,
1025 1435 1070 1459 ea
1095 1429 1177 1459 tota
1204 1421 1244 1458 in
1266 1423 1339 1459 hac
1360 1422 1445 1470 lege
1465 1420 1592 1470 posita
1614 1435 1654 1456 20

259 1496 316 1527 est
333 1504 342 1537 3
381 1488 492 1527 cuius
522 1488 616 1538 legis
646 1501 726 1525 non
759 1488 881 1526 modo
910 1500 933 1525 a
962 1488 1111 1537 populo
1143 1488 1342 1534 Romano,
1372 1487 1441 1524 sed
1473 1486 1591 1524 etiam

257 1555 308 1593 ab
329 1554 475 1593 ultimis
495 1554 722 1593 nationibus
744 1554 820 1591 iam
843 1553 995 1603 pridem
1026 1553 1149 1592 severi
1179 1555 1363 1592 custodes
1394 1553 1592 1603 requirun—

201 1633 239 1666 19
258 1628 330 1659 tur.
391 1620 490 1669 Quis
511 1633 603 1669 ergo
623 1627 681 1657 est
703 1618 769 1668 qui
792 1627 907 1669 neget
931 1626 1111 1668 oportere
1139 1631 1273 1656 eorum
1299 1617 1485 1656 arbitratu
1507 1619 1592 1667 lege

257 1685 318 1736 agi
353 1699 520 1736 quorum
554 1699 671 1724 causa
702 1688 763 1724 lex
797 1686 845 1724 sit
882 1686 1126 1725 constituta?
1178 1685 1309 1724 Sicilia
1342 1692 1423 1723 tota
1453 1683 1483 1721 si
1514 1696 1593 1721 una

257 1764 354 1790 voce
386 1753 619 1801 loqueretur,
654 1752 730 1790 hoc
762 1752 933 1790 diceret:
981 1753 1125 1801 ‘Quod
1159 1751 1251 1798 auri,
1287 1751 1396 1800 quod
1429 1748 1589 1799 argenti,
1614 1760 1650 1791 25

258 1817 363 1866 quod
388 1824 708 1855 ornamentorum
730 1817 769 1855 in
793 1817 890 1856 meis
919 1817 1093 1864 urbibus,
1118 1816 1289 1863 sedibus,
1314 1814 1486 1854 delubris
1507 1814 1590 1860 fuit,

258 1883 367 1932 quod
387 1881 426 1919 in
448 1895 527 1919 una
547 1895 703 1932 quaque
725 1896 765 1920 re
788 1882 983 1921 beneficio
1005 1890 1163 1921 senatus
1185 1881 1401 1931 populique
1419 1878 1590 1918 Romani

259 1947 351 1985 iuris
371 1947 502 1994 habui,
526 1948 565 1985 id
587 1947 683 1985 mihi
706 1955 761 1994 tu,
784 1949 827 1987 C.
853 1950 1006 1995 Verres,
1029 1947 1202 1997 eripuisti
1231 1954 1350 1996 atque
1371 1943 1592 1991 abstulisti,

259 2026 340 2063 quo
361 2013 520 2052 nomine
541 2015 611 2052 abs
643 2022 680 2052 te
711 2014 930 2052 sestertium
963 2014 1115 2052 miliens
1146 2027 1191 2051 ex
1222 2015 1306 2063 lege
1335 2013 1494 2063 repeto)
1551 2010 1589 2049 Si

259 2078 450 2124 universa,
474 2086 515 2116 ut
536 2079 627 2125 dixi,
652 2078 852 2129 provincia
873 2079 981 2128 loqui
1012 2087 1155 2129 posset,
1178 2080 1252 2116 hac
1279 2091 1376 2116 voce
1397 2084 1590 2115 uteretur:
1612 2091 1652 2122 30

261 2144 449 2194 quoniam
471 2145 511 2183 id
539 2158 620 2183 non
650 2151 816 2194 poterat,
838 2145 974 2182 harum
1006 2158 1133 2182 rerum
1163 2152 1336 2182 actorem
1365 2155 1482 2193 quem
1511 2141 1593 2180 ido-

203 2224 244 2245 20
261 2222 379 2248 neum
402 2223 487 2248 esse
507 2210 692 2248 arbitrata
711 2217 769 2247 est
791 2209 874 2259 ipsa
894 2209 1048 2260 delegit.
1110 2211 1157 2247 In
1185 2209 1268 2247 eius
1293 2207 1402 2247 modi
1431 2221 1471 2246 re
1491 2206 1593 2257 quis-

310 2325 347 2345 12
372 2314 561 2354 repetundo
576 2314 632 2353 Dp
647 2326 652 2344 z
679 2314 866 2353 repetendo
886 2313 983 2344 LKZ
1096 2324 1133 2352 15
1157 2318 1296 2353 ereptae
1314 2317 1391 2344 sunt
1408 2313 1438 2343 Z
1551 2319 1594 2351 23

263 2369 345 2399 ergo
363 2358 427 2389 ΒΨ
443 2370 449 2388 :
475 2358 576 2398 igitur
589 2359 648 2398 ρνδ
771 2359 813 2388 26
837 2357 898 2388 suit
911 2356 1017 2398 prG16
1037 2356 1158 2388 Gellius
1173 2369 1178 2386 ι
1205 2367 1271 2388 om.
1292 2356 1356 2387 ΒΨ
