1715 2734
191 126 232 165 17
254 134 296 165 37
624 118 680 154 M.
711 118 879 154 TVLLI
911 116 1218 156 CICERONIS

255 227 532 278 Drepanitanis
554 227 659 266 bona
675 226 798 277 patria
820 233 953 276 erepta
966 238 1057 264 cum
1072 225 1139 264 illo
1159 224 1322 276 partitus
1337 239 1378 264 es
1393 240 1402 273 3
1430 226 1585 275 gaudeo

251 292 369 331 etiam
391 292 421 331 si
442 293 538 343 quid
558 292 609 330 ab
630 305 678 330 eo
707 290 912 338 abstulisti,
936 297 975 329 et
1001 290 1072 329 abs
1093 298 1131 329 te
1151 289 1248 328 nihil
1275 290 1417 328 rectius
1438 291 1585 328 factum

250 371 335 396 esse
356 357 457 396 dico.
520 359 555 395 A
578 359 732 406 Lysone
754 369 845 394 vero
871 355 1110 405 Lilybitano,
1129 355 1257 406 primo
1285 354 1457 401 homine,
1479 356 1585 405 apud

250 437 369 473 quern
399 424 625 461 deversatus
657 435 709 468 65,
743 421 937 471 Apollinis
970 420 1123 470 signum
1158 421 1334 458 ablatum
1366 426 1471 458 certe
1505 433 1585 457 non

250 487 433 538 oportuit.
493 487 612 526 Dices
633 494 671 525 te
692 486 844 525 emisse.
909 485 1009 532 Scio,
1036 486 1105 523 HS
1128 484 1243 523 mille.
1307 485 1393 522 ‘Ita
1422 483 1586 534 opinor.'
1608 499 1624 529 5

250 553 350 599 Scio,
374 552 547 603 inquam.
610 553 832 591 ‘Proferam
862 549 1031 589 litteras.'
1090 550 1245 588 Tamen
1267 549 1307 588 id
1328 551 1474 588 factum
1506 563 1585 588 non

250 617 432 667 oportuit.
483 619 519 656 A
539 617 690 667 pupillo
714 616 831 663 Heio,
858 616 921 655 cui
944 618 989 655 C.
1015 616 1225 654 Marcellus
1248 622 1352 653 tutor
1372 622 1441 661 est,
1464 628 1485 652 a
1507 628 1586 664 quo

250 682 459 732 pecuniam
505 683 694 732 grandem
743 681 953 731 eripueras,
1003 680 1163 731 scaphia
1203 693 1292 717 curn
1338 679 1586 718 emblematis

252 747 426 797 Lilybaei
455 755 584 785 utrum
617 756 750 797 empta
784 761 868 785 esse
899 746 997 785 dicis
1024 760 1075 784 an
1109 745 1306 784 confiteris
1337 747 1501 795 erepta?

191 823 232 861 38
305 814 383 851 Sed
404 812 499 863 quid
521 826 593 863 ego
614 812 724 851 istius
745 812 784 850 in
806 812 888 850 eius
911 812 1018 850 modi
1045 812 1161 850 rebus
1189 810 1398 849 mediocris
1428 809 1586 848 iniurias
1609 824 1645 846 10

251 877 404 927 colligo,
427 892 528 928 quae
557 885 708 916 tantum
741 879 862 916 modo
883 877 922 916 in
943 877 1052 915 furtis
1074 877 1183 915 istius
1205 885 1242 915 et
1263 875 1419 914 damnis
1449 889 1585 914 eorum

250 957 272 981 a
302 942 445 993 quibus
477 943 678 981 auferebat
709 951 883 981 versatae
919 956 1003 981 esse
1034 942 1273 981 videantur?
1330 940 1522 990 Accipite,
1554 940 1585 979 si

250 1007 376 1054 vultis,
407 1007 566 1055 iudices,
600 1022 681 1046 rem
709 1007 791 1046 eius
825 1007 932 1046 modi
962 1014 1003 1045 ut
1037 1007 1250 1045 amentiam
1282 1006 1517 1057 singularem
1548 1013 1586 1044 et

253 1075 422 1111 furorem
444 1073 534 1119 iarn,
557 1087 637 1111 non
659 1072 915 1122 cupiditatem
938 1072 1021 1111 eius
1042 1072 1260 1123 perspicere
1281 1071 1448 1122 possitis,

190 1138 234 1175 18
310 1138 530 1177 Melitensis
554 1138 753 1177 Diodorus
774 1146 842 1183 est,
866 1137 932 1188 qui
956 1139 1063 1188 apud
1084 1151 1152 1176 vos
1179 1145 1295 1176 antea
1316 1137 1584 1177 testimonium
1608 1153 1644 1184 15

253 1204 360 1243 dixit.
432 1207 470 1243 Is
512 1204 686 1254 Lilybaei
727 1205 871 1242 multos
910 1203 986 1241 iam
1025 1217 1150 1241 annos
1189 1203 1351 1251 habitat,
1388 1204 1510 1242 homo
1549 1211 1586 1242 et

252 1269 361 1308 domi
390 1269 532 1308 nobilis
558 1277 596 1308 et
625 1270 732 1319 apud
759 1282 827 1308 eos
859 1282 939 1319 quo
969 1282 1010 1307 se
1037 1268 1203 1307 contulit
1224 1276 1383 1319 propter
1403 1268 1585 1307 virtutem

251 1334 482 1385 splendidus
510 1342 548 1373 et
574 1334 775 1385 gratiosus.
838 1336 900 1372 De
927 1335 1003 1373 hoc
1028 1333 1139 1372 Verri
1168 1333 1309 1373 dicitur
1329 1334 1474 1373 habere
1495 1348 1585 1373 eum

252 1401 428 1452 perbona
457 1407 686 1446 toreumata,
709 1399 748 1437 in
771 1398 829 1437 his
855 1401 998 1449 pocula
1027 1401 1234 1450 quaedam,
1258 1413 1359 1450 quae
1389 1399 1585 1438 Thericlia

252 1466 516 1513 nominantur,
541 1464 734 1504 Mentoris
764 1478 884 1503 manu
914 1478 1072 1503 summo
1100 1465 1264 1503 artificio
1292 1467 1402 1504 facta.
1464 1466 1585 1514 Quod
1608 1478 1646 1500 ιο

252 1532 324 1570 iste
354 1530 421 1570 ubi
451 1530 611 1578 audivit,
635 1530 689 1569 sic
717 1529 933 1580 cupiditate
965 1530 1230 1569 inflammatus
1258 1538 1316 1569 est
1346 1545 1426 1569 non
1457 1532 1584 1569 solum

253 1596 488 1647 inspiciendi
514 1609 649 1635 verum
678 1595 795 1634 etiam
824 1595 1026 1635 auferendi
1058 1603 1099 1634 ut
1132 1596 1353 1635 Diodorum
1378 1597 1429 1635 ad
1459 1610 1500 1634 se
1524 1609 1586 1633 vo-

253 1669 357 1701 caret
386 1676 432 1700 ac
462 1668 650 1712 posceret.
726 1662 809 1707 Ille,
845 1661 912 1710 qui
942 1660 1008 1699 illa
1042 1675 1120 1699 non
1154 1662 1295 1699 invitus
1327 1662 1499 1708 haberet,
1535 1674 1588 1698 re·

253 1727 412 1777 spondit
435 1726 609 1776 Lilybaei
632 1739 673 1764 se
695 1739 774 1764 non
796 1726 951 1772 habere,
971 1726 1132 1765 Melitae
1153 1729 1259 1777 apud
1281 1729 1480 1777 quendam
1503 1740 1587 1777 pro-

193 1811 233 1844 39
254 1793 447 1843 pinquum
481 1805 596 1830 suum
628 1790 844 1841 reliquisse.
901 1793 1005 1828 Tum
1041 1791 1112 1830 iste
1147 1793 1337 1831 continuo
1372 1792 1489 1831 mittit
1521 1794 1585 1830 ho·
1608 1804 1646 1837 ²5
1712 1786 1715 1819 ἕ

254 1858 379 1896 mines
403 1864 530 1896 certos
560 1855 750 1902 Melitam,
775 1856 908 1895 scribit
935 1859 986 1896 ad
1015 1859 1208 1908 quosdam
1239 1858 1459 1897 Melitensis
1480 1866 1522 1897 ut
1543 1871 1588 1897 ea

252 1936 344 1961 vasa
373 1921 608 1973 perquirant,
633 1928 742 1970 rogat
777 1921 998 1960 Diodorum
1031 1931 1072 1960 ut
1101 1924 1152 1962 ad
1183 1923 1291 1961 illum
1322 1923 1587 1974 propinquum

252 2002 365 2026 suum
399 1989 465 2027 det
499 1987 669 2033 litteras3
706 1986 803 2024 nihil
835 1986 869 2024 ei
906 1987 1059 2037 longius
1093 1988 1300 2027 videbatur
1338 2002 1456 2039 quam
1492 1990 1587 2028 dum

252 2053 348 2091 illud
369 2053 517 2091 videret
547 2060 762 2103 argentum.
824 2051 1034 2098 Diodorus,
1059 2054 1181 2092 homo
1211 2054 1308 2103 frugi
1332 2067 1377 2092 ac
1409 2054 1584 2105 diligens,

253 2118 319 2169 qui
350 2132 420 2156 sua
450 2132 601 2157 servare
633 2119 759 2165 vellet,
783 2119 834 2156 ad
865 2118 1131 2169 propinquum
1162 2133 1277 2158 suurn
1308 2120 1441 2159 scribit
1471 2128 1513 2159 ut
1542 2120 1587 2158 iis
1607 2131 1646 2164 30
1708 2165 1712 2178 .

254 2185 319 2234 qui
342 2198 364 2222 a
387 2184 506 2222 Verre
528 2182 725 2221 venissent
755 2184 1009 2233 responderet
1030 2184 1126 2223 illud
1153 2193 1356 2235 argentum
1386 2199 1427 2224 se
1454 2184 1587 2236 paucis
1709 2187 1711 2194 ’

298 2297 317 2325 3
343 2298 361 2318 a
378 2287 463 2326 SpS:
489 2287 530 2316 ab
550 2286 582 2316 R
719 2296 755 2316 12
780 2292 931 2317 versatae
949 2285 1067 2318 Lamb.
1086 2300 1092 2318 :
1116 2293 1248 2319 versata
1265 2288 1354 2319 codd.
1494 2299 1530 2328 ¹3
1554 2292 1588 2318 et

256 2331 402 2361 furorem
429 2330 510 2361 RS:
536 2335 570 2360 ut
597 2329 658 2360 sur.
678 2342 697 2359 π
834 2340 869 2368 14
896 2331 958 2360 iam
989 2341 1056 2362 non
1088 2331 1178 2372 RHp
1206 2337 1250 2372 (XV,
1272 2336 1286 2370 ξ
1309 2334 1378 2372 177“
1401 2344 1406 2363 :
1433 2343 1499 2363 non
1525 2333 1587 2363 iam

256 2374 350 2405 5*qu
487 2384 526 2414 19
551 2373 603 2404 his
620 2372 777 2413 SR²Hp2
804 2373 831 2403 is
850 2373 893 2403 R¹
