1715 2734
159 93 210 136 73
236 97 297 134 170
598 87 654 124 M.
687 86 856 124 TVLLI
888 85 1196 125 CICERONIS
1696 67 1715 130 ὅ.

232 198 430 250 Obstipui,
453 199 614 246 iudices,
637 212 728 237 cum
749 200 826 237 hoc
855 198 950 236 mihi
978 198 1146 249 primum
1176 200 1373 237 Halaesae
1402 199 1565 238 demon·

230 264 363 303 stravit
380 264 419 302 in
435 275 573 303 senatu
589 263 897 302 Halaesinorum
912 265 1034 303 homo
1047 277 1204 303 summo
1220 263 1390 314 ingenio,
1409 277 1564 302 summa

229 330 449 380 prudentia,
472 343 627 368 summa
646 328 878 367 auctoritate
898 329 1109 379 praeditus,
1135 328 1373 367 Halaesinus
1393 330 1561 376 Aeneas,

229 395 291 434 cui
313 403 472 434 senatus
493 396 655 433 dederat
676 393 877 444 publicam
898 407 1057 432 causam
1079 402 1120 432 ut
1142 393 1236 431 mihi
1260 392 1443 443 fratrique
1474 406 1563 432 meo

228 460 369 510 gratias
397 467 539 511 ageret,
563 467 601 498 et
631 459 747 498 simul
777 458 844 509 qui
874 472 946 497 nos
977 473 1022 497 ea
1052 473 1153 509 quae
1182 460 1232 498 ad
1263 458 1453 497 iudicium
1482 471 1563 508 per·
1581 469 1600 503 5

148 537 201 573 ¹71
230 525 397 564 tinerent
427 526 597 563 doceret.
662 523 957 562 Demonstravit
977 525 1078 562 hanc
1100 524 1210 562 istius
1231 523 1561 562 consuetudinem

227 604 272 628 ac
293 590 485 628 rationem
508 590 626 627 fuisse
646 605 652 626 :
684 590 793 639 quod
815 588 943 626 omnis
965 588 1149 627 frumenti
1171 589 1285 639 copia
1305 590 1559 628 decumarum

228 655 388 693 nomine
410 668 530 705 penes
552 654 670 692 istum
692 661 794 692 esset
816 655 984 700 redacta,
1008 654 1167 692 solitum
1189 668 1274 693 esse
1299 654 1415 692 istum
1446 667 1562 704 pecu-

227 720 332 758 niam
362 733 502 770 cogere
530 733 554 757 a
583 718 821 766 civitatibus,
843 720 1082 757 frumentum
1111 719 1343 769 improbare,
1367 727 1559 769 quantum

227 785 411 824 frumenti
433 792 535 824 esset
552 786 723 823 Romam
739 785 989 829 mittendum,
1007 792 1160 823 tanturn
1181 786 1231 823 de
1245 798 1317 823 suo
1333 792 1497 835 quaestu
1513 798 1560 823 ac
1585 798 1620 819 10

226 851 275 888 de
315 863 385 888 sua
423 849 538 899 copia
577 848 759 887 frumenti
792 848 955 887 mittere.
1016 851 1143 887 Posco
1181 849 1361 896 rationes,
1394 848 1560 899 inspicio

225 915 383 961 litteras,
406 915 524 953 video
544 914 729 952 frumenti
749 928 914 965 granum
938 914 1187 961 Halaesinos,
1204 914 1347 964 quibus
1368 927 1559 964 sexagena

227 980 334 1018 milia
376 979 555 1018 modium
596 979 785 1029 imperata
815 986 935 1026 erant,
968 980 1119 1017 nullum
1150 979 1318 1026 dedisse,
1350 978 1558 1029 pecuniam

226 1045 420 1092 Volcatio,
444 1043 701 1090 Timarchidi,
726 1044 876 1082 scribae
905 1043 1088 1082 dedisse:
1118 1043 1269 1093 reperio
1293 1056 1416 1093 genus
1442 1043 1558 1081 huius

226 1111 345 1157 modi,
370 1109 531 1157 iudices,
564 1110 745 1159 praedae,
777 1116 819 1146 ut
858 1116 1022 1158 praetor,
1055 1108 1122 1158 qui
1158 1110 1395 1147 frumentum
1429 1122 1558 1147 emere
1584 1120 1616 1151 ¹5

226 1176 383 1222 debeat,
404 1188 485 1213 non
505 1181 610 1213 emat
631 1174 701 1212 sed
722 1174 878 1220 vendat,
902 1173 1100 1223 pecunias,
1124 1187 1221 1223 quas
1242 1172 1464 1212 civitatibus
1484 1173 1559 1211 dis-

226 1241 395 1279 tribuere
416 1240 570 1286 debeat,
589 1253 654 1277 eas
677 1238 806 1277 omnis
826 1246 974 1277 avertat
994 1246 1112 1288 atque
1128 1240 1288 1277 auferat.
1348 1239 1441 1276 Non
1462 1237 1558 1276 mihi

226 1305 303 1343 iam
318 1307 475 1351 furtum,
495 1305 564 1343 sed
587 1311 806 1342 monstrum
828 1317 873 1341 ac
891 1303 1113 1353 prodigium
1130 1303 1336 1342 videbatur
1356 1302 1557 1341 civitatum

227 1372 465 1408 frumentum
488 1369 720 1418 improbare,
739 1382 852 1406 suum
876 1369 1041 1418 probare
1059 1382 1069 1415 3
1098 1382 1188 1406 cum
1205 1382 1320 1406 suum
1342 1368 1556 1418 probasset,

226 1435 393 1485 pretium
427 1434 461 1473 ei
498 1436 695 1472 frumento
723 1435 961 1472 constituere
980 1448 990 1481 3
1018 1435 1126 1483 quod
1159 1433 1436 1479 constituisset,
1467 1433 1507 1472 id
1535 1447 1559 1472 a
1581 1449 1619 1470 20

226 1500 448 1538 civitatibus
487 1501 647 1546 auferre,
689 1500 798 1549 quod
837 1513 859 1536 a
907 1501 1056 1549 populo
1106 1500 1291 1537 Romano
1329 1498 1556 1549 accepisset,

227 1574 368 1604 tenere.

279 1634 388 1680 Quot
419 1630 534 1669 vultis
565 1644 649 1668 esse
680 1630 717 1667 in
750 1644 830 1667 uno
860 1631 962 1667 furto
993 1638 1243 1679 peccatorum
1274 1631 1428 1679 gradus,
1451 1637 1503 1675 ut,
1527 1629 1557 1667 si

225 1696 386 1746 singulis
409 1696 585 1734 insistere
607 1695 734 1741 velim,
759 1694 938 1745 progredi
961 1694 1032 1732 iste
1053 1709 1133 1733 non
1156 1696 1309 1745 possit?
1350 1695 1558 1745 Improbas

224 1763 463 1800 frumentum
496 1761 728 1799 Siculorum.
787 1761 925 1809 Quid?
960 1762 1042 1810 ipse
1073 1762 1181 1810 quod
1212 1760 1362 1800 mittis?
1391 1760 1558 1810 peculia·
1580 1774 1616 1805 ²5

224 1841 305 1866 rem
336 1828 458 1866 habes
484 1826 656 1876 aliquam
685 1825 856 1865 Siciliam
888 1840 989 1876 quae
1025 1826 1095 1865 tibi
1125 1841 1171 1864 ex
1209 1826 1286 1864 alio
1315 1839 1456 1875 genere
1486 1827 1558 1863 fru-

225 1900 402 1931 mentum
446 1893 697 1942 suppeditare
742 1892 894 1942 possit?
961 1893 1064 1931 Cum
1105 1900 1262 1930 senatus
1302 1891 1477 1930 decernit
1516 1900 1557 1929 ut

223 1965 374 1996 ematur
405 1957 443 1995 in
469 1957 600 1996 Sicilia
628 1959 879 2003 frumentum,
909 1965 976 1995 aut
1003 1971 1093 1995 cum
1125 1959 1294 2007 populus
1324 1957 1442 2003 iubet,
1468 1957 1555 2002 hoe,

152 1611 201 1648 74

144 1668 199 1702 172

270 2072 282 2091 1
312 2061 478 2101 Obstupui
501 2061 531 2091 O
549 2061 607 2092 sol.
632 2061 756 2091 ''conlra
779 2061 856 2101 ch)
1030 2072 1047 2096 4
1076 2060 1243 2100 publicam
1266 2060 1346 2090 VO:
1387 2059 1558 2100 publicep

222 2105 287 2136 rell.
426 2107 447 2135 6
475 2105 729 2135 Demonstravit
752 2105 800 2134 V:
826 2105 1037 2135 demonstrat
1051 2110 1074 2144 p
1093 2105 1158 2134 rell.
1296 2115 1312 2142 7
1337 2114 1374 2134 ac
1394 2104 1556 2134 rationem

224 2149 276 2188 Op
295 2149 358 2179 rell.
377 2159 383 2178 ε
411 2160 476 2180 om.
504 2149 535 2177 V
624 2150 712 2187 quod
737 2148 797 2178 VO
814 2160 820 2178 ε
846 2149 935 2187 quod
955 2159 1029 2179 cum
1044 2153 1067 2188 p
1085 2148 1150 2177 rell.
1168 2160 1172 2178 :
1190 2147 1279 2186 forte
1296 2158 1370 2178 cum
1391 2147 1440 2185 (ii,
1462 2150 1477 2183 ξ
1495 2148 1557 2182 66;

222 2193 266 2226 iii,
299 2194 314 2228 ξ
344 2191 418 2231 154)
571 2202 608 2222 ro
632 2197 722 2222 esset
750 2192 846 2222 frum.
872 2192 902 2220 V
1052 2202 1086 2229 ¹4
1112 2191 1318 2221 Timarchidi
1346 2195 1379 2220 et
1404 2190 1558 2221 Volcatio

223 2236 351 2266 scribac
387 2236 417 2265 V
516 2235 655 2265 huiusce
683 2235 724 2264 rrl:
861 2237 909 2266 16.
935 2245 971 2273 17
999 2235 1120 2265 debeat
1152 2234 1235 2264 VO:
1272 2234 1415 2263 debebat
1439 2239 1463 2273 p
1491 2232 1556 2263 rell.

229 2290 266 2317 ¹9
292 2290 387 2309 suum
409 2279 551 2318 probare
570 2279 617 2307 cO
633 2290 638 2307 :
665 2289 730 2307 om.
756 2278 803 2316 17²
820 2278 884 2308 ΠΝ.
989 2288 1062 2309 cum
1081 2288 1177 2308 suum
1197 2277 1375 2316 probasset
1392 2276 1440 2307 cO
1458 2288 1465 2307 :
1490 2286 1554 2306 om.

219 2328 243 2361 j>
262 2323 326 2353 νι-ΙΙ.
353 2326 496 2360 ‹praricr
515 2322 550 2356 V,
572 2323 603 2351 ιἰι
622 2332 685 2361 quo
701 2324 748 2351 rs!
765 2331 836 2350 cum
855 2332 949 2351 suum
970 2321 1174 2351 frumentum
1193 2320 1384 2360 probasset)
1519 2328 1558 2356 24

226 2366 332 2405 possit
354 2366 452 2396 l'cO:
479 2370 631 2404 possetp
649 2364 714 2395 rell.
740 2364 775 2404 gi,
796 2367 811 2401 ξ
834 2366 907 2404 105)
