1715 2734
181 86 448 125 ACTIONIS
471 87 532 125 IN
554 87 598 125 C.
618 87 859 124 VERREM
883 85 1181 125 SECVNDAE
1206 86 1307 123 LIB.
1334 86 1399 123 III
1462 94 1502 131 17
1524 102 1565 130 44

178 200 229 237 ad
259 198 412 237 Siciliae
441 198 616 237 civitates
647 198 802 245 miserit,
836 212 904 249 per
933 212 1030 248 quas
1055 199 1230 236 hortatur
1259 205 1297 236 et
1326 205 1434 246 rogat
1463 205 1505 234 ut

178 270 300 310 arent,
330 270 372 300 ut
401 270 540 300 serant.
601 264 648 300 In
678 263 873 301 beneficio
902 270 1056 312 praetor
1080 263 1156 300 hoc
1184 261 1280 311 petit
1304 261 1505 310 aliquanto

178 336 269 366 ante
299 330 512 366 adventum
544 342 659 366 suum
689 336 726 366 et
757 329 871 366 simul
902 328 1074 367 ostendit
1104 341 1144 365 se
1174 329 1258 377 lege
1290 327 1505 365 Hieronica

178 392 438 439 venditurum,
464 394 539 431 hoc
561 400 618 431 est
639 393 679 430 in
700 393 808 431 omni
831 393 979 431 ratione
1000 394 1256 430 decumarum
1278 391 1374 429 nihil
1397 391 1505 429 istius

140 492 146 500 ,
179 456 304 494 simile
331 458 535 495 facturum.
594 460 727 507 Atque
749 459 846 496 haec
874 471 954 495 non
976 457 1192 506 cupiditate
1219 456 1351 506 aliqua
1372 455 1505 494 scribit

179 521 363 559 inductus
402 528 443 559 ut
487 521 526 559 in
564 522 732 560 alienam
777 522 1018 571 provinciam
1060 521 1187 559 mittat
1230 521 1374 558 litteras
1413 528 1504 559 ante

179 593 344 635 tempuS‚
381 587 450 624 sed
485 586 660 632 consilio,
700 600 758 633 ne,
797 586 827 624 si
867 594 1021 636 tempus
1050 585 1210 624 sationis
1245 585 1504 635 praeterisset,

177 664 340 700 granum
362 663 408 687 ex
428 650 628 699 provincia
649 650 778 688 Sicilia
800 652 950 688 nullum
973 651 1217 688 haberemus.
1264 649 1502 699 Cognoscite
1522 661 1564 693 45

180 715 330 752 Metelli
353 715 508 752 litteras.
571 716 719 753 Recita.
782 718 987 754 EPISTVLA
1010 717 1052 753 L.
1078 717 1285 753 METELLI.

234 781 323 817 Hae
366 779 526 826 litterae,
567 780 727 827 iudices,
770 782 812 818 L.
860 780 1026 827 Metelli,
1066 793 1162 829 quas
1207 780 1385 826 audistis,
1427 781 1503 818 hoc
1525 781 1567 817 18

178 853 370 894 quantum
409 853 466 883 est
506 859 553 883 ex
591 845 721 884 Sicilia
760 845 943 883 frumenti
989 845 1188 883 hornotini
1227 852 1503 882 exaraverunt:

176 909 331 958 glebam
370 918 609 947 commosset
647 910 686 947 in
725 924 817 960 agro
856 912 1079 948 decumano
1114 909 1267 947 Siciliae
1306 922 1438 956 nemo,
1474 910 1504 946 si

179 975 364 1011 Metellus
404 975 505 1012 hanc
545 974 752 1024 epistulam
788 988 869 1012 non
904 975 1082 1013 misisset.
1143 973 1283 1022 Quid?
1340 975 1505 1011 Metello

176 1039 362 1077 divinitus
392 1041 469 1077 hoc
494 1040 598 1077 venit
628 1040 667 1077 in
699 1048 871 1078 mentem
901 1053 951 1077 an
981 1040 1032 1077 ab
1059 1039 1212 1087 Siculis,
1240 1038 1306 1089 qui
1333 1041 1503 1077 Romam

143 1118 154 1126 ·
176 1104 480 1153 frequentissimi
497 1112 772 1152 convenerant,
791 1104 1179 1154 negotiatoribusque
1196 1103 1349 1142 Siciliae
1363 1105 1503 1141 doctus

177 1171 264 1206 est?
292 1183 459 1218 quorum
489 1169 624 1219 quanti
646 1177 862 1207 conventus
892 1170 942 1207 ad
965 1170 1185 1215 Marcellos,
1209 1168 1503 1218 antiquissimos

178 1233 331 1272 Siciliae
352 1242 549 1284 patronos,
577 1234 713 1284 quanti
743 1235 793 1272 ad
820 1235 893 1273 Cn.
926 1233 1161 1283 Pompeium
1193 1241 1275 1271 tum
1298 1235 1501 1271 consulem

177 1298 436 1347 designatum,
478 1307 707 1348 ceterosque
747 1298 848 1336 illius
888 1298 1111 1348 provinciae
1143 1298 1382 1336 necessarios
1422 1298 1502 1335 fieri

177 1363 279 1400 soliti
328 1363 417 1409 sint,
465 1364 551 1412 quis
595 1363 774 1412 ignorat?
817 1365 924 1413 quod
969 1363 1144 1413 quidem,
1188 1363 1348 1408 iudices,
1394 1364 1502 1400 nullo

178 1441 365 1476 uinquam
396 1429 446 1466 de
474 1428 634 1466 homine
663 1429 809 1466 facturn
839 1436 910 1475 est,
935 1435 977 1465 ut
1005 1428 1147 1466 absens
1177 1435 1423 1465 accusaretur
1451 1428 1502 1465 ab

176 1492 222 1530 iis
251 1495 379 1542 palam
409 1506 577 1543 quorum
608 1493 646 1530 in
677 1493 781 1531 bona
810 1493 1032 1542 liberosque
1064 1506 1261 1530 summum
1294 1492 1500 1542 imperium

180 1565 494 1607 potestatemque
543 1558 715 1596 haberet.
786 1559 915 1596 Tanta
964 1557 1020 1595 vis
1068 1565 1148 1596 erat
1192 1557 1417 1595 iniuriarum
1459 1565 1500 1595 ut

176 1622 356 1660 homines
388 1623 543 1672 quidvis
577 1623 726 1673 perpeti
762 1636 881 1672 quam
911 1635 991 1660 non
1022 1623 1072 1660 de
1106 1622 1216 1660 istius
1250 1622 1501 1671 improbitate

176 1688 379 1737 deplorare
427 1695 464 1726 et
509 1687 696 1737 conqueri
737 1689 907 1725 mallent.
982 1688 1091 1735 Quas
1136 1687 1280 1724 litteras
1319 1700 1408 1724 cum
1448 1688 1499 1725 ad
1520 1689 1562 1730 46

142 1766 153 1772 ·
176 1752 304 1790 omnis
365 1752 539 1790 civitates
603 1766 724 1802 prope
788 1751 1014 1802 suppliciter
1077 1751 1243 1789 misisset
1302 1753 1500 1798 Metellus,

174 1826 305 1855 tamen
337 1818 543 1867 antiquum
576 1819 738 1855 modum
779 1817 938 1855 sationis
976 1818 1082 1855 nulla
1116 1830 1161 1854 ex
1195 1824 1303 1866 parte
1336 1816 1499 1866 adsequi

175 1883 326 1932 potuit,
372 1883 605 1932 diffugerant
648 1882 752 1920 enim
796 1881 993 1932 permulti,
1041 1881 1080 1919 id
1124 1882 1230 1931 quod
1278 1883 1500 1928 ostendam,

175 1961 248 1985 nec
287 1949 413 1986 solum
452 1947 645 1985 arationes
685 1948 754 1984 sed
794 1947 911 1985 etiam
947 1948 1060 1985 sedes
1093 1959 1181 1984 suas
1213 1946 1354 1995 patrias
1389 1945 1498 1983 istius

175 2012 322 2050 iniuriis
352 2012 530 2062 exagitati
561 2011 806 2061 reliquerant.

222 2138 234 2157 1
262 2128 413 2158 civitates
433 2127 566 2158 Siciliae
587 2127 618 2157 V
787 2137 805 2156 2
832 2133 967 2165 praetor
991 2125 1063 2157 1⁷0:
1088 2128 1108 2167 Ῑ)
1122 2129 1192 2166 ip:
1218 2126 1331 2165 populi
1351 2126 1495 2157 Romani

176 2171 240 2203 rell.
264 2172 297 2205 (i,
322 2175 335 2208 ξ
354 2175 387 2208 4)
564 2182 582 2208 4
607 2171 704 2201 istius
727 2170 770 2200 V:
799 2171 890 2209 istis>
908 2170 971 2200 rell.
1152 2171 1172 2199 6
1196 2170 1324 2199 litteras
1343 2171 1451 2201 mittat
1473 2170 1503 2200 V

175 2215 195 2243 8
220 2225 261 2244 ex
279 2214 346 2244 cO:
371 2215 412 2244 de
435 2214 482 2244 l':
509 2214 541 2243 in
562 2214 624 2245 rell.
664 2215 695 2247 ii,
719 2217 754 2250 ἑᾷ
774 2224 825 2251 24,
849 2215 930 2252 189;
957 2214 1001 2248 iii,
1023 2217 1036 2250 ξ
1060 2223 1138 2251 141;
1166 2214 1208 2249 iv,
1232 2217 1242 2241 ξ
1267 2220 1298 2251 7)
1477 2225 1497 2252 9

178 2257 295 2287 Recita
313 2268 377 2288 om.
402 2258 432 2286 l'
544 2267 578 2295 14
603 2268 621 2287 a
640 2258 762 2287 Siculis
785 2257 815 2286 V
928 2267 965 2295 15
991 2268 1009 2286 a
1029 2256 1290 2294 negotiatoribus
1315 2255 1346 2284 V
1460 2267 1496 2295 17

175 2306 244 2331 tum
263 2301 385 2336 Maius,
409 2300 478 2331 edd.
501 2311 568 2330 Jecc.
587 2311 593 2330 z
619 2306 711 2330 tuum
734 2300 779 2329 V:
800 2310 867 2330 om.
889 2300 953 2330 rell.
1091 2301 1133 2330 26
1156 2300 1293 2338 adsequi
1315 2299 1411 2330 VcO:
1438 2311 1496 2330 ex-

175 2344 270 2381 sequi
292 2344 354 2373 rell.
