1715 2734
120 799 155 820 10

113 1449 151 1469 20

182 93 448 132 ACTIONIS
468 94 528 131 IN
551 93 595 132 C.
618 94 858 131 VERREM
882 94 1181 132 SECVNDAE
1203 95 1306 133 LIB.
1331 95 1396 132 III
1454 104 1504 141 23

178 203 277 242 lidas
298 212 356 242 est
377 205 552 254 Grospus
574 204 866 253 Centuripinus,
890 205 1012 242 homo
1033 217 1123 242 cum
1145 204 1284 243 virtute
1306 211 1344 243 et
1366 204 1500 242 nobili-

178 276 256 307 tate
276 268 385 307 domi
405 282 508 315 suae,
532 276 616 306 tum
637 268 754 306 etiam
776 268 943 318 pecunia
963 268 1155 318 princeps.
1209 269 1317 307 Huic
1339 269 1500 315 homini,

178 333 338 380 iudices,
361 332 660 372 honestissimae
688 333 852 371 civitatis
881 333 1159 372 honestissimo
1184 347 1263 372 non
1288 335 1409 372 modo
1432 336 1503 371 fru-

179 397 299 435 menti
328 398 467 437 scitote
491 399 560 436 sed
588 397 705 435 etiam
726 397 827 435 vitae
853 405 890 436 et
919 397 1117 447 sanguinis
1147 405 1299 436 tantum
1325 398 1502 436 relictum

177 475 262 500 esse
304 471 495 512 quantum
535 462 686 511 Aproni
726 462 849 500 libido
890 462 1004 509 tulit3
1049 476 1139 500 nam
1173 462 1208 499 vi
1243 465 1347 500 malo
1382 463 1504 513 plagis

177 528 371 566 adductus
392 535 450 565 est
479 535 521 565 ut
551 527 734 565 frumenti
762 529 882 575 daret,
907 541 986 565 non
1024 536 1213 576 quantum
1238 529 1410 575 deberet,
1434 530 1503 566 sed

177 600 367 641 quantum
401 600 614 642 cogeretur.
676 594 871 632 Sostratus
907 600 945 630 et
980 592 1201 630 Numenius
1233 601 1270 631 et
1301 595 1504 643 Nympho-

176 658 294 694 dorus
315 657 491 695 eiusdem
522 656 688 694 civitatis
719 670 809 694 cum
836 671 882 695 ex
908 657 1007 706 agris
1039 665 1114 695 tres
1148 658 1280 696 fratres
1302 666 1503 696 consortes

175 721 446 771 profugissent,
488 722 596 770 quod
636 721 680 759 iis
720 723 806 771 plus
847 721 1029 759 frumenti
1072 721 1335 771 imperabatur
1383 737 1502 773 quam

174 793 365 835 quantum
396 793 606 831 exararant,
639 786 868 823 hominibus
898 786 1043 824 coactis
1077 786 1116 823 in
1148 800 1282 824 eorum
1310 788 1503 826 arationes

174 850 371 900 Apronius
411 850 527 897 venit,
569 864 688 888 omne
737 850 1041 888 instrumentum
1092 851 1261 901 diripuit,
1315 852 1501 890 familiam

173 915 347 963 abduxit,
370 929 489 966 pecus
516 915 657 965 abegit.
719 918 860 954 Postea
885 929 975 954 cum
996 917 1047 954 ad
1073 930 1163 954 eum
1191 918 1500 967 Nymphodorus

173 980 341 1019 venisset
361 983 532 1019 Aetnam
553 989 592 1019 et
619 989 745 1019 oraret
774 989 816 1019 ut
844 981 917 1020 sibi
947 995 1018 1020 sua
1049 982 1351 1029 restituerentur,
1378 983 1501 1022 homi-

172 1059 263 1083 nem
294 1046 435 1096 corripi
469 1060 515 1084 ac
550 1046 738 1096 suspendi
774 1046 883 1085 iussit
915 1047 953 1084 in
982 1049 1149 1085 oleastro
1180 1049 1364 1097 quodam,
1398 1062 1498 1098 quae

172 1119 229 1148 est
258 1112 382 1158 arbor,
410 1111 571 1158 iudices,
602 1115 754 1150 Aetnae
784 1112 824 1149 in
854 1114 948 1150 foro.
1009 1115 1109 1150 Tam
1140 1113 1208 1151 diu
1239 1113 1426 1163 pependit
1459 1113 1497 1150 in

171 1177 309 1214 arbore
338 1176 467 1214 socius
496 1176 726 1226 amicusque
755 1177 891 1227 populi
922 1178 1093 1215 Romani
1125 1177 1164 1215 in
1186 1178 1380 1216 sociorum
1403 1179 1498 1216 urbe

171 1253 216 1278 ac
237 1242 331 1289 foro,
355 1243 520 1279 colonus
540 1249 746 1291 aratorque
767 1250 903 1288 vester,
928 1255 1047 1291 quam
1069 1242 1135 1280 diu
1151 1244 1330 1280 voluntas
1346 1243 1497 1292 Aproni

171 1306 267 1344 tulit.

225 1373 379 1410 Genera
409 1372 485 1410 iam
515 1373 668 1410 dudum
699 1372 1046 1411 innumerabilium
1069 1373 1307 1419 iniuriarum,
1333 1374 1493 1420 iudices,

171 1436 331 1486 singulis
352 1437 578 1474 nominibus
599 1438 764 1486 profero,
797 1437 990 1475 infinitam
1021 1438 1312 1476 multitudinem
1345 1439 1497 1477 iniuria-

170 1515 255 1539 rum
303 1502 579 1551 praetermitto.
640 1504 721 1539 Vos
769 1510 861 1540 ante
901 1504 1037 1540 oculos
1075 1503 1308 1553 animosque
1349 1512 1496 1542 vestros

169 1574 251 1604 tota
271 1566 400 1604 Sicilia
414 1568 724 1605 decumanorum
740 1568 811 1604 hos
830 1567 1010 1616 impetus,
1028 1575 1222 1605 aratorum
1242 1569 1491 1618 direptiones,

168 1631 283 1669 huius
322 1631 669 1680 importunitatem,
711 1631 863 1681 Aproni
904 1645 1067 1681 regnum
1107 1633 1325 1682 proponite.
1391 1635 1493 1673 Con-

167 1695 325 1746 tempsit
357 1695 533 1742 Siculos;
563 1710 643 1734 non
679 1696 789 1734 duxit
822 1696 1003 1734 homines
1038 1710 1110 1734 nec
1148 1697 1253 1746 ipsos
1286 1699 1335 1736 ad
1370 1712 1495 1748 perse-

135 1778 145 1785 ·
167 1762 370 1810 quendum
402 1760 645 1798 vehementis
680 1762 772 1807 fore,
811 1769 849 1799 et
883 1775 952 1799 vos
984 1774 1120 1798 eorum
1161 1761 1318 1800 iniurias
1361 1763 1495 1801 leviter

166 1827 311 1863 laturos
328 1825 569 1863 existimavit.
633 1827 729 1863 Esto
746 1841 755 1873 3
786 1828 922 1864 falsam
938 1827 988 1864 de
1005 1825 1079 1864 illis
1096 1827 1232 1865 habuit
1251 1827 1490 1876 opinionem,

166 1892 307 1927 malam
329 1891 379 1928 de
400 1890 510 1928 vobis
529 1906 538 1937 3
568 1905 701 1929 verum
724 1899 867 1939 tamen,
890 1905 981 1929 cum
1006 1893 1058 1930 de
1085 1892 1224 1930 Siculis
1254 1894 1353 1930 male
1376 1906 1492 1930 mere-

165 1962 277 2001 retur,
300 1955 394 1992 civis
426 1956 630 1993 Romanos
657 1956 788 2003 coluit,
812 1956 857 1993 iis
884 1956 1058 2004 indulsit,
1082 1970 1218 1995 eorum
1242 1957 1432 1995 voluntati
1455 1966 1492 1995 et

163 2019 307 2068 gratiae
336 2020 493 2058 deditus
527 2020 606 2058 fuit.
669 2022 748 2059 Iste
778 2020 873 2059 civis
904 2023 1139 2059 Romanos?
1196 2024 1249 2059 At
1281 2022 1394 2059 nullis
1427 2022 1494 2060 ini-

212 2134 223 2153 1
252 2124 406 2164 Grospus
430 2125 479 2156 V:
505 2136 645 2165 graspus
665 2126 715 2156 O:
739 2126 944 2166 grosphusp
1078 2137 1096 2165 3
1122 2127 1251 2157 honest.
1271 2127 1330 2157 civ.
1353 2137 1417 2157 om.
1442 2127 1492 2166 V;

163 2177 193 2205 v,
215 2171 229 2204 ξ
251 2177 309 2205 117
331 2168 429 2208 (Am.
446 2169 481 2206 J.
504 2168 565 2200 Plz.
587 2170 676 2200 xxvi.
695 2179 752 2207 431
768 2179 772 2197 η
906 2182 925 2208 4
951 2171 1049 2201 etiam
1068 2170 1135 2200 cO:
1160 2181 1226 2200 0771.
1252 2170 1359 2201 Vrell.
1385 2173 1439 2210 (§§
1463 2181 1488 2208 1,

164 2220 204 2249 23
220 2212 336 2251 snpra)
483 2214 503 2252 ᾧ
527 2212 664 2242 deberet
685 2213 756 2242 Onk
774 2225 780 2243 z
804 2213 905 2244 vellet
927 2214 975 2244 V:
1001 2215 1136 2244 haberet
1155 2216 1170 2242 δ
1312 2225 1333 2252 9
1357 2213 1409 2244 his
1433 2214 1493 2243 VO

166 2263 203 2282 12
228 2265 302 2285 curn
326 2254 406 2287 VO:
433 2266 530 2294 quam
551 2255 614 2285 rell.
726 2266 760 2294 17
787 2262 903 2286 noster
922 2257 952 2287 O
971 2259 1001 2294 (ξι
1021 2259 1061 2295 64
1079 2258 1183 2295 iusml
1300 2267 1336 2294 19
1361 2268 1490 2297 genera

162 2297 264 2328 codd.:
290 2303 384 2329 suma
399 2300 591 2337 (summam)
609 2299 638 2328 O
652 2299 702 2337 sscf.
718 2299 739 2337 i,
755 2303 769 2336 ξ
786 2309 846 2329 110
862 2300 934 2337 gnis
954 2300 1120 2339 ggeneris)
1138 2300 1185 2330 S:
1212 2300 1293 2330 iuris
1315 2300 1357 2341 V>
1449 2311 1488 2340 ‘25

163 2341 297 2371 iniurias
315 2352 430 2372 eorum
454 2341 483 2370 [ν’

206 2394 267 2414 cxc.
286 2394 364 2414 VER.
1363 2388 1400 2417 15

1526 99 1566 139 56

1529 604 1567 636 57

1523 1383 1562 1420 58

1515 1811 1566 1847 24

1518 1871 1556 1900 59
