1715 2734
191 96 235 135 15
253 97 297 133 47
624 83 680 120 M.
712 83 881 120 TVLLI
913 81 1220 123 CICERoms

189 202 232 243 48
252 193 530 234 exercitatione
559 193 737 232 tironem.
800 192 968 240 Deinde,
998 200 1039 231 ut
1069 193 1220 244 opinor,
1244 194 1363 233 habet
1384 193 1583 241 Alienum,

252 261 358 298 hunc
385 267 517 297 tamen
547 272 570 296 a
599 256 793 296 subselliis
809 272 819 305 5
847 257 914 307 qui
936 258 1031 308 quid
1059 258 1098 296 in
1126 259 1299 298 dicendo
1323 267 1454 310 posset
1476 272 1586 297 num·
1614 268 1621 274 '

251 337 371 375 quam
405 324 498 362 satis
527 322 689 370 attendi,
721 322 761 360 in
791 323 1002 361 clamando
1036 323 1198 374 quidem
1228 324 1344 362 video
1379 338 1469 363 eum
1499 337 1586 362 esse

253 391 354 428 bene
383 389 588 427 robustum
618 395 738 438 atque
767 387 1032 426 exercitatum.
1093 390 1141 426 In
1171 391 1248 428 hoc
1275 403 1363 439 spes
1384 398 1474 428 tuae
1494 396 1586 427 sunt

253 468 391 493 omnes
410 469 420 501 3
462 454 535 500 hic,
568 453 599 490 si
629 460 671 490 tu
705 451 778 490 eris
812 461 921 491 actor
954 452 1201 501 constitutus
1233 463 1360 492 totum
1395 454 1584 493 iudicium
1607 471 1624 501 5

252 519 471 558 sustinebit.
530 520 590 556 Ac
617 531 668 556 ne
694 517 725 555 is
746 517 907 567 quidem
939 526 1092 556 tantum
1113 521 1328 558 contendet
1353 520 1390 557 in
1413 520 1586 558 dicendo

253 592 444 635 quantum
466 590 606 633 potest,
630 584 700 621 sed
721 584 900 621 consulet
927 583 1033 621 laudi
1060 591 1099 622 et
1125 584 1401 622 existimationi
1424 593 1523 632 tuae,
1547 592 1585 622 et

253 664 299 688 ex
326 663 374 688 eo
395 650 503 698 quod
530 648 613 698 ipse
643 655 772 698 potest
799 647 838 685 in
869 647 1041 687 dicendo
1069 649 1314 699 aliquantum
1339 649 1519 695 remittet,
1543 657 1586 686 ut

253 723 295 753 tu
329 723 462 753 tamen
501 714 650 764 aliquid
688 727 774 752 esse
807 713 973 752 videare.
1033 715 1086 752 Vt
1120 714 1159 752 in
1193 714 1392 753 actoribus
1425 714 1585 753 Graecis

253 780 334 818 fieri
355 780 545 826 videmus,
569 792 686 829 saepe
706 778 815 816 illum
836 778 905 828 qui
931 786 988 816 est
1015 780 1276 818 secundarum
1297 787 1363 817 aut
1385 779 1584 817 tertiarum
1609 796 1646 818 ιο

252 845 432 896 partium,
468 858 559 882 cum
598 843 721 895 possit
759 843 961 893 aliquanto
999 844 1139 882 clarius
1178 844 1307 883 dicere
1344 857 1462 894 quam
1501 844 1585 894 ipse

253 911 477 960 primarum,
528 911 695 948 multum
745 908 986 954 submittere,
1036 916 1079 947 ut
1126 909 1189 948 ille
1236 910 1417 960 princeps
1465 923 1583 959 quam

254 976 422 1015 maxime
452 978 626 1024 excellat,
655 975 710 1013 sic
737 974 853 1013 faciet
880 974 1045 1013 Alienus
1060 989 1070 1022 ;
1107 975 1178 1013 tibi
1205 975 1355 1022 serviet,
1383 975 1453 1013 tibi
1480 977 1586 1013 leno-

193 1055 234 1086 49
253 1042 457 1089 cinabitur,
490 1042 620 1080 minus
654 1040 856 1091 aliquanto
890 1041 1106 1079 contendet
1137 1054 1255 1090 quam
1287 1048 1425 1090 potest.
1498 1041 1582 1078 Iam

253 1109 328 1145 hoc
363 1107 621 1153 considerate,
655 1106 765 1144 cuius
801 1106 909 1143 modi
939 1112 1186 1143 accusatores
1221 1105 1260 1142 in
1295 1113 1403 1143 tanto
1437 1105 1584 1143 iudicio
1607 1123 1644 1155 15

251 1172 373 1210 simus
395 1172 574 1218 habituri,
598 1185 688 1210 cum
710 1179 748 1209 et
775 1170 857 1220 ipse
878 1170 1043 1208 Alienus
1064 1184 1109 1208 ex
1130 1184 1176 1208 ea
1196 1171 1390 1217 facultate,
1413 1170 1443 1208 si
1464 1183 1582 1220 quam

251 1238 382 1284 habet,
405 1237 650 1287 aliquantum
671 1238 915 1274 detracturus
943 1235 1004 1283 sit,
1025 1243 1063 1274 et
1084 1235 1279 1274 Caecilius
1307 1243 1390 1273 tum
1411 1235 1584 1285 denique

251 1316 292 1341 se
318 1302 467 1352 aliquid
495 1304 668 1340 futurum
698 1309 818 1351 putet,
843 1300 873 1339 si
895 1301 1060 1338 Alienus
1087 1300 1216 1338 minus
1237 1302 1449 1339 vehemens
1470 1301 1582 1339 fuerit

251 1376 289 1406 et
327 1368 401 1406 sibi
440 1369 584 1418 primas
623 1367 661 1405 in
701 1366 872 1405 dicendo
918 1366 1036 1415 partis
1075 1366 1322 1404 concesserit.
1387 1368 1579 1415 Quartum

251 1447 369 1484 quem
397 1433 446 1471 sit
472 1432 676 1471 habiturus
706 1445 786 1469 non
807 1432 934 1477 video,
957 1431 1030 1468 nisi
1051 1444 1169 1480 quem
1198 1432 1295 1469 forte
1315 1445 1362 1469 ex
1381 1431 1447 1469 illo
1466 1445 1580 1481 grege
1602 1449 1641 1471 20

252 1506 504 1546 moratorum,
527 1497 593 1548 qui
620 1497 949 1547 subscriptionem
978 1496 1051 1534 sibi
1077 1498 1322 1546 postularunt
1346 1497 1581 1547 cuicumque

193 1580 234 1611 50
252 1577 321 1601 vos
341 1564 580 1602 delationem
601 1562 808 1601 dedissetis
825 1577 832 1600 ε
862 1576 908 1600 ex
924 1561 1068 1611 quibus
1088 1561 1334 1600 alienissimis
1355 1562 1582 1600 hominibus

252 1629 305 1667 ita
343 1636 498 1678 paratus
537 1627 645 1666 venis
684 1635 725 1665 ut
765 1627 834 1665 tibi
875 1628 1018 1676 hospes
1056 1626 1197 1676 aliquis
1236 1626 1283 1664 sit
1322 1626 1578 1676 recipiendus.

251 1693 407 1743 Quibus
433 1706 507 1743 ego
534 1706 613 1731 non
644 1706 731 1730 sum
761 1700 913 1730 tantum
945 1693 1135 1730 honorem
1165 1691 1366 1730 habiturus
1393 1700 1435 1730 ut
1461 1693 1511 1730 ad
1535 1706 1581 1730 ea

250 1773 352 1809 quae
388 1758 556 1797 dixerint
594 1766 701 1796 ccrto
739 1759 827 1795 loco
865 1765 932 1795 aut
978 1756 1200 1805 singillatim
1241 1756 1307 1794 uni
1347 1757 1488 1806 cuique
1527 1771 1580 1795 re·
1602 1772 1642 1803 25

250 1824 493 1874 spondeam:
530 1822 585 1861 sic
613 1822 789 1870 breviter,
812 1821 1000 1872 quoniam
1030 1836 1108 1859 non
1137 1823 1318 1859 consulto
1338 1823 1407 1860 sed
1428 1835 1519 1860 casu
1542 1822 1580 1859 in

251 1903 387 1927 eorum
426 1887 669 1926 mentionem
711 1887 842 1934 incidi,
883 1887 993 1936 quasi
1038 1887 1273 1936 praeteriens
1312 1887 1403 1925 satis
1442 1887 1580 1925 faciam

187 1959 232 1996 16
252 1953 451 1991 universis.
510 1954 693 1990 Tantane
712 1952 824 1990 vobis
855 1951 988 2001 inopia
1018 1952 1152 1989 videor
1182 1966 1266 1990 csse
1294 1952 1509 1990 amicorum
1541 1960 1582 1989 ut

252 2019 347 2056 mihi
381 2032 461 2056 non
496 2031 543 2056 ex
573 2017 633 2055 his
667 2030 766 2066 quos
798 2030 952 2054 mecum
983 2017 1224 2063 adduxerim,
1257 2018 1326 2054 sed
1356 2018 1405 2054 de
1434 2018 1583 2066 populo

251 2083 492 2133 subscriptor
511 2083 710 2121 addatur?
750 2082 860 2120 vobis
890 2089 1020 2119 autem
1053 2090 1160 2119 tanta
1189 2081 1320 2131 inopia
1346 2095 1499 2119 reorum
1524 2089 1581 2119 est
1603 2095 1643 2125 30

300 2199 310 2218 1
338 2188 377 2217 T.
395 2187 552 2217 Alienum
571 2186 610 2217 E.
631 2186 665 2216 F.
686 2186 858 2216 Eberhard
967 2197 985 2216 2
1010 2198 1027 2217 a
1047 2187 1215 2217 subselliis
1233 2186 1286 2226 Dp
1303 2186 1508 2225 ctplcrt'qn1·:
1541 2185 1582 2214 ab

253 2231 342 2261 subs.
363 2231 493 2270 qrAsc.
674 2237 790 2269 posset
808 2229 863 2270 Dp
883 2235 911 2260 et
926 2231 1000 2271 plcr.
1024 2242 1030 2260 z
1062 2231 1167 2269 possit
1189 2229 1330 2268 (QLKrs
1489 2230 1509 2257 6
1533 2227 1582 2257 Ac

252 2273 356 2312 DG2rr
374 2286 378 2303 z
404 2279 437 2303 at
454 2273 489 2310 G.
507 2273 547 2303 al.
644 2274 680 2303 18
705 2273 828 2312 aliquid
847 2284 884 2303 se
905 2286 943 2313 qr
1009 2274 1170 2303 facturum
1189 2272 1226 2311 G¹
1318 2283 1352 2302 21
1382 2276 1583 2301 moratorum

249 2323 282 2357 p,
299 2317 388 2356 quod
401 2328 440 2346 ex
455 2317 532 2347 Asc.
551 2317 721 2347 coniccerat
735 2316 890 2347 Cuiacius
906 2329 912 2347 ε
937 2318 1131 2347 meritorum
1143 2317 1170 2346 L
1187 2327 1193 2345 ε
1219 2320 1405 2345 meatorum
1417 2312 1584 2353 DG2KZ:

254 2365 424 2391 oratorum
445 2360 521 2398 Glrfi
