1769 2739
213 108 309 146 1135
623 98 680 135 M.
719 98 888 135 TVLLI
929 97 1235 137 CICERONIS

265 218 349 249 tum
382 210 656 248 interfuturum
689 210 737 248 sit
770 210 869 248 inter
903 224 1032 248 meam
1066 217 1255 261 tuamque
1287 209 1592 248 accusationem.

265 277 351 325 Ego
383 275 499 313 etiarn
535 289 637 325 quae
675 283 717 313 tu
756 275 841 313 sine
872 277 994 313 Verre
1025 275 1254 313 commisisti
1291 275 1401 313 Verri
1440 273 1595 313 crimini

263 341 424 379 daturus
454 353 552 386 sum,
576 341 686 390 quod
715 348 754 378 te
782 353 863 378 non
894 339 1151 390 prohibuerit,
1171 353 1261 379 curn
1283 353 1478 378 summam
1510 339 1593 388 ipse

262 406 423 444 haberet
455 412 716 455 potestatem:
747 412 789 443 tu
824 412 960 443 contra
992 418 1042 443 ne
1076 418 1177 455 quae
1211 405 1275 444 ille
1309 405 1471 455 quidem
1502 404 1592 442 fecit

261 470 423 518 obicies,
444 484 494 509 ne
514 483 593 520 qua
613 484 659 508 ex
680 478 789 519 parte
809 469 1046 508 coniunctus
1067 483 1157 508 cum
1177 484 1227 508 eo
1247 470 1449 520 reperiare.
1611 485 1629 515 5

315 535 455 585 Quid?
495 535 569 582 illa,
603 534 763 582 Caecili,
797 536 1144 573 contemnendane
1174 534 1245 572 tibi
1279 534 1461 573 videntur
1491 548 1591 581 esse,

260 600 345 638 sine
378 600 521 650 quibus
552 613 670 638 causa
701 599 893 647 sustineri,
917 599 1144 650 praesertim
1179 607 1297 647 tanta,
1325 601 1433 638 nullo
1467 601 1590 638 modo

258 667 420 716 potest?
448 665 580 715 aliqua
610 667 774 703 facultas
803 665 957 715 agendi,
977 665 1110 714 aliqua
1138 665 1298 704 dicendi
1327 666 1587 712 consuetudo,

257 731 389 781 aliqua
420 730 459 768 in
489 732 588 779 foro,
620 730 785 777 iudiciis,
818 729 970 780 legibus
1003 738 1070 768 aut
1104 730 1201 768 ratio
1235 738 1302 768 aut
1333 730 1590 769 exercitatio?

198 802 239 842 36
260 797 454 846 Intellego
484 809 603 846 quarn
635 797 847 845 scopuloso
876 794 1104 845 difficilique
1133 795 1173 833 in
1202 797 1292 834 loco
1312 809 1440 834 verser
1456 810 1467 843 3
1498 809 1588 833 nam
1612 810 1649 832 10

222 910 232 918 .
258 875 349 899 curn
382 861 511 899 omnis
545 860 774 910 adrogantia
806 860 945 898 odiosa
975 868 1044 906 est,
1079 868 1163 898 tum
1198 860 1263 898 illa
1298 860 1432 910 ingeni
1469 868 1589 910 atque

257 926 507 977 eloquentiae
528 928 654 964 multo
675 925 960 964 molestissima.
1022 927 1155 975 Quam
1181 926 1234 963 ob
1261 939 1343 963 rem
1373 925 1470 963 nihil
1497 926 1588 964 dico

255 993 306 1031 de
336 1005 426 1030 meo
455 991 642 1041 ingenio,-
672 1004 802 1040 neque
829 998 887 1029 est
914 991 1023 1040 quod
1050 990 1198 1040 possim
1228 990 1370 1037 dicere,
1398 1004 1526 1041 neque
1555 991 1586 1029 si

255 1064 356 1095 esset
376 1057 577 1104 dicerem3
607 1063 673 1094 aut
695 1055 801 1094 enirn
829 1055 869 1094 id
897 1055 993 1093 mihi
1021 1055 1113 1093 satis
1141 1063 1199 1094 est
1226 1057 1336 1106 quod
1356 1064 1414 1094 est
1443 1057 1494 1095 de
1523 1070 1587 1094 me

254 1121 463 1172 opinionis,
498 1121 695 1171 quidquid
729 1129 801 1169 est,
830 1128 907 1167 aut,
941 1120 971 1158 si
1006 1120 1047 1158 id
1080 1134 1219 1171 parum
1251 1128 1320 1168 est,
1354 1134 1426 1171 ego
1461 1121 1586 1160 maius
1610 1141 1643 1171 15

195 1174 236 1202 ¹²
256 1186 296 1225 id
312 1187 665 1225 commemorando
683 1187 810 1224 facere
826 1199 907 1224 non
924 1198 1098 1235 possum.
1142 1187 1204 1224 De
1220 1193 1268 1232 te,
1289 1185 1584 1233 Caecili‚—iam

194 1233 235 1268 37
256 1252 480 1290 mehercule
509 1252 585 1289 hoc
615 1258 721 1289 extra
750 1252 852 1288 hanc
882 1250 1180 1288 contentionem
1209 1259 1488 1301 certamenque
1520 1265 1586 1290 no-

254 1325 375 1355 strum
397 1317 635 1355 familiariter
659 1324 790 1355 tecum
812 1318 1061 1366 loquar‚——tu
1090 1316 1173 1366 ipse
1197 1330 1316 1366 quern
1341 1318 1391 1355 ad
1419 1319 1583 1356 modum

252 1383 449 1422 existimes
471 1383 560 1422 vide
581 1383 698 1421 etiam
720 1392 840 1433 atque
860 1383 990 1430 etiam,
1013 1391 1051 1421 et
1082 1390 1123 1421 tu
1153 1391 1192 1421 te
1211 1383 1361 1433 collige,
1385 1391 1423 1422 et
1444 1384 1510 1434 qui
1532 1385 1583 1423 sis

252 1456 289 1487 et
328 1449 423 1499 quid
463 1451 589 1487 facere
629 1449 755 1499 possis
794 1449 1010 1487 considera.
1083 1450 1254 1487 Putasne
1292 1458 1330 1488 te
1373 1463 1490 1499 posse
1532 1452 1582 1489 de
1605 1465 1644 1486 20

252 1514 430 1552 maximis
459 1514 801 1564 acerbissimisque
832 1515 958 1560 rebus,
983 1527 1072 1552 cum
1103 1527 1261 1552 causam
1293 1514 1489 1553 sociorum
1512 1517 1582 1554 sor-

251 1588 445 1629 tunasque
475 1579 710 1629 provinciae,
735 1580 793 1617 ius
824 1579 959 1629 populi
992 1579 1176 1626 Romani,
1198 1579 1426 1629 gravitatem
1462 1581 1580 1619 iudici

251 1647 461 1694 legumque
491 1645 719 1695 susceperis,
753 1653 809 1683 tot
840 1658 898 1683 res
935 1652 1015 1682 tarn
1049 1644 1185 1695 gravis,
1209 1653 1288 1682 tam
1318 1645 1441 1683 varias
1471 1660 1578 1693 voce,

192 1722 230 1760 38
252 1712 449 1755 memoria,
484 1709 660 1755 consilio,
695 1709 854 1759 ingenio
893 1710 1116 1748 sustinere?
1178 1711 1349 1748 Putasne
1388 1719 1425 1749 te
1466 1724 1582 1760 posse

250 1789 352 1826 quae
384 1777 428 1815 C.
458 1777 598 1814 Verres
633 1775 672 1812 in
704 1782 924 1825 quaestura,
960 1788 1061 1825 quae
1095 1775 1135 1813 in
1169 1775 1375 1824 legatione,
1409 1789 1510 1825 quae
1540 1777 1577 1814 in
1602 1790 1640 1822 ²5
1767 1790 1769 1817 ι

250 1849 438 1891 praetura,
462 1854 562 1890 quae
586 1842 750 1886 Romae,
774 1854 875 1890 quae
897 1840 935 1877 in
969 1840 1094 1887 Italia,
1117 1853 1218 1889 quae
1239 1840 1278 1877 in
1301 1840 1462 1887 Achaia,
1485 1842 1579 1880 Asia

252 1905 560 1956 Pamphyliaque
582 1905 762 1955 peccarit,
787 1919 842 1950 ea,
867 1920 986 1956 quem
1017 1907 1067 1944 ad
1097 1907 1259 1944 moduni
1282 1905 1377 1943 locis
1399 1907 1580 1956 tempori-

250 1971 404 2021 busque
430 1971 553 2009 divisa
583 1971 669 2017 sint,
694 1972 748 2010 sic
779 1972 1008 2011 criminibus
1038 1981 1076 2010 et
1106 1972 1282 2010 oratione
1311 1971 1580 2022 distinguere?

251 2037 421 2074 Putasne
452 2050 581 2086 posse,
613 2036 652 2075 id
686 2039 794 2087 quod
828 2038 866 2075 in
902 2038 984 2075 eius
1014 2037 1122 2075 modi
1151 2051 1217 2075 reo
1246 2037 1413 2075 maxime
1448 2051 1578 2075 neces-

293 2152 305 2170 1
334 2147 489 2182 tuamque
508 2144 562 2185 Dp
579 2149 606 2175 c!
618 2145 781 2186 plcrt'qur:
806 2150 838 2175 ct
856 2150 943 2174 tuam
965 2144 1002 2183 G,
1021 2156 1027 2162 ·
1053 2148 1153 2183 atque
1171 2149 1257 2174 tuam
1277 2145 1293 2173 δ
1395 2155 1431 2183 15
1459 2145 1489 2174 id
1507 2155 1572 2175 om.

248 2185 290 2223 G,
383 2196 417 2224 17
444 2188 526 2218 haec
541 2187 614 2229 (r'.3L
710 2199 748 2228 19
771 2189 846 2227 quis
857 2189 903 2218 sis
918 2187 1076 2226 DGHKZ
1166 2198 1205 2217 22
1231 2188 1498 2226 gravitatemque
1512 2186 1577 2217 ΒΨ

246 2239 287 2267 23
312 2231 504 2270 susceperis
530 2232 623 2263 cdd:
648 2232 832 2272 susciperis
862 2243 897 2260 r:
925 2231 1119 2270 susciperes
1145 2230 1200 2270 Dp
1225 2235 1254 2260 e!
1272 2232 1351 2271 plcr.
1437 2241 1492 2261 res
1508 2241 1574 2261 om.

246 2271 370 2311 DG2K.
388 2277 463 2313 post
479 2276 588 2306 varias
605 2276 699 2306 habnt
715 2276 742 2306 L
891 2285 934 2313 29
958 2284 1058 2314 posse
1082 2273 1168 2304 codd.
1192 2279 1320 2314 practer
1341 2275 1360 2304 b
1384 2275 1433 2311 (te
1459 2274 1574 2314 posse)

245 2316 318 2346 eius
336 2318 423 2347 modi
443 2318 497 2358 Dp
510 2323 538 2349 et
548 2319 625 2359 pler.
648 2331 655 2350 :
679 2320 778 2350 huius
797 2319 884 2349 modi
906 2318 960 2357 G„
987 2322 1049 2348 tres
1067 2317 1163 2357 ng„
1181 2317 1226 2348 ed.
1248 2317 1346 2348 Rom.
1370 2318 1408 2356 (i,
1427 2320 1442 2354 ξ
1467 2319 1519 2357 17)
