1715 2734
5 0 13 245 —w—-v-ffl-

165 116 431 155 ACTIONIS
454 117 514 154 IN
536 116 580 154 C.
604 117 844 153 VERREM
867 117 1165 155 SECVNDAE
1188 119 1290 155 LIB.
1317 119 1382 156 III
1443 130 1486 167 51

162 237 330 267 aratores
352 228 404 266 ita
424 228 539 266 video
561 227 734 265 deiectos
756 236 797 265 ut
819 228 863 265 iis
885 242 934 266 ne
961 228 1091 266 vicarii
1114 228 1274 278 quidem
1294 243 1486 268 successe-

161 293 246 331 rint.
307 295 416 341 Quot
431 300 599 330 aratores
620 292 855 330 adveniente
877 300 913 330 te
935 294 1088 330 fuerunt
1109 292 1189 342 agri
1214 294 1488 342 Mutycensis?

160 356 376 395 Videamus
415 370 461 394 ex
494 356 628 394 litteris
663 357 839 405 publicis.
909 368 1121 394 CLxxxvll.
1195 357 1332 405 Quid?
1381 372 1486 396 anno

160 421 302 460 tertio?
359 433 528 458 LXXXVI.
589 421 759 459 Centum
800 429 837 458 et
876 434 997 458 unum
1037 429 1206 459 aratores
1248 435 1349 459 unus
1397 435 1487 472 ager

121 485 267 526 5istius
306 486 445 523 iniuria
483 485 689 531 desiderat,
731 494 848 535 atque
888 487 988 523 adeo
1027 494 1158 523 nostra
1206 499 1265 524 res
1316 487 1483 536 publica,

158 550 344 600 quoniam
393 550 457 587 illa
504 550 639 600 populi
681 550 851 587 Romani
891 550 1092 599 vectigalia
1131 558 1231 597 sunt,
1274 552 1380 589 hunc
1428 559 1486 590 tot

157 622 310 664 patrum
349 615 513 652 familias
552 628 759 652 numerum
799 615 994 652 desiderat
1039 623 1077 653 et
1124 616 1302 665 reposcit.
1381 619 1486 666 Ager

159 679 407 717 Herbitensis
437 679 563 728 primo
592 693 698 717 anno
728 680 863 717 habuit
894 688 1062 718 aratores
1090 692 1210 727 CCL11,
1235 681 1347 719 tertio
1373 693 1484 720 cxx:

157 744 248 782 hinc
283 756 428 782 CXXXII
465 752 593 794 patres
632 744 796 781 familias
833 752 1001 782 extorres
1037 747 1300 795 profugerunt.
1352 747 1484 796 Agyri-

101 824 137 846 10
157 809 288 847 nensis
319 822 631 858 ager—quorum
662 810 878 855 hominum,
913 823 1029 859 quam
1065 811 1330 856 honestorum,
1364 825 1482 861 quam

157 874 410 923 locupletium
429 878 567 912 E—CCL
603 882 772 913 aratores
812 875 949 913 habuit
983 875 1109 924 primo
1147 889 1251 914 anno
1283 885 1483 926 praeturae

156 947 254 977 tuae.
307 940 445 988 Quid?
475 940 588 978 tertio
608 942 746 978 anno?
790 952 916 986 LXXX,
940 954 1056 989 quem
1079 942 1128 978 ad
1151 943 1312 979 modum
1336 943 1482 991 legatos

156 1005 407 1054 Agyrinensis
443 1005 603 1043 recitare
638 1019 685 1043 ex
718 1005 883 1055 publicis
924 1005 1058 1043 litteris
1089 1005 1262 1043 audistis.
1332 1008 1408 1045 Pro
1442 1007 1481 1046 di

156 1069 417 1109 immortales!
458 1071 488 1108 si
519 1085 565 1109 ex
594 1071 794 1120 provincia
828 1078 910 1108 tota
941 1083 1050 1108 CLXX
1084 1079 1254 1108 aratores
1288 1071 1479 1118 eiecisses‚

98 1148 132 1179 15
155 1149 341 1185 possesne
373 1136 515 1174 severis
537 1135 733 1173 iudicibus
762 1137 889 1173 salvus
915 1137 1032 1173 esse?
1101 1136 1213 1173 Vnus
1240 1149 1330 1186 ager
1349 1136 1481 1187 Agyri-

154 1201 285 1238 nensis
319 1213 429 1238 CLXX
465 1200 682 1238 aratoribus
715 1200 868 1238 inanior
903 1214 992 1237 curn
1024 1199 1082 1246 sit,
1115 1213 1183 1238 vos
1214 1200 1480 1240 coniecturam

154 1265 270 1303 totius
296 1265 518 1315 provinciae
543 1279 675 1303 nonne
699 1265 876 1303 facietis?
942 1267 1074 1314 Atque
1115 1267 1190 1303 hoc
1216 1279 1410 1316 peraeque
1441 1266 1479 1304 in

154 1331 260 1369 omni
277 1344 370 1381 agro
387 1332 611 1369 decumano
630 1330 827 1380 reperietis
844 1346 852 1377 3
873 1330 1017 1380 quibus
1033 1330 1181 1380 aliquid
1199 1338 1328 1369 tamen
1344 1332 1480 1382 reliqui

153 1396 266 1434 fuerit
288 1411 334 1435 ex
355 1410 499 1447 magno
520 1396 766 1446 patrimonio,
783 1409 851 1434 eos
873 1395 910 1433 in
925 1395 1023 1445 agris
1041 1395 1190 1434 minore
1208 1396 1478 1444 instrumento,

95 1476 133 1497 20
154 1461 282 1499 minus
314 1462 445 1500 multis
476 1462 573 1512 iugis
604 1461 847 1507 remansisse,
876 1462 983 1510 quod
1012 1461 1250 1507 metuebant,
1284 1461 1312 1499 si
1341 1461 1480 1500 disces-

153 1526 304 1574 sissent,
344 1541 393 1565 ne
442 1527 608 1577 reliquas
658 1528 830 1564 fortunas
876 1525 1003 1564 omnis
1042 1525 1292 1573 amitterent,
1338 1526 1481 1576 quibus

151 1599 281 1630 autem
314 1592 385 1630 iste
416 1593 511 1630 nihil
543 1593 678 1642 reliqui
710 1594 818 1642 quod
850 1592 1056 1641 perderent
1088 1592 1239 1637 fecerat,
1270 1604 1336 1628 eos
1366 1592 1481 1640 plane

152 1670 231 1694 non
262 1659 389 1695 solum
421 1672 466 1696 ex
496 1658 605 1708 agris,
641 1672 774 1696 verum
805 1658 922 1695 etiam
954 1670 998 1694 ex
1029 1656 1250 1693 civitatibus
1281 1655 1358 1693 suis
1397 1669 1481 1705 pro-

152 1722 303 1772 fugisse.
348 1723 407 1760 Illi
431 1723 502 1772 ipsi
525 1724 591 1773 qui
607 1731 881 1768 remanserant,
903 1722 964 1759 vix
982 1724 1147 1759 decuma
1169 1734 1256 1770 pars
1272 1729 1478 1768 aratorum,

93 1799 131 1831 25
151 1787 319 1825 relicturi
340 1801 451 1837 agros
473 1802 610 1826 omnes
642 1796 759 1833 erant,
785 1787 857 1825 nisi
890 1789 941 1825 ad
971 1800 1037 1825 eos
1068 1787 1253 1823 Metellus
1276 1787 1404 1823 Roma
1425 1786 1481 1823 lit-

151 1860 249 1890 teras
272 1852 438 1890 misisset
452 1866 492 1891 se
515 1854 701 1891 decumas
724 1855 807 1902 lege
833 1852 1047 1890 Hieronica
1069 1851 1330 1895 venditurum,
1349 1858 1386 1888 et
1407 1850 1479 1888 nisi

149 1918 199 1955 ab
221 1918 265 1955 iis
287 1919 362 1955 hoc
384 1918 592 1968 petivisset,
617 1926 659 1956 ut
680 1926 849 1957 sererent
873 1932 991 1967 quam
1023 1917 1231 1967 plurimum
1251 1930 1260 1963 ς
1289 1916 1397 1964 quod
1427 1915 1480 1953 illi

150 1996 303 2031 semper
324 1982 381 2020 sui
404 1997 520 2021 causa
542 1985 721 2028 fecerant,
747 1997 834 2021 cum
860 1996 926 2020 eos
949 1996 1066 2020 nemo
1089 1988 1248 2031 rogaret,
1274 1993 1390 2029 quam
1412 1980 1479 2018 diu

151 2046 427 2096 intellegebant
463 2062 547 2086 sese
582 2048 653 2085 sibi
694 2056 731 2085 et
771 2050 918 2098 populo
954 2050 1147 2093 Romano,
1182 2059 1260 2083 non
1297 2044 1407 2082 Verri
1441 2053 1479 2083 et

92 2124 131 2153 30
150 2111 326 2161 Apronio
357 2125 492 2158 serere,
520 2112 758 2162 impendere,
786 2113 970 2150 laborare.

195 2227 207 2246 1
235 2216 286 2246 his
303 2215 391 2247 codd.
415 2216 503 2249 (item
525 2216 544 2248 Ι.
566 2217 622 2255 27Ὗ
729 2227 746 2253 3
774 2221 887 2247 nostra
901 2228 964 2247 om.
989 2216 1018 2246 O
1135 2227 1172 2254 13
1197 2216 1317 2246 litteris
1336 2215 1477 2255 pub11cis

151 2260 180 2290 O
202 2263 231 2289 (S
252 2260 331 2297 225)
481 2271 517 2298 14
544 2266 695 2291 aratores
715 2260 744 2289 Ο
764 2272 769 2290 :
795 2271 858 2291 om.
875 2266 898 2300 j>
916 2261 979 2292 rell,
1129 2271 1170 2290 ρο
1195 2260 1281 2298 iugis
1297 2259 1345 2289 cO
1363 2271 1369 2289 x
1395 2260 1476 2290 locis

143 2308 167 2342 p
185 2303 241 2332 rell
370 2303 607 2334 discessissent
627 2304 657 2333 O
675 2315 680 2332 ε
708 2313 830 2335 recesS.
845 2309 869 2343 p
888 2304 951 2335 rell.
974 2316 978 2333 z
1005 2304 1132 2335 decess.
1155 2303 1264 2333 Muell.
1434 2314 1475 2342 23

150 2347 248 2376 etiarn
269 2345 320 2376 O:
347 2357 411 2378 om.
428 2351 452 2385 p
469 2346 533 2376 rell.
659 2349 700 2377 26
724 2357 759 2376 se
780 2347 849 2377 cO:
873 2358 937 2378 om.
955 2352 978 2387 p
995 2347 1059 2377 rell.
1183 2347 1223 2375 28
1248 2347 1300 2376 sui
1317 2346 1389 2377 cO:
1414 2357 1473 2377 sua

144 2394 168 2428 p
187 2390 320 2428 (erravit
335 2389 476 2429 Zumpt)
494 2390 557 2421 rell.
581 2389 673 2429 (Div.
694 2394 708 2428 ξ
729 2392 784 2428 21)

1510 136 1571 158 120

1502 979 1552 1017 52

1505 1040 1561 1061 121
