1715 2734
115 780 152 801 10

117 1104 150 1135 ¹5

112 1427 151 1448 20

111 1754 148 1786 25

178 70 446 109 ACTIONIS
469 70 528 106 IN
551 70 596 107 C.
614 70 853 106 VERREM
876 69 1174 107 SECVNDAE
1197 69 1300 106 LIB.
1325 69 1389 105 III
1449 68 1498 104 28
1520 74 1560 105 68

177 193 218 218 se
237 181 287 218 ad
308 186 596 229 recuperatores
617 192 701 217 esse
726 178 933 217 dicturum.
994 180 1074 216 Iste
1094 178 1352 227 aequissimus
1377 179 1499 217 homo

176 244 425 283 formidinem
464 244 569 281 illam
609 257 719 281 suam
759 243 908 281 miseris
940 242 1251 293 Agyrinensibus
1290 241 1498 281 iniciebat:

176 316 464 358 recuperatores
512 322 554 346 se
601 309 651 346 de
699 309 861 346 cohorte
909 321 979 345 sua
1032 309 1214 345 daturum
1264 307 1496 345 minabatur.

175 373 446 422 Agyrinenses,
464 372 532 410 viri
546 372 754 418 fortissimi,
772 372 918 410 iudicio
940 386 980 410 se
996 385 1178 422 passuros
1198 385 1283 410 esse
1300 371 1496 410 dicebant.

175 438 382 488 Ingerebat
406 438 478 476 iste
499 438 794 476 Artemidorum
821 437 1050 476 Cornelium
1076 436 1275 475 medicum
1298 444 1335 474 et
1356 438 1498 487 Tlepo·
1519 443 1561 484 69

173 503 319 540 lemum
359 502 587 542 Cornelium
626 501 817 552 pictorem
851 509 890 539 et
928 501 1011 539 eius
1051 501 1158 540 modi
1195 509 1497 551 recuperatores,

172 581 339 616 quorum
361 567 454 606 civis
477 569 683 605 Romanus
707 581 826 605 nemo
848 574 938 614 erat,
964 568 1033 605 sed
1063 566 1202 605 Graeci
1224 566 1399 616 sacrilegi
1421 566 1498 604 iarn

173 632 323 682 pridem
351 632 530 683 improbi,
558 640 718 682 repente
748 631 931 671 Cornelii.
992 631 1194 670 Videbant
1222 631 1496 681 Agyrinenses,

172 697 362 747 quicquid
401 699 452 736 ad
486 711 554 736 eos
589 705 879 747 recuperatores
913 697 1113 746 Apronius
1145 696 1349 743 attulisset,
1388 697 1498 735 illum

171 762 352 812 perfacile
384 763 665 812 probaturum:
705 761 962 800 condemnari
994 776 1084 799 cum
1120 761 1229 799 istius
1264 761 1411 799 invidia
1445 761 1499 799 in-

171 826 367 876 famiaque
391 828 590 865 malebant
615 841 734 877 quam
755 828 806 865 ad
828 826 910 864 eius
936 826 1193 865 condiciones
1214 826 1498 875 pactionesque

169 892 367 929 accedere.
428 892 681 939 Quaerebant
711 905 812 940 quae
843 890 882 928 in
912 892 1030 929 verba
1057 898 1348 940 recuperatores
1375 892 1495 928 daret.

172 957 465 1007 Respondebat,
490 959 530 995 S1
554 970 744 995 PARERET
760 969 971 995 ADVERsvs
993 969 1178 994 EDICTVM
1205 968 1391 1003 FECISSE,
1420 970 1498 1006 qua

172 1022 210 1060 in
231 1036 270 1060 re
292 1022 330 1060 in
360 1022 507 1060 iudicio
534 1022 731 1061 dicturum
762 1036 846 1061 esse
871 1022 1010 1060 aiebat.
1073 1021 1335 1071 Iniquissimis
1356 1020 1494 1067 verbis,

172 1086 470 1136 improbissimis
510 1087 846 1137 recuperatoribus
885 1086 1100 1125 conflictari
1140 1087 1339 1124 malebant
1377 1100 1495 1136 quam

171 1152 383 1202 quicquam
413 1166 503 1190 cum
532 1152 606 1191 isto
636 1166 706 1191 sua
735 1154 936 1190 voluntate
963 1151 1156 1190 decidere.
1217 1150 1496 1189 Summittebat

170 1216 241 1255 iste
265 1217 559 1255 Timarchidem
587 1217 655 1267 qui
689 1225 867 1256 moneret
896 1231 975 1263 eos,
1007 1216 1038 1254 si
1068 1223 1258 1265 saperent,
1291 1223 1334 1253 ut
1363 1215 1496 1254 transi-

167 1290 312 1332 gerent.
349 1283 630 1332 Pernegabant.
677 1282 807 1331 ‘Quid
825 1283 945 1331 ergo?
969 1281 1008 1319 in
1030 1281 1202 1330 singulos
1219 1282 1289 1319 Hs
1306 1279 1496 1330 quinqua-

168 1347 277 1398 genis
307 1347 464 1386 milibus
491 1347 668 1386 damnari
698 1347 929 1385 mavultis?'
988 1348 1109 1384 Malle
1134 1346 1330 1384 dicebant.
1391 1347 1495 1383 Tum

169 1412 241 1451 iste
261 1415 362 1451 clare
389 1413 573 1451 omnibus
597 1412 859 1459 audientibus,
887 1411 989 1461 ‘Qui
1009 1413 1219 1450 damnatus
1240 1411 1334 1458 erit,’
1355 1410 1493 1461 inquit,

172 1478 307 1528 ‘virgis
335 1479 386 1516 ad
417 1492 554 1516 necem
585 1479 793 1516 caedetur.’
853 1477 932 1516 Hic
963 1477 1016 1515 illi
1046 1479 1184 1515 flentes
1214 1490 1348 1526 rogare
1376 1484 1495 1526 atque

168 1555 276 1580 orare
319 1550 533 1592 coeperunt
576 1551 619 1580 ut
661 1542 734 1580 sibi
778 1556 866 1580 suas
906 1549 1056 1592 segetes
1100 1543 1327 1590 fructusque
1365 1542 1494 1579 omnis

167 1607 440 1658 arationesque
479 1621 620 1646 vacuas
645 1607 823 1657 Apronio
855 1608 1006 1646 tradere
1045 1606 1188 1653 liceret,
1225 1613 1267 1644 ut
1299 1605 1372 1655 ipsi
1411 1605 1494 1645 sine

169 1672 383 1722 ignominia
403 1672 661 1722 molestiaque
682 1672 939 1710 discederent.

225 1738 314 1774 Hac
335 1738 429 1786 lege,
453 1736 615 1783 iudices,
637 1737 824 1775 decumas
853 1736 1030 1775 vendidit
1052 1738 1204 1774 Verres.
1265 1735 1383 1774 Dicat
1403 1735 1494 1774 licet
1517 1750 1556 1784 70

170 1801 418 1849 Hortensius,
456 1802 487 1840 si
519 1804 632 1849 volet,
665 1816 809 1852 magno
839 1804 1001 1840 Verrem
1036 1803 1224 1840 decumas
1253 1801 1490 1840 vendidisse.

169 1869 282 1905 Haec
312 1866 495 1905 condicio
521 1866 592 1904 fuit
622 1866 696 1904 isto
721 1874 899 1916 praetore
923 1874 1129 1913 aratorum,
1160 1874 1202 1904 ut
1226 1880 1360 1904 secum
1386 1880 1492 1916 prae·
1512 1874 1566 1910 29

211 1981 229 2008 4
255 1970 377 2001 iudicio
400 1970 459 2001 VO
478 1971 537 2007 fiii,
556 1972 642 2007 §fior
660 1981 665 2000 z
695 1971 851 2000 iudicium
864 1976 889 2010 p
907 1971 974 2001 rell.
1064 1981 1094 2009 5,
1112 1972 1133 2000 6
1156 1970 1407 2001 Artemidorum
1426 1995 1433 2002 .
1453 1995 1460 2002 .
1479 1995 1487 2002 .

170 2014 329 2053 pictorem
359 2014 418 2044 VO
441 2015 519 2053 (nisi
540 2014 631 2053 quod
651 2013 935 2044 Artemidolorum
958 2015 1051 2044 hahet
1078 2014 1116 2053 V,
1142 2019 1176 2044 ut
1202 2014 1249 2044 -T-
1276 2014 1489 2053 lepodemum

171 2057 240 2092 03:
263 2058 510 2087 Artemidorum
539 2057 702 2088 medicum
733 2057 929 2088 Cornelium
959 2059 1122 2097 pictorem
1152 2064 1184 2088 et
1211 2057 1442 2096 Tlepolemum
1467 2063 1491 2097 p

170 2101 236 2130 rell.
336 2103 356 2130 6
381 2101 546 2131 eiusmodi
568 2100 597 2130 O
615 2112 621 2131 :
647 2101 786 2131 huiusce
804 2101 893 2131 modi
909 2101 955 2130 V:
983 2102 1122 2132 huiusm.
1138 2101 1221 2140 pffii,
1238 2104 1253 2138 ξ
1273 2102 1348 2138 184)
1452 2111 1490 2140 13

169 2144 196 2173 si
230 2148 362 2182 pareret
390 2143 438 2174 cO
464 2144 628 2182 &separetl
658 2144 701 2175 al.
729 2148 760 2181 (ξ
788 2154 828 2182 55
852 2149 979 2184 ,ςιφνιη
1012 2144 1088 2175 Dt'v.
1126 2149 1140 2181 ξ
1170 2146 1248 2183 56):
1284 2145 1311 2174 si
1337 2149 1434 2183 paret
1463 2145 1495 2174 V

169 2182 252 2217 adds
286 2197 350 2225 qua
367 2187 399 2216 in
419 2197 455 2216 re
469 2188 510 2216 uk
527 2199 532 2217 :
552 2188 584 2217 in
599 2197 664 2226 qua
682 2197 716 2217 re
733 2187 781 2216 V:
806 2198 871 2226 qua
885 2198 920 2218 re
933 2187 1000 2217 cO:
1025 2198 1109 2226 quae
1122 2189 1169 2227 (ὃ)
1182 2198 1218 2217 se
1236 2188 1269 2217 in
1289 2188 1353 2218 iud.
1366 2186 1488 2218 Lamb.

169 2230 203 2260 in
221 2240 286 2270 mg.
309 2230 391 2268 1584
409 2230 517 2268 (salso
533 2241 572 2260 ex
586 2229 634 2268 N)
729 2240 765 2268 14
790 2231 899 2261 aiebat
921 2230 1015 2261 VcO:
1041 2231 1172 2261 dicebat
1190 2230 1255 2261 rell.
1273 2234 1303 2267 (ξ
1318 2240 1357 2269 55
1370 2233 1489 2270 supra)

170 2283 211 2302 22
235 2283 313 2304 suas
325 2273 387 2304 sibi
409 2272 438 2303 O
545 2284 586 2313 25
615 2273 708 2304 Licet
726 2273 813 2304 dicat
833 2273 863 2305 Ο
969 2275 1010 2304 26
1034 2274 1191 2304 decumas
1213 2274 1308 2304 VcO:
1334 2284 1399 2305 om.
1422 2274 1487 2305 rell.
