1715 2734
148 801 185 821 10

148 1128 184 1159 ¹5

148 1452 185 1473 20

148 1773 184 1802 25

147 2098 185 2127 30

206 91 474 130 ACTIONIS
506 91 566 128 IN
600 90 644 128 C.
666 89 907 126 VERREM
938 88 1237 127 SECVNDAE
1269 88 1372 125 LIB.
1396 89 1432 124 V
1483 88 1527 123 61
1553 92 1611 133 158

204 216 351 251 umque
407 200 648 251 Reginorum
707 199 940 238 testimoniis
1001 200 1293 247 multorumque
1351 197 1528 248 equitum

208 269 485 307 Romanorum
505 265 572 315 qui
599 278 691 302 casu
719 271 801 302 tum
830 265 1039 301 Messanae
1066 264 1233 308 fuerunt,
1255 261 1349 300 dedi
1376 269 1528 300 tantum

206 331 331 381 priore
369 330 524 369 actione
562 329 720 368 testium
759 341 818 366 res
857 335 898 365 ut
933 326 1081 365 nemini
1115 325 1237 365 dubia
1268 340 1352 364 esse
1392 325 1525 376 possit.

206 396 313 445 Quid
335 409 440 433 nunc
469 396 611 444 agam?
668 395 770 433 Cum
799 393 874 430 iam
904 400 961 430 tot
989 393 1103 429 horas
1133 392 1184 429 de
1211 405 1291 429 uno
1315 405 1456 441 genere
1483 406 1529 429 ac
1558 407 1614 440 159

205 462 254 498 (16
292 460 401 498 1511115
442 458 587 497 nefaria
625 458 854 496 crudelitate
895 457 1036 502 dicam,
1077 470 1168 493 cum
1207 470 1329 506 prope
1368 470 1528 495 omnem

204 525 281 562 vim
313 526 521 563 verborum
552 524 634 562 eius
674 523 792 570 modi,
828 536 928 572 quae
963 523 1107 560 scelere
1142 521 1250 559 istius
1285 521 1403 571 digna
1441 521 1528 569 sint,

203 590 287 627 aliis
326 589 366 627 in
404 590 519 627 rebus
559 587 881 637 consumpserim,
922 600 1050 635 neque
1090 587 1166 624 1106
1206 586 1453 636 providerim,
1488 594 1529 624 ut

204 655 387 692 varietate
414 654 620 691 criminum
644 667 712 690 vos
739 660 908 690 attentos
935 659 1121 698 tenerem,
1143 665 1262 701 quem
1287 653 1337 690 ad
1365 653 1527 690 modum

204 721 253 758 de
275 727 382 757 tanta
408 733 448 756 re
477 719 636 757 dicam?
692 717 855 766 Opinor,
877 730 978 754 unus
1009 717 1150 754 modus
1180 724 1298 766 atque
1327 730 1405 754 una
1432 717 1529 755 ratio

205 792 289 831 est3
318 798 398 822 rem
420 784 459 821 in
482 782 613 821 medio
642 795 817 832 ponam,
845 795 945 830 quae
973 788 1125 818 tantum
1152 781 1270 819 habet
1300 781 1383 831 ipsa
1411 781 1530 831 gravi-

205 850 291 888 tatis
326 857 368 887 ut
399 862 528 898 neque
562 861 659 894 mea,
688 861 788 897 quae
823 848 928 884 nulla
958 854 1026 893 est,
1058 860 1186 896 neque
1216 846 1448 896 cuiusquam
1477 848 1528 885 ad

204 916 506 953 inflammandos
536 921 684 951 vestros
713 912 866 950 animos
897 912 1122 962 eloquentia
1152 912 1378 961 requiratur.

258 978 403 1017 Gavius
435 978 498 1016 hic
533 991 651 1027 quem
685 977 787 1023 dico,
819 978 1038 1023 Consanus,
1070 990 1160 1014 curn
1195 976 1234 1013 in
1268 976 1335 1015 illo
1364 990 1528 1015 numero
1555 987 1614 1018 160

205 1046 348 1083 civium
384 1046 655 1081 Romanorum
693 1043 743 1080 ab
778 1041 852 1079 isto
891 1041 930 1078 in
962 1041 1090 1079 vincla
1120 1041 1322 1079 coniectus
1357 1049 1457 1080 esset
1491 1049 1529 1080 et

205 1110 338 1148 nescio
377 1122 454 1158 qua
487 1107 636 1146 ratione
675 1109 775 1144 clam
814 1120 835 1145 e
873 1106 1071 1144 lautumiis
1110 1105 1342 1156 profugisset
1382 1108 1529 1144 Messa-

205 1189 374 1224 namque
412 1173 591 1219 venisset‚
633 1172 701 1223 qui
734 1180 813 1210 tam
853 1185 974 1221 prope
1012 1171 1089 1208 iam
1122 1170 1275 1208 Italiam
1306 1178 1343 1208 et
1373 1170 1529 1209 moenia

209 1240 458 1289 Reginorum,
490 1237 635 1275 civium
671 1240 954 1282 Romanorum,
988 1235 1137 1274 videret
1169 1243 1207 1273 et
1241 1249 1286 1274 ex
1321 1236 1387 1274 illo
1421 1243 1528 1274 metu

206 1304 338 1342 mortis
376 1317 422 1341 ac
460 1302 630 1340 tenebris
669 1301 779 1352 quasi
813 1303 901 1339 luce
935 1300 1121 1338 libertatis
1161 1308 1198 1338 et
1237 1302 1358 1338 odore
1395 1300 1528 1351 aliquo

205 1372 332 1419 legum
361 1375 553 1407 recreatus
583 1367 791 1413 revixisset,
813 1365 921 1416 loqui
953 1367 1162 1403 Messanae
1192 1373 1229 1404 et
1260 1365 1368 1415 queri
1398 1366 1528 1416 coepit

205 1449 244 1472 se
266 1434 391 1472 civem
414 1435 640 1470 Romanum
667 1431 706 1469 in
727 1431 854 1469 vincla
881 1430 1115 1477 coniectum,
1135 1431 1208 1469 sibi
1228 1438 1333 1469 recta
1353 1430 1423 1469 iter
1443 1445 1528 1469 esse

206 1502 388 1544 Romam,
410 1496 521 1535 Verri
542 1510 583 1534 se
603 1502 756 1546 praesto
776 1495 1001 1533 advenienti
1023 1497 1205 1532 futurum.
1267 1497 1359 1533 Non
1382 1496 1528 1534 intelle-
1549 1497 1603 1534 62

203 1564 318 1612 gebat
348 1562 464 1600 miser
490 1561 586 1599 nihil
613 1561 799 1598 interesse
830 1567 957 1598 utrum
981 1561 1078 1598 haec
1107 1562 1316 1598 Messanae
1344 1574 1394 1598 an
1421 1563 1528 1610 apud

204 1629 320 1666 istum
359 1628 399 1665 in
433 1625 626 1676 praetorio
655 1627 903 1675 loqueretur3
942 1639 1045 1671 nam,
1077 1632 1119 1663 ut
1153 1633 1268 1663 antea
1297 1639 1366 1664 vos
1398 1626 1526 1674 docui,

204 1694 305 1730 hanc
337 1691 410 1729 sibi
441 1691 513 1728 iste
546 1690 683 1728 urbem
717 1691 913 1739 delegerat
945 1704 1063 1739 quam
1103 1691 1263 1728 haberet
1299 1690 1527 1729 adiutricem

205 1759 406 1803 scelerum,
438 1757 625 1793 furtorum
655 1754 920 1804 receptricem,
958 1754 1191 1804 flagitiorum
1227 1755 1404 1793 omnium
1440 1770 1529 1793 6011-

204 1822 334 1860 sciam.
409 1822 548 1870 Itaque
585 1822 635 1858 ad
668 1820 933 1870 magistratum
975 1821 1256 1859 Mamertinum
1297 1821 1426 1859 statim
1465 1822 1529 1859 de-

204 1886 358 1925 ducitur
379 1885 534 1932 Gavius,
551 1899 678 1934 eoque
699 1885 784 1936 ipso
806 1886 869 1924 die
890 1900 982 1924 casu
1007 1888 1234 1924 Messanam
1249 1889 1388 1924 Verres
1409 1886 1525 1924 venit.

206 1953 284 1988 Res
314 1952 364 1989 ad
395 1964 483 1988 eum
513 1951 692 1996 defertur,
723 1964 808 1988 esse
838 1950 962 1988 civem
995 1952 1221 1989 Romanum
1253 1951 1319 2001 qui
1350 1965 1391 1989 se
1421 1954 1527 2000 Syra-

203 2016 305 2053 cusis
326 2015 366 2052 in
386 2014 584 2052 lautumiis
604 2015 722 2052 fuisse
742 2023 965 2064 quereretur
982 2030 989 2061 ;
1009 2029 1126 2064 quem
1143 2015 1218 2053 iam
1242 2016 1525 2065 ingredientem

205 2080 243 2118 in
276 2094 413 2118 navem
445 2088 482 2118 et
506 2079 617 2118 Verri
643 2079 758 2117 nimis
786 2080 966 2118 atrociter
993 2080 1239 2119 minitantem
1264 2082 1314 2119 ab
1343 2095 1383 2119 se
1414 2089 1526 2119 retra-

248 2195 267 2223 3
293 2184 398 2222 possit
416 2183 558 2222 Rqua:
584 2188 698 2222 posset
715 2183 784 2214 edd.
948 2185 967 2213 8
992 2189 1142 2214 attentos
1160 2184 1188 2214 S
1206 2184 1268 2214 J-cll.
1289 2196 1295 2214 1
1320 2184 1476 2215 adtentos
1493 2185 1526 2214 R

209 2238 241 2257 11
271 2228 451 2265 cuiuspiam
464 2232 488 2266 j>
582 2237 620 2265 13
644 2227 719 2257 dico
738 2237 880 2257 cosanus
896 2227 945 2266 Sp
963 2238 970 2257 z
995 2227 1176 2258 dicosanus
1192 2228 1225 2258 R
1326 2237 1362 2266 15
1387 2239 1405 2258 e
1421 2239 1487 2258 om.
1507 2241 1526 2256 π

209 2281 243 2308 17
271 2271 332 2300 civ.
352 2271 451 2300 Rom.
471 2271 567 2300 01η.δ
586 2271 629 2310 (cl
644 2269 663 2300 Ι.
683 2278 739 2299 2οἰ
874 2279 915 2307 23
942 2271 1048 2308 ipsum
1068 2272 1083 2299 δ
1216 2281 1255 2309 27
1281 2271 1417 2309 gravius
1434 2272 1479 2310 R,
1498 2275 1527 2302 cl

200 2320 251 2354 pr.
272 2314 300 2344 S
431 2324 473 2352 30
496 2314 535 2343 ab
552 2324 589 2343 se
606 2312 711 2342 Halm
729 2324 735 2341 τ
759 2313 799 2342 ad
818 2322 852 2342 se
870 2311 953 2342 RS:
978 2324 996 2343 a
1012 2323 1049 2343 se
1060 2315 1104 2352 p5

1379 2401 1438 2431 29*
