1715 2734
170 85 437 123 ACTIONIS
461 86 520 122 IN
543 86 588 123 C.
610 86 849 122 VERREM
872 85 1170 123 SECVNDAE
1193 86 1294 122 LIB.
1321 86 1385 122 ΙΙΙ
1438 93 1488 132 47
1512 101 1570 131 κιρ,

169 201 251 232 sata
271 202 401 232 essent
421 194 460 232 in
487 208 579 244 agro
606 195 812 234 Leontino.
873 194 1026 244 Quodsi
1054 194 1135 232 fieri
1165 208 1245 233 non
1272 202 1424 244 poterat
1447 202 1489 233 ut

168 261 254 310 plus
289 272 407 308 quam
447 272 474 297 x
513 259 713 298 medimna
752 274 797 298 ex
835 259 967 309 iugero
1003 267 1213 306 exararent,
1242 259 1487 297 medimnum

168 330 292 361 autem
332 338 378 362 ex
408 324 541 374 iugero
575 326 797 363 decumano
829 325 911 363 dari
943 325 1160 373 oportebat,
1194 337 1283 362 cum
1316 338 1416 373 ager,
1450 324 1489 362 id

168 390 276 438 quod
310 403 465 440 perraro
503 389 641 436 evenit,
688 404 778 428 cum
818 391 987 428 decumo
1026 389 1236 436 extulisset,
1273 403 1373 439 quae
1411 397 1491 427 erat

130 468 146 498 5
168 453 265 491 ratio
285 454 524 501 decumanis,
548 454 742 504 siquidem
772 456 962 493 decumae
987 467 1032 492 ac
1060 467 1140 491 non
1172 454 1275 491 bona
1305 453 1490 491 venibant

166 526 373 565 aratorum,
393 527 434 556 ut
455 519 630 568 pluribus
652 519 854 569 aliquanto
877 518 1086 557 medimnis
1110 520 1296 556 decumas
1317 527 1491 556 emerent

167 595 285 630 quam
307 582 437 632 iugera
457 585 696 622 erantsata?
754 585 801 621 In
828 584 1024 622 Leontino
1055 583 1229 633 iugerum
1258 583 1491 633 subscriptio

166 660 211 684 ac
232 647 420 696 professio
442 662 521 686 non
543 657 600 686 est
630 650 716 699 plus
737 650 826 686 H}
844 664 852 696 3
883 650 1073 687 decumae
1094 660 1225 685 xxxvi
1245 648 1489 686 medimnum

167 712 379 750 venierunt.
441 713 590 751 Erravit
620 727 669 751 an
700 714 829 763 potius
864 713 1045 751 insanivit
1075 713 1302 763 Apronius?
1360 715 1490 751 Immo
1508 717 1561 761 48

110 793 147 813 ιο
167 784 250 813 tum
276 776 492 824 insanisset,
517 778 547 815 si
568 779 784 816 aratoribus
807 778 846 816 id
868 780 976 828 quod
997 779 1185 816 deberent
1206 778 1354 816 licitum
1377 787 1488 825 esset,

167 849 204 878 et
225 855 304 879 non
326 844 433 891 quod
450 843 648 892 Apronius
671 844 897 893 imperasset
916 857 1075 882 necesse
1096 843 1230 881 fuisset
1251 844 1353 881 dare.

220 906 259 944 Si
280 909 485 945 ostendam
509 907 637 945 minus
660 908 781 946 tribus
804 908 1012 946 medimnis
1035 908 1074 945 in
1095 908 1270 958 iugerum
1292 907 1490 946 neminem
1517 924 1574 954 ¹14

166 970 322 1009 dedisse
344 973 545 1019 decumae,
571 975 780 1021 concedes,
800 973 951 1023 opinor,
978 981 1019 1011 ut
1041 987 1130 1011 cum
1152 975 1323 1012 decumo
1347 974 1491 1011 fructus

165 1036 348 1074 arationis
388 1045 594 1086 perceptus
633 1037 692 1084 sit,
734 1038 933 1075 neminem
977 1037 1106 1074 minus
1146 1036 1268 1075 tribus
1315 1037 1492 1075 decumis

107 1113 142 1145 ις.
165 1100 331 1139 dedisse.
391 1103 523 1151 Atque
552 1103 626 1140 hoc
648 1102 687 1140 in
708 1102 875 1141 benefici
901 1104 989 1141 loco
1019 1101 1183 1152 petitum
1211 1109 1267 1139 est
1291 1102 1340 1139 ab
1371 1104 1495 1152 Apro-

165 1164 242 1212 nio,
267 1174 308 1203 ut
338 1166 377 1203 in
403 1166 532 1216 iugera
564 1167 716 1217 singula
746 1167 864 1205 ternis
894 1166 1104 1205 medimnis
1135 1166 1317 1204 decidere
1346 1166 1493 1206 liceret.

166 1231 269 1267 Nam
291 1244 380 1268 cum
403 1245 425 1268 a
448 1231 578 1269 multis
601 1239 800 1281 quaterna,
817 1231 933 1269 etiam
957 1231 1076 1281 quina
1092 1231 1343 1281 exigerentur,
1361 1232 1492 1269 multis

163 1302 295 1332 autern
327 1308 406 1333 non
438 1298 558 1334 modo
586 1310 748 1345 granum
781 1297 944 1342 nullum,
988 1297 1057 1334 sed
1087 1310 1136 1333 ne
1166 1297 1300 1346 paleae
1332 1296 1491 1345 quidem

166 1373 211 1397 ex
231 1360 339 1397 omni
367 1361 493 1398 fructu
520 1369 638 1410 atque
668 1376 714 1400 ex
743 1375 877 1399 annuo
903 1361 1036 1399 labore
1061 1361 1379 1410 relinquerentur,
1410 1369 1491 1398 tum

107 1440 147 1461 20
166 1433 334 1462 aratores
349 1426 606 1476 Centuripini,
626 1426 692 1476 qui
715 1440 900 1464 numerus
922 1426 960 1463 in
981 1439 1073 1475 agro
1090 1426 1287 1463 Leontino
1302 1425 1492 1463 maximus

165 1498 236 1536 est,
258 1503 380 1527 unum
402 1490 441 1527 in
463 1492 593 1528 locum
616 1498 895 1537 convenerunt,
921 1490 1122 1528 hominem
1154 1504 1246 1528 suae
1267 1490 1432 1528 civitatis
1453 1491 1491 1528 in

164 1554 296 1604 primis
319 1556 527 1593 honestum
543 1569 589 1593 ac
610 1555 795 1602 nobilem,
814 1557 1046 1593 Andronem
1063 1555 1376 1605 Centuripinum,
1395 1557 1492 1605 lega—

165 1628 253 1658 runt
283 1621 333 1658 ad
364 1620 596 1670 Apronium,
627 1620 816 1669 (eundem
850 1634 968 1670 quem
1003 1622 1078 1658 hoc
1115 1628 1291 1670 tempore
1322 1621 1372 1658 ad
1415 1621 1491 1658 hoc

165 1685 354 1723 iudicium
382 1687 552 1734 legatum
580 1693 617 1723 et
639 1693 777 1723 testem
800 1685 1057 1735 Centuripina
1078 1685 1211 1723 civitas
1233 1685 1364 1734 misit),
1389 1693 1430 1723 ut
1460 1686 1490 1723 is

108 1766 146 1797 25
165 1752 271 1800 apud
293 1763 382 1788 eum
410 1763 567 1788 causam
589 1757 785 1788 aratorum
806 1757 945 1799 ageret,
976 1751 1026 1788 ab
1048 1763 1174 1799 eoque
1201 1757 1349 1800 peteret
1372 1758 1414 1787 ut
1441 1750 1491 1787 ab

164 1814 380 1852 aratoribus
402 1814 668 1864 Centuripinis
693 1828 742 1852 ne
771 1814 938 1864 amplius
968 1814 1007 1852 in
1038 1814 1168 1864 iugera
1195 1814 1345 1864 singula
1372 1827 1490 1864 quam

165 1887 273 1918 terna
304 1880 503 1918 medimna
533 1880 711 1929 exigeret.
773 1881 866 1918 Hoc
895 1879 957 1917 vix
985 1880 1035 1918 ab
1058 1880 1235 1930 Apronio
1265 1879 1304 1917 in
1335 1893 1491 1917 summo
1515 1893 1573 1924 ¹15

166 1945 360 1983 beneficio
381 1958 450 1994 pro
471 1944 515 1982 iis
537 1944 604 1994 qui
626 1944 742 1982 etiam
760 1952 842 1982 tum
865 1944 1081 1982 incolumes
1103 1953 1211 1983 erant
1241 1944 1489 1994 impetratum

165 2018 233 2048 est.
294 2011 341 2047 Id
371 2023 461 2047 cum
492 2009 781 2059 impetrabatur‚
818 2010 894 2047 hoc
924 2009 1105 2047 videlicet
1136 2009 1425 2059 impetrabatur‚
1449 2017 1490 2046 ut

213 2121 225 2140 1
253 2116 367 2141 essent
393 2110 446 2140 O:
481 2115 577 2140 erant
597 2116 621 2150 p
646 2110 711 2142 rell.
867 2121 886 2140 2
912 2117 1091 2142 exararent
1115 2112 1185 2143 cO:
1221 2117 1355 2142 ararent
1376 2117 1400 2151 j>
1424 2111 1489 2143 rell.

167 2164 186 2193 3
210 2160 321 2184 autern
349 2153 455 2194 suppl.
482 2153 548 2185 edd.
772 2155 950 2193 oportebat
969 2154 999 2185 Ο
1019 2166 1026 2184 z
1050 2157 1169 2194 poterit
1188 2161 1212 2196 p
1237 2156 1300 2187 rell.
1328 2157 1362 2196 (i,
1390 2158 1404 2192 ξ
1433 2158 1487 2194 75N

166 2208 187 2237 9
210 2203 265 2227 aut
283 2197 392 2236 potius
411 2197 440 2226 O
533 2207 572 2227 10
597 2197 629 2226 id
651 2197 702 2227 O:
727 2208 792 2227 om.
809 2202 834 2235 p
852 2197 916 2228 rell.
1012 2207 1049 2226 12
1075 2200 1248 2228 ostendam
1269 2198 1321 2228 O:
1345 2200 1486 2229 ostendo

162 2246 186 2280 p
203 2240 266 2272 rell.
402 2250 440 2278 13
464 2241 605 2271 decumo
623 2240 669 2270 cO
687 2251 692 2268 z
719 2241 903 2270 decumano
917 2245 940 2279 p
958 2240 1023 2272 rell.
1168 2251 1206 2279 15
1230 2241 1334 2280 Atqui
1352 2241 1485 2272 Hotom.

170 2284 207 2313 18
231 2283 356 2314 nullum
375 2283 445 2314 cO:
470 2283 570 2314 ullum
584 2288 609 2323 p
626 2283 690 2314 rell.
814 2284 855 2314 28
880 2284 932 2314 his
952 2283 1006 2313 Οπ
