<?xml version="1.0" encoding="UTF-8"?>
<!DOCTYPE html PUBLIC "-//W3C//DTD XHTML 1.0 Transitional//EN"
    "http://www.w3.org/TR/xhtml1/DTD/xhtml1-transitional.dtd">
<html xmlns="http://www.w3.org/1999/xhtml" xml:lang="en" lang="en">
 <head>
  <title>
</title>
<meta http-equiv="Content-Type" content="text/html;charset=utf-8" />
  <meta name='ocr-system' content='tesseract 3.04.00' />
  <meta name='ocr-capabilities' content='ocr_page ocr_carea ocr_par ocr_line ocrx_word'/>
</head>
<body>
  <div class='ocr_page' id='page_1' title='image "./orationesrecogno03ciceuoft/orationesrecogno03ciceuoft_0360.png"; bbox 0 0 1715 2734; ppageno 0'>
   <div class='ocr_carea' id='block_1_1' title="bbox 182 102 225 130">
    <p class='ocr_par' dir='ltr' id='par_1_1' title="bbox 182 102 225 130">
     <span class='ocr_line' id='line_1_1' title="bbox 182 102 225 130; baseline 0 0"><span class='ocrx_word' id='word_1_1' title='bbox 182 102 225 130; x_wconf 85' lang='lat'>21</span> 
     </span>
    </p>
   </div>
   <div class='ocr_carea' id='block_1_2' title="bbox 179 190 225 280">
    <p class='ocr_par' dir='ltr' id='par_1_2' title="bbox 179 190 225 280">
     <span class='ocr_line' id='line_1_2' title="bbox 182 190 225 216; baseline 0 0"><span class='ocrx_word' id='word_1_2' title='bbox 182 190 225 216; x_wconf 87' lang='lat'>21</span> 
     </span>
     <span class='ocr_line' id='line_1_3' title="bbox 179 239 224 280; baseline 0 -10"><span class='ocrx_word' id='word_1_3' title='bbox 179 239 224 280; x_wconf 84' lang='lat'>46</span> 
     </span>
    </p>
   </div>
   <div class='ocr_carea' id='block_1_3' title="bbox 165 1393 207 1426">
    <p class='ocr_par' dir='ltr' id='par_1_3' title="bbox 165 1393 207 1426">
     <span class='ocr_line' id='line_1_4' title="bbox 165 1393 207 1426; baseline 0.024 -1"><span class='ocrx_word' id='word_1_4' title='bbox 165 1393 207 1426; x_wconf 87' lang='lat'>47</span> 
     </span>
    </p>
   </div>
   <div class='ocr_carea' id='block_1_4' title="bbox 246 96 1209 140">
    <p class='ocr_par' dir='ltr' id='par_1_4' title="bbox 246 96 1209 140">
     <span class='ocr_line' id='line_1_5' title="bbox 246 96 1209 140; baseline 0.006 -10"><span class='ocrx_word' id='word_1_5' title='bbox 246 98 288 140; x_wconf 82' lang='lat'>46</span> <span class='ocrx_word' id='word_1_6' title='bbox 611 96 667 133; x_wconf 89' lang='lat' dir='ltr'>M.</span> <span class='ocrx_word' id='word_1_7' title='bbox 700 97 869 135; x_wconf 87' lang='lat' dir='ltr'>TVLLI</span> <span class='ocrx_word' id='word_1_8' title='bbox 901 96 1209 136; x_wconf 82' lang='lat' dir='ltr'>C1cERoN1s</span> 
     </span>
    </p>
   </div>
   <div class='ocr_carea' id='block_1_5' title="bbox 243 203 1578 452">
    <p class='ocr_par' dir='ltr' id='par_1_5' title="bbox 243 203 1578 452">
     <span class='ocr_line' id='line_1_6' title="bbox 301 203 1578 252; baseline 0.003 -10"><span class='ocrx_word' id='word_1_9' title='bbox 301 205 425 242; x_wconf 89' lang='lat' dir='ltr'>Iactat</span> <span class='ocrx_word' id='word_1_10' title='bbox 455 217 495 243; x_wconf 90' lang='lat' dir='ltr'>se</span> <span class='ocrx_word' id='word_1_11' title='bbox 526 203 601 242; x_wconf 89' lang='lat' dir='ltr'>iam</span> <span class='ocrx_word' id='word_1_12' title='bbox 632 205 784 243; x_wconf 91' lang='lat' dir='ltr'>dudum</span> <span class='ocrx_word' id='word_1_13' title='bbox 812 206 863 243; x_wconf 91' lang='lat' dir='ltr'>de</span> <span class='ocrx_word' id='word_1_14' title='bbox 888 204 1055 252; x_wconf 83' lang='lat' dir='ltr'>Calidio,</span> <span class='ocrx_word' id='word_1_15' title='bbox 1080 213 1206 244; x_wconf 89' lang='lat' dir='ltr'>narrat</span> <span class='ocrx_word' id='word_1_16' title='bbox 1231 205 1416 244; x_wconf 87' lang='lat' dir='ltr'>omnibus</span> <span class='ocrx_word' id='word_1_17' title='bbox 1437 206 1578 247; x_wconf 85' lang='lat' dir='ltr'><strong>emisse</strong></span> 
     </span>
     <span class='ocr_line' id='line_1_7' title="bbox 244 269 1576 321; baseline 0.002 -14"><span class='ocrx_word' id='word_1_18' title='bbox 244 282 295 308; x_wconf 89' lang='lat' dir='ltr'>se.</span> <span class='ocrx_word' id='word_1_19' title='bbox 357 271 463 308; x_wconf 89' lang='lat' dir='ltr'>Num</span> <span class='ocrx_word' id='word_1_20' title='bbox 503 269 620 308; x_wconf 88' lang='lat' dir='ltr'>etiam</span> <span class='ocrx_word' id='word_1_21' title='bbox 661 271 711 308; x_wconf 92' lang='lat' dir='ltr'>de</span> <span class='ocrx_word' id='word_1_22' title='bbox 752 272 793 308; x_wconf 93' lang='lat' dir='ltr'>L.</span> <span class='ocrx_word' id='word_1_23' title='bbox 833 270 1009 321; x_wconf 85' lang='lat' dir='ltr'>Papinio,</span> <span class='ocrx_word' id='word_1_24' title='bbox 1045 271 1127 310; x_wconf 91' lang='lat' dir='ltr'>viro</span> <span class='ocrx_word' id='word_1_25' title='bbox 1162 270 1356 321; x_wconf 88' lang='lat' dir='ltr'>primario,</span> <span class='ocrx_word' id='word_1_26' title='bbox 1389 272 1576 321; x_wconf 82' lang='lat' dir='ltr'>locupleti</span> 
     </span>
     <span class='ocr_line' id='line_1_8' title="bbox 243 335 1576 386; baseline 0.002 -14"><span class='ocrx_word' id='word_1_27' title='bbox 243 335 491 385; x_wconf 86' lang='lat' dir='ltr'>honestoque</span> <span class='ocrx_word' id='word_1_28' title='bbox 512 335 644 385; x_wconf 86' lang='lat' dir='ltr'>equite</span> <span class='ocrx_word' id='word_1_29' title='bbox 659 337 855 382; x_wconf 88' lang='lat' dir='ltr'>Romano,</span> <span class='ocrx_word' id='word_1_30' title='bbox 872 335 1085 375; x_wconf 88' lang='lat' dir='ltr'>turibulum</span> <span class='ocrx_word' id='word_1_31' title='bbox 1108 336 1266 374; x_wconf 85' lang='lat' dir='ltr'>emisti?</span> <span class='ocrx_word' id='word_1_32' title='bbox 1295 336 1361 386; x_wconf 89' lang='lat' dir='ltr'>qui</span> <span class='ocrx_word' id='word_1_33' title='bbox 1383 350 1454 386; x_wconf 91' lang='lat' dir='ltr'>pro</span> <span class='ocrx_word' id='word_1_34' title='bbox 1475 337 1576 375; x_wconf 90' lang='lat' dir='ltr'>testi-</span> 
     </span>
     <span class='ocr_line' id='line_1_9' title="bbox 243 400 1578 452; baseline 0.002 -14"><span class='ocrx_word' id='word_1_35' title='bbox 243 400 378 439; x_wconf 89' lang='lat' dir='ltr'>monio</span> <span class='ocrx_word' id='word_1_36' title='bbox 398 400 493 439; x_wconf 81' lang='lat' dir='ltr'>dixit</span> <span class='ocrx_word' id='word_1_37' title='bbox 508 409 556 448; x_wconf 88' lang='lat' dir='ltr'>te,</span> <span class='ocrx_word' id='word_1_38' title='bbox 575 414 665 439; x_wconf 88' lang='lat' dir='ltr'>cum</span> <span class='ocrx_word' id='word_1_39' title='bbox 691 400 981 451; x_wconf 88' lang='lat' dir='ltr'>inspiciendum</span> <span class='ocrx_word' id='word_1_40' title='bbox 998 402 1257 452; x_wconf 86' lang='lat' dir='ltr'>poposcisses,</span> <span class='ocrx_word' id='word_1_41' title='bbox 1276 403 1412 441; x_wconf 88' lang='lat' dir='ltr'>evulso</span> <span class='ocrx_word' id='word_1_42' title='bbox 1433 402 1578 441; x_wconf 86' lang='lat' dir='ltr'>emble-</span> 
     </span>
    </p>
   </div>
   <div class='ocr_carea' id='block_1_6' title="bbox 242 466 1615 517">
    <p class='ocr_par' dir='ltr' id='par_1_6' title="bbox 242 466 1615 517">
     <span class='ocr_line' id='line_1_10' title="bbox 242 466 1615 517; baseline 0.002 -14"><span class='ocrx_word' id='word_1_43' title='bbox 242 474 345 504; x_wconf 85' lang='lat' dir='ltr'>mate</span> <span class='ocrx_word' id='word_1_44' title='bbox 364 466 583 514; x_wconf 81' lang='lat' dir='ltr'>remisisse3</span> <span class='ocrx_word' id='word_1_45' title='bbox 614 474 655 504; x_wconf 92' lang='lat' dir='ltr'>ut</span> <span class='ocrx_word' id='word_1_46' title='bbox 672 466 905 516; x_wconf 82' lang='lat' dir='ltr'>intellegatis</span> <span class='ocrx_word' id='word_1_47' title='bbox 923 467 961 505; x_wconf 93' lang='lat' dir='ltr'>in</span> <span class='ocrx_word' id='word_1_48' title='bbox 983 467 1145 506; x_wconf 88' lang='lat' dir='ltr'>homine</span> <span class='ocrx_word' id='word_1_49' title='bbox 1166 467 1474 517; x_wconf 85' lang='lat' dir='ltr'>intellegentiam</span> <span class='ocrx_word' id='word_1_50' title='bbox 1490 480 1575 506; x_wconf 86' lang='lat' dir='ltr'>esse</span> <span class='ocrx_word' id='word_1_51' title='bbox 1599 482 1615 513; x_wconf 91' lang='lat'>5</span> 
     </span>
    </p>
   </div>
   <div class='ocr_carea' id='block_1_7' title="bbox 225 531 1575 1760">
    <p class='ocr_par' dir='ltr' id='par_1_7' title="bbox 225 531 1575 1760">
     <span class='ocr_line' id='line_1_11' title="bbox 241 531 1575 583; baseline 0.001 -15"><span class='ocrx_word' id='word_1_52' title='bbox 241 544 320 569; x_wconf 86' lang='lat' dir='ltr'>non</span> <span class='ocrx_word' id='word_1_53' title='bbox 356 531 568 578; x_wconf 87' lang='lat' dir='ltr'>avaritiam,</span> <span class='ocrx_word' id='word_1_54' title='bbox 603 531 740 569; x_wconf 88' lang='lat' dir='ltr'>artifici</span> <span class='ocrx_word' id='word_1_55' title='bbox 777 531 967 582; x_wconf 89' lang='lat' dir='ltr'>cupidum</span> <span class='ocrx_word' id='word_1_56' title='bbox 1003 545 1082 570; x_wconf 90' lang='lat' dir='ltr'>non</span> <span class='ocrx_word' id='word_1_57' title='bbox 1114 532 1262 583; x_wconf 84' lang='lat' dir='ltr'>argenti</span> <span class='ocrx_word' id='word_1_58' title='bbox 1298 532 1427 570; x_wconf 90' lang='lat' dir='ltr'>fuisse.</span> <span class='ocrx_word' id='word_1_59' title='bbox 1488 533 1575 570; x_wconf 88' lang='lat' dir='ltr'>Nec</span> 
     </span>
     <span class='ocr_line' id='line_1_12' title="bbox 240 597 1574 647; baseline 0.001 -13"><span class='ocrx_word' id='word_1_60' title='bbox 240 598 367 634; x_wconf 89' lang='lat' dir='ltr'>solum</span> <span class='ocrx_word' id='word_1_61' title='bbox 399 597 437 634; x_wconf 90' lang='lat' dir='ltr'>in</span> <span class='ocrx_word' id='word_1_62' title='bbox 469 597 635 647; x_wconf 81' lang='lat' dir='ltr'>Papinio</span> <span class='ocrx_word' id='word_1_63' title='bbox 663 597 733 635; x_wconf 88' lang='lat' dir='ltr'>fuit</span> <span class='ocrx_word' id='word_1_64' title='bbox 760 599 833 636; x_wconf 84' lang='lat' dir='ltr'>hac</span> <span class='ocrx_word' id='word_1_65' title='bbox 863 597 1127 646; x_wconf 70' lang='lat' dir='ltr'>abstinentia,</span> <span class='ocrx_word' id='word_1_66' title='bbox 1165 598 1290 636; x_wconf 90' lang='lat' dir='ltr'>tenuit</span> <span class='ocrx_word' id='word_1_67' title='bbox 1318 600 1393 637; x_wconf 84' lang='lat' dir='ltr'>boc</span> <span class='ocrx_word' id='word_1_68' title='bbox 1424 598 1574 636; x_wconf 88' lang='lat' dir='ltr'>institu-</span> 
     </span>
     <span class='ocr_line' id='line_1_13' title="bbox 239 662 1570 714; baseline 0.002 -15"><span class='ocrx_word' id='word_1_69' title='bbox 239 670 322 700; x_wconf 90' lang='lat' dir='ltr'>tum</span> <span class='ocrx_word' id='word_1_70' title='bbox 354 662 391 699; x_wconf 91' lang='lat' dir='ltr'>in</span> <span class='ocrx_word' id='word_1_71' title='bbox 426 662 605 700; x_wconf 86' lang='lat' dir='ltr'>turibulis</span> <span class='ocrx_word' id='word_1_72' title='bbox 640 662 826 701; x_wconf 81' lang='lat' dir='ltr'>omnibus</span> <span class='ocrx_word' id='word_1_73' title='bbox 862 677 1138 714; x_wconf 87' lang='lat' dir='ltr'>quaecumque</span> <span class='ocrx_word' id='word_1_74' title='bbox 1170 664 1209 701; x_wconf 92' lang='lat' dir='ltr'>in</span> <span class='ocrx_word' id='word_1_75' title='bbox 1242 663 1373 702; x_wconf 87' lang='lat' dir='ltr'>Sicilia</span> <span class='ocrx_word' id='word_1_76' title='bbox 1405 665 1570 702; x_wconf 89' lang='lat' dir='ltr'>fuerunt.</span> 
     </span>
     <span class='ocr_line' id='line_1_14' title="bbox 241 727 1574 779; baseline 0.002 -14"><span class='ocrx_word' id='word_1_77' title='bbox 241 727 478 766; x_wconf 84' lang='lat' dir='ltr'>Incredibile</span> <span class='ocrx_word' id='word_1_78' title='bbox 521 736 578 766; x_wconf 79' lang='lat' dir='ltr'>est</span> <span class='ocrx_word' id='word_1_79' title='bbox 623 736 755 766; x_wconf 89' lang='lat' dir='ltr'>autern</span> <span class='ocrx_word' id='word_1_80' title='bbox 808 742 927 778; x_wconf 87' lang='lat' dir='ltr'>quam</span> <span class='ocrx_word' id='word_1_81' title='bbox 977 730 1099 767; x_wconf 89' lang='lat' dir='ltr'>multa</span> <span class='ocrx_word' id='word_1_82' title='bbox 1136 737 1174 767; x_wconf 92' lang='lat' dir='ltr'>et</span> <span class='ocrx_word' id='word_1_83' title='bbox 1213 742 1332 779; x_wconf 88' lang='lat' dir='ltr'>quam</span> <span class='ocrx_word' id='word_1_84' title='bbox 1378 730 1574 779; x_wconf 88' lang='lat' dir='ltr'>praeclara</span> 
     </span>
     <span class='ocr_line' id='line_1_15' title="bbox 238 793 1572 844; baseline 0.001 -14"><span class='ocrx_word' id='word_1_85' title='bbox 238 793 391 830; x_wconf 88' lang='lat' dir='ltr'>fuerint.</span> <span class='ocrx_word' id='word_1_86' title='bbox 452 794 583 831; x_wconf 81' lang='lat' dir='ltr'>Credo</span> <span class='ocrx_word' id='word_1_87' title='bbox 614 801 697 831; x_wconf 89' lang='lat' dir='ltr'>tum</span> <span class='ocrx_word' id='word_1_88' title='bbox 729 807 819 831; x_wconf 90' lang='lat' dir='ltr'>cum</span> <span class='ocrx_word' id='word_1_89' title='bbox 852 793 983 832; x_wconf 86' lang='lat' dir='ltr'>Sicilia</span> <span class='ocrx_word' id='word_1_90' title='bbox 1014 794 1177 832; x_wconf 87' lang='lat' dir='ltr'>florebat</span> <span class='ocrx_word' id='word_1_91' title='bbox 1209 794 1352 844; x_wconf 87' lang='lat' dir='ltr'>opibus</span> <span class='ocrx_word' id='word_1_92' title='bbox 1382 801 1420 832; x_wconf 92' lang='lat' dir='ltr'>et</span> <span class='ocrx_word' id='word_1_93' title='bbox 1450 793 1572 844; x_wconf 90' lang='lat' dir='ltr'>copiis</span> 
     </span>
     <span class='ocr_line' id='line_1_16' title="bbox 240 858 1574 907; baseline 0.001 -12"><span class='ocrx_word' id='word_1_94' title='bbox 240 871 381 907; x_wconf 86' lang='lat' dir='ltr'>magna</span> <span class='ocrx_word' id='word_1_95' title='bbox 410 858 572 896; x_wconf 85' lang='lat' dir='ltr'>artificia</span> <span class='ocrx_word' id='word_1_96' title='bbox 593 858 710 897; x_wconf 87' lang='lat' dir='ltr'>fuisse</span> <span class='ocrx_word' id='word_1_97' title='bbox 735 859 774 896; x_wconf 91' lang='lat' dir='ltr'>in</span> <span class='ocrx_word' id='word_1_98' title='bbox 802 873 848 897; x_wconf 90' lang='lat' dir='ltr'>ea</span> <span class='ocrx_word' id='word_1_99' title='bbox 873 859 1009 898; x_wconf 88' lang='lat' dir='ltr'>insula.</span> <span class='ocrx_word' id='word_1_100' title='bbox 1071 861 1173 897; x_wconf 90' lang='lat' dir='ltr'>Nam</span> <span class='ocrx_word' id='word_1_101' title='bbox 1203 861 1345 898; x_wconf 87' lang='lat' dir='ltr'>domus</span> <span class='ocrx_word' id='word_1_102' title='bbox 1375 867 1455 898; x_wconf 91' lang='lat' dir='ltr'>erat</span> <span class='ocrx_word' id='word_1_103' title='bbox 1482 867 1574 898; x_wconf 91' lang='lat' dir='ltr'>ante</span> 
     </span>
     <span class='ocr_line' id='line_1_17' title="bbox 239 922 1575 974; baseline 0.001 -14"><span class='ocrx_word' id='word_1_104' title='bbox 239 922 355 961; x_wconf 78' lang='lat' dir='ltr'>istum</span> <span class='ocrx_word' id='word_1_105' title='bbox 378 931 596 973; x_wconf 84' lang='lat' dir='ltr'>praetorem</span> <span class='ocrx_word' id='word_1_106' title='bbox 628 926 735 962; x_wconf 90' lang='lat' dir='ltr'>nulla</span> <span class='ocrx_word' id='word_1_107' title='bbox 764 926 883 974; x_wconf 89' lang='lat' dir='ltr'>paulo</span> <span class='ocrx_word' id='word_1_108' title='bbox 908 924 1141 974; x_wconf 89' lang='lat' dir='ltr'>locupletior</span> <span class='ocrx_word' id='word_1_109' title='bbox 1162 938 1240 974; x_wconf 82' lang='lat' dir='ltr'>qua</span> <span class='ocrx_word' id='word_1_110' title='bbox 1261 924 1299 962; x_wconf 93' lang='lat' dir='ltr'>in</span> <span class='ocrx_word' id='word_1_111' title='bbox 1328 925 1450 963; x_wconf 88' lang='lat' dir='ltr'>domo</span> <span class='ocrx_word' id='word_1_112' title='bbox 1478 925 1575 962; x_wconf 85' lang='lat' dir='ltr'>haec</span> 
     </span>
     <span class='ocr_line' id='line_1_18' title="bbox 237 989 1575 1040; baseline 0.001 -14"><span class='ocrx_word' id='word_1_113' title='bbox 237 1002 316 1026; x_wconf 91' lang='lat' dir='ltr'>non</span> <span class='ocrx_word' id='word_1_114' title='bbox 352 997 493 1035; x_wconf 87' lang='lat' dir='ltr'>essent,</span> <span class='ocrx_word' id='word_1_115' title='bbox 532 989 685 1028; x_wconf 87' lang='lat' dir='ltr'>etiamsi</span> <span class='ocrx_word' id='word_1_116' title='bbox 720 997 919 1039; x_wconf 86' lang='lat' dir='ltr'>praeterea</span> <span class='ocrx_word' id='word_1_117' title='bbox 958 989 1056 1028; x_wconf 92' lang='lat' dir='ltr'>nihil</span> <span class='ocrx_word' id='word_1_118' title='bbox 1096 998 1197 1028; x_wconf 89' lang='lat' dir='ltr'>esset</span> <span class='ocrx_word' id='word_1_119' title='bbox 1236 989 1397 1040; x_wconf 85' lang='lat' dir='ltr'>argenti,</span> <span class='ocrx_word' id='word_1_120' title='bbox 1432 991 1575 1040; x_wconf 87' lang='lat' dir='ltr'>patella</span> 
     </span>
     <span class='ocr_line' id='line_1_19' title="bbox 234 1054 1574 1105; baseline 0.001 -13"><span class='ocrx_word' id='word_1_121' title='bbox 234 1054 392 1103; x_wconf 87' lang='lat' dir='ltr'>grandis</span> <span class='ocrx_word' id='word_1_122' title='bbox 435 1068 525 1093; x_wconf 88' lang='lat' dir='ltr'>cum</span> <span class='ocrx_word' id='word_1_123' title='bbox 571 1054 704 1105; x_wconf 85' lang='lat' dir='ltr'>sigillis</span> <span class='ocrx_word' id='word_1_124' title='bbox 743 1068 789 1093; x_wconf 88' lang='lat' dir='ltr'>ac</span> <span class='ocrx_word' id='word_1_125' title='bbox 833 1055 1050 1094; x_wconf 88' lang='lat' dir='ltr'>simulacris</span> <span class='ocrx_word' id='word_1_126' title='bbox 1098 1057 1275 1102; x_wconf 89' lang='lat' dir='ltr'>deorum,</span> <span class='ocrx_word' id='word_1_127' title='bbox 1317 1062 1450 1105; x_wconf 88' lang='lat' dir='ltr'>patera</span> <span class='ocrx_word' id='word_1_128' title='bbox 1497 1067 1574 1105; x_wconf 86' lang='lat' dir='ltr'>qua</span> 
     </span>
     <span class='ocr_line' id='line_1_20' title="bbox 234 1119 1571 1168; baseline 0 -11"><span class='ocrx_word' id='word_1_129' title='bbox 234 1119 415 1158; x_wconf 86' lang='lat' dir='ltr'>mulieres</span> <span class='ocrx_word' id='word_1_130' title='bbox 449 1121 499 1158; x_wconf 90' lang='lat' dir='ltr'>ad</span> <span class='ocrx_word' id='word_1_131' title='bbox 530 1134 589 1158; x_wconf 86' lang='lat' dir='ltr'>res</span> <span class='ocrx_word' id='word_1_132' title='bbox 617 1119 770 1158; x_wconf 87' lang='lat' dir='ltr'>divinas</span> <span class='ocrx_word' id='word_1_133' title='bbox 796 1127 1006 1168; x_wconf 87' lang='lat' dir='ltr'>uterentur,</span> <span class='ocrx_word' id='word_1_134' title='bbox 1030 1120 1414 1168; x_wconf 87' lang='lat' dir='ltr'>turibulum‚—baec</span> <span class='ocrx_word' id='word_1_135' title='bbox 1440 1127 1571 1158; x_wconf 89' lang='lat' dir='ltr'>autem</span> 
     </span>
     <span class='ocr_line' id='line_1_21' title="bbox 230 1184 1573 1235; baseline 0.001 -13"><span class='ocrx_word' id='word_1_136' title='bbox 230 1185 366 1223; x_wconf 84' lang='lat' dir='ltr'>onmia</span> <span class='ocrx_word' id='word_1_137' title='bbox 385 1185 551 1235; x_wconf 83' lang='lat' dir='ltr'>antiquo</span> <span class='ocrx_word' id='word_1_138' title='bbox 571 1198 690 1235; x_wconf 89' lang='lat' dir='ltr'>opere</span> <span class='ocrx_word' id='word_1_139' title='bbox 713 1194 750 1224; x_wconf 90' lang='lat' dir='ltr'>et</span> <span class='ocrx_word' id='word_1_140' title='bbox 773 1199 929 1224; x_wconf 90' lang='lat' dir='ltr'>summo</span> <span class='ocrx_word' id='word_1_141' title='bbox 958 1186 1123 1225; x_wconf 85' lang='lat' dir='ltr'>artifieio</span> <span class='ocrx_word' id='word_1_142' title='bbox 1145 1187 1257 1233; x_wconf 90' lang='lat' dir='ltr'>sacta,</span> <span class='ocrx_word' id='word_1_143' title='bbox 1281 1193 1323 1224; x_wconf 88' lang='lat' dir='ltr'>ut</span> <span class='ocrx_word' id='word_1_144' title='bbox 1344 1187 1420 1223; x_wconf 89' lang='lat' dir='ltr'>hoc</span> <span class='ocrx_word' id='word_1_145' title='bbox 1441 1184 1573 1223; x_wconf 89' lang='lat' dir='ltr'>liceret</span> 
     </span>
     <span class='ocr_line' id='line_1_22' title="bbox 231 1250 1572 1301; baseline 0.001 -14"><span class='ocrx_word' id='word_1_146' title='bbox 231 1250 430 1300; x_wconf 85' lang='lat' dir='ltr'>suspicari,</span> <span class='ocrx_word' id='word_1_147' title='bbox 454 1250 572 1288; x_wconf 88' lang='lat' dir='ltr'>fuisse</span> <span class='ocrx_word' id='word_1_148' title='bbox 601 1250 816 1300; x_wconf 87' lang='lat' dir='ltr'>aliquando</span> <span class='ocrx_word' id='word_1_149' title='bbox 848 1252 955 1301; x_wconf 88' lang='lat' dir='ltr'>apud</span> <span class='ocrx_word' id='word_1_150' title='bbox 987 1251 1139 1290; x_wconf 86' lang='lat' dir='ltr'>Siculos</span> <span class='ocrx_word' id='word_1_151' title='bbox 1168 1264 1364 1301; x_wconf 82' lang='lat' dir='ltr'>peraeque</span> <span class='ocrx_word' id='word_1_152' title='bbox 1391 1264 1462 1300; x_wconf 91' lang='lat' dir='ltr'>pro</span> <span class='ocrx_word' id='word_1_153' title='bbox 1488 1264 1572 1300; x_wconf 89' lang='lat' dir='ltr'>por-</span> 
     </span>
     <span class='ocr_line' id='line_1_23' title="bbox 230 1315 1571 1366; baseline -0.001 -13"><span class='ocrx_word' id='word_1_154' title='bbox 230 1315 337 1353; x_wconf 87' lang='lat' dir='ltr'>tione</span> <span class='ocrx_word' id='word_1_155' title='bbox 371 1323 509 1363; x_wconf 88' lang='lat' dir='ltr'>cetera,</span> <span class='ocrx_word' id='word_1_156' title='bbox 540 1317 620 1363; x_wconf 87' lang='lat' dir='ltr'>sed,</span> <span class='ocrx_word' id='word_1_157' title='bbox 650 1316 794 1366; x_wconf 84' lang='lat' dir='ltr'>quibus</span> <span class='ocrx_word' id='word_1_158' title='bbox 826 1318 949 1354; x_wconf 89' lang='lat' dir='ltr'>multa</span> <span class='ocrx_word' id='word_1_159' title='bbox 983 1318 1138 1354; x_wconf 88' lang='lat' dir='ltr'>fortuna</span> <span class='ocrx_word' id='word_1_160' title='bbox 1170 1315 1395 1362; x_wconf 84' lang='lat' dir='ltr'>ademisset,</span> <span class='ocrx_word' id='word_1_161' title='bbox 1439 1322 1571 1353; x_wconf 85' lang='lat' dir='ltr'>tamen</span> 
     </span>
     <span class='ocr_line' id='line_1_24' title="bbox 229 1380 1568 1431; baseline -0.001 -12"><span class='ocrx_word' id='word_1_162' title='bbox 229 1383 334 1431; x_wconf 92' lang='lat' dir='ltr'>apud</span> <span class='ocrx_word' id='word_1_163' title='bbox 351 1395 419 1420; x_wconf 84' lang='lat' dir='ltr'>eos</span> <span class='ocrx_word' id='word_1_164' title='bbox 435 1381 668 1419; x_wconf 81' lang='lat' dir='ltr'>remansisse</span> <span class='ocrx_word' id='word_1_165' title='bbox 685 1395 730 1419; x_wconf 88' lang='lat' dir='ltr'>ea</span> <span class='ocrx_word' id='word_1_166' title='bbox 749 1395 850 1431; x_wconf 84' lang='lat' dir='ltr'>quae</span> <span class='ocrx_word' id='word_1_167' title='bbox 868 1381 1000 1430; x_wconf 80' lang='lat' dir='ltr'>religio</span> <span class='ocrx_word' id='word_1_168' title='bbox 1018 1381 1248 1420; x_wconf 82' lang='lat' dir='ltr'>retinuisset.</span> <span class='ocrx_word' id='word_1_169' title='bbox 1287 1380 1387 1427; x_wconf 75' lang='lat' dir='ltr'>Dixi,</span> <span class='ocrx_word' id='word_1_170' title='bbox 1408 1380 1568 1426; x_wconf 73' lang='lat' dir='ltr'>iudices,</span> 
     </span>
     <span class='ocr_line' id='line_1_25' title="bbox 230 1446 1570 1497; baseline -0.001 -14"><span class='ocrx_word' id='word_1_171' title='bbox 230 1448 352 1484; x_wconf 87' lang='lat' dir='ltr'>multa</span> <span class='ocrx_word' id='word_1_172' title='bbox 380 1446 497 1484; x_wconf 83' lang='lat' dir='ltr'>fuisse</span> <span class='ocrx_word' id='word_1_173' title='bbox 523 1448 601 1485; x_wconf 85' lang='lat' dir='ltr'>fere</span> <span class='ocrx_word' id='word_1_174' title='bbox 627 1448 733 1496; x_wconf 89' lang='lat' dir='ltr'>apud</span> <span class='ocrx_word' id='word_1_175' title='bbox 766 1446 895 1485; x_wconf 89' lang='lat' dir='ltr'>omnis</span> <span class='ocrx_word' id='word_1_176' title='bbox 924 1446 1104 1485; x_wconf 85' lang='lat' dir='ltr'>Siculos:</span> <span class='ocrx_word' id='word_1_177' title='bbox 1136 1460 1209 1497; x_wconf 84' lang='lat' dir='ltr'>ego</span> <span class='ocrx_word' id='word_1_178' title='bbox 1241 1446 1345 1485; x_wconf 90' lang='lat' dir='ltr'>idem</span> <span class='ocrx_word' id='word_1_179' title='bbox 1377 1446 1570 1484; x_wconf 82' lang='lat' dir='ltr'>confirmo</span> 
     </span>
     <span class='ocr_line' id='line_1_26' title="bbox 228 1512 1569 1562; baseline -0.001 -13"><span class='ocrx_word' id='word_1_180' title='bbox 228 1525 334 1550; x_wconf 90' lang='lat' dir='ltr'>nunc</span> <span class='ocrx_word' id='word_1_181' title='bbox 374 1526 422 1550; x_wconf 89' lang='lat' dir='ltr'>ne</span> <span class='ocrx_word' id='word_1_182' title='bbox 462 1526 584 1550; x_wconf 87' lang='lat' dir='ltr'>unum</span> <span class='ocrx_word' id='word_1_183' title='bbox 607 1512 769 1562; x_wconf 86' lang='lat' dir='ltr'>quidem</span> <span class='ocrx_word' id='word_1_184' title='bbox 807 1525 902 1550; x_wconf 86' lang='lat' dir='ltr'>esse.</span> <span class='ocrx_word' id='word_1_185' title='bbox 964 1512 1072 1561; x_wconf 88' lang='lat' dir='ltr'>Quid</span> <span class='ocrx_word' id='word_1_186' title='bbox 1110 1514 1186 1550; x_wconf 86' lang='grc'>1100</span> <span class='ocrx_word' id='word_1_187' title='bbox 1221 1513 1309 1550; x_wconf 83' lang='lat' dir='ltr'>est?</span> <span class='ocrx_word' id='word_1_188' title='bbox 1351 1512 1460 1561; x_wconf 87' lang='lat' dir='ltr'>quod</span> <span class='ocrx_word' id='word_1_189' title='bbox 1494 1512 1569 1548; x_wconf 91' lang='grc'>1100</span> 
     </span>
     <span class='ocr_line' id='line_1_27' title="bbox 229 1577 1570 1628; baseline -0.001 -13"><span class='ocrx_word' id='word_1_190' title='bbox 229 1586 458 1625; x_wconf 87' lang='lat' dir='ltr'>monstrum,</span> <span class='ocrx_word' id='word_1_191' title='bbox 478 1579 586 1627; x_wconf 84' lang='lat' dir='ltr'>quod</span> <span class='ocrx_word' id='word_1_192' title='bbox 604 1578 825 1628; x_wconf 88' lang='lat' dir='ltr'>prodigium</span> <span class='ocrx_word' id='word_1_193' title='bbox 848 1578 886 1616; x_wconf 92' lang='lat' dir='ltr'>in</span> <span class='ocrx_word' id='word_1_194' title='bbox 909 1578 1149 1628; x_wconf 86' lang='lat' dir='ltr'>provinciam</span> <span class='ocrx_word' id='word_1_195' title='bbox 1170 1577 1378 1616; x_wconf 84' lang='lat' dir='ltr'>misimus?</span> <span class='ocrx_word' id='word_1_196' title='bbox 1423 1578 1570 1615; x_wconf 87' lang='lat' dir='ltr'>Nonne</span> 
     </span>
     <span class='ocr_line' id='line_1_28' title="bbox 226 1642 1568 1692; baseline -0.001 -11"><span class='ocrx_word' id='word_1_197' title='bbox 226 1643 338 1681; x_wconf 84' lang='lat' dir='ltr'>vobis</span> <span class='ocrx_word' id='word_1_198' title='bbox 371 1643 409 1681; x_wconf 91' lang='lat' dir='ltr'>id</span> <span class='ocrx_word' id='word_1_199' title='bbox 443 1643 566 1692; x_wconf 78' lang='lat' dir='ltr'>egisse</span> <span class='ocrx_word' id='word_1_200' title='bbox 596 1643 750 1681; x_wconf 90' lang='lat' dir='ltr'>videtur</span> <span class='ocrx_word' id='word_1_201' title='bbox 782 1651 823 1682; x_wconf 89' lang='lat' dir='ltr'>ut</span> <span class='ocrx_word' id='word_1_202' title='bbox 857 1657 937 1681; x_wconf 90' lang='lat' dir='ltr'>non</span> <span class='ocrx_word' id='word_1_203' title='bbox 970 1643 1085 1682; x_wconf 86' lang='lat' dir='ltr'>unius</span> <span class='ocrx_word' id='word_1_204' title='bbox 1117 1642 1335 1689; x_wconf 87' lang='lat' dir='ltr'>libidinem,</span> <span class='ocrx_word' id='word_1_205' title='bbox 1363 1655 1443 1680; x_wconf 89' lang='lat' dir='ltr'>non</span> <span class='ocrx_word' id='word_1_206' title='bbox 1476 1655 1568 1680; x_wconf 89' lang='lat' dir='ltr'>suos</span> 
     </span>
     <span class='ocr_line' id='line_1_29' title="bbox 225 1708 1565 1760; baseline -0.001 -15"><span class='ocrx_word' id='word_1_207' title='bbox 225 1710 374 1756; x_wconf 79' lang='lat' dir='ltr'>oculos,</span> <span class='ocrx_word' id='word_1_208' title='bbox 398 1710 467 1747; x_wconf 88' lang='lat' dir='ltr'>sed</span> <span class='ocrx_word' id='word_1_209' title='bbox 489 1709 667 1747; x_wconf 90' lang='lat' dir='ltr'>omnium</span> <span class='ocrx_word' id='word_1_210' title='bbox 691 1709 1037 1760; x_wconf 86' lang='lat' dir='ltr'>cupidissimorum</span> <span class='ocrx_word' id='word_1_211' title='bbox 1065 1708 1247 1755; x_wconf 82' lang='lat' dir='ltr'>insanias,</span> <span class='ocrx_word' id='word_1_212' title='bbox 1271 1722 1361 1746; x_wconf 93' lang='lat' dir='ltr'>cum</span> <span class='ocrx_word' id='word_1_213' title='bbox 1395 1709 1565 1745; x_wconf 86' lang='lat' dir='ltr'>Romam</span> 
     </span>
    </p>
   </div>
   <div class='ocr_carea' id='block_1_8' title="bbox 225 1773 1624 1825">
    <p class='ocr_par' dir='ltr' id='par_1_8' title="bbox 225 1773 1624 1825">
     <span class='ocr_line' id='line_1_30' title="bbox 225 1773 1624 1825; baseline -0.001 -13"><span class='ocrx_word' id='word_1_214' title='bbox 225 1774 455 1822; x_wconf 82' lang='lat' dir='ltr'>revertisset,</span> <span class='ocrx_word' id='word_1_215' title='bbox 484 1776 688 1825; x_wconf 86' lang='lat' dir='ltr'>expleret?</span> <span class='ocrx_word' id='word_1_216' title='bbox 747 1775 826 1824; x_wconf 88' lang='lat' dir='ltr'>Qui</span> <span class='ocrx_word' id='word_1_217' title='bbox 857 1775 972 1813; x_wconf 90' lang='lat' dir='ltr'>simul</span> <span class='ocrx_word' id='word_1_218' title='bbox 1005 1783 1123 1824; x_wconf 84' lang='lat' dir='ltr'>atque</span> <span class='ocrx_word' id='word_1_219' title='bbox 1154 1773 1193 1811; x_wconf 94' lang='lat' dir='ltr'>in</span> <span class='ocrx_word' id='word_1_220' title='bbox 1224 1773 1415 1824; x_wconf 85' lang='lat' dir='ltr'>oppidum</span> <span class='ocrx_word' id='word_1_221' title='bbox 1439 1773 1565 1822; x_wconf 87' lang='lat' dir='ltr'>quod·</span> <span class='ocrx_word' id='word_1_222' title='bbox 1613 1788 1624 1795; x_wconf 85' lang='lat'><em>·</em></span> 
     </span>
    </p>
   </div>
   <div class='ocr_carea' id='block_1_9' title="bbox 223 1838 1566 2154">
    <p class='ocr_par' dir='ltr' id='par_1_9' title="bbox 223 1838 1566 2154">
     <span class='ocr_line' id='line_1_31' title="bbox 225 1838 1563 1891; baseline -0.001 -13"><span class='ocrx_word' id='word_1_223' title='bbox 225 1840 330 1891; x_wconf 87' lang='lat' dir='ltr'>piam</span> <span class='ocrx_word' id='word_1_224' title='bbox 351 1849 521 1888; x_wconf 87' lang='lat' dir='ltr'>venerat,</span> <span class='ocrx_word' id='word_1_225' title='bbox 543 1840 856 1879; x_wconf 83' lang='lat' dir='ltr'>immittebantur</span> <span class='ocrx_word' id='word_1_226' title='bbox 888 1840 941 1878; x_wconf 88' lang='lat' dir='ltr'>illi</span> <span class='ocrx_word' id='word_1_227' title='bbox 976 1840 1166 1878; x_wconf 89' lang='lat' dir='ltr'>continuo</span> <span class='ocrx_word' id='word_1_228' title='bbox 1199 1838 1410 1889; x_wconf 77' lang='lat' dir='ltr'>Cibyratici</span> <span class='ocrx_word' id='word_1_229' title='bbox 1434 1852 1563 1885; x_wconf 90' lang='lat' dir='ltr'>canes,</span> 
     </span>
     <span class='ocr_line' id='line_1_32' title="bbox 224 1903 1566 1956; baseline -0.001 -13"><span class='ocrx_word' id='word_1_230' title='bbox 224 1905 290 1956; x_wconf 91' lang='lat' dir='ltr'>qui</span> <span class='ocrx_word' id='word_1_231' title='bbox 322 1905 610 1956; x_wconf 83' lang='lat' dir='ltr'>investigabant</span> <span class='ocrx_word' id='word_1_232' title='bbox 639 1913 678 1945; x_wconf 85' lang='lat' dir='ltr'>et</span> <span class='ocrx_word' id='word_1_233' title='bbox 710 1906 1054 1956; x_wconf 84' lang='lat' dir='ltr'>perscrutabantur</span> <span class='ocrx_word' id='word_1_234' title='bbox 1080 1904 1223 1944; x_wconf 83' lang='lat' dir='ltr'>onmia.</span> <span class='ocrx_word' id='word_1_235' title='bbox 1285 1903 1323 1943; x_wconf 91' lang='lat' dir='ltr'>Si</span> <span class='ocrx_word' id='word_1_236' title='bbox 1352 1905 1460 1954; x_wconf 89' lang='lat' dir='ltr'>quod</span> <span class='ocrx_word' id='word_1_237' title='bbox 1486 1911 1566 1942; x_wconf 88' lang='lat' dir='ltr'>erat</span> 
     </span>
     <span class='ocr_line' id='line_1_33' title="bbox 223 1969 1564 2022; baseline -0.002 -12"><span class='ocrx_word' id='word_1_238' title='bbox 223 1973 371 2022; x_wconf 87' lang='lat' dir='ltr'>grande</span> <span class='ocrx_word' id='word_1_239' title='bbox 402 1985 468 2010; x_wconf 89' lang='lat' dir='ltr'>vas</span> <span class='ocrx_word' id='word_1_240' title='bbox 503 1979 541 2009; x_wconf 90' lang='lat' dir='ltr'>et</span> <span class='ocrx_word' id='word_1_241' title='bbox 574 1971 699 2010; x_wconf 85' lang='lat' dir='ltr'>maius</span> <span class='ocrx_word' id='word_1_242' title='bbox 735 1984 835 2021; x_wconf 88' lang='lat' dir='ltr'>opus</span> <span class='ocrx_word' id='word_1_243' title='bbox 868 1970 1084 2018; x_wconf 87' lang='lat' dir='ltr'>inventum,</span> <span class='ocrx_word' id='word_1_244' title='bbox 1119 1969 1208 2008; x_wconf 81' lang='lat' dir='ltr'>laeti</span> <span class='ocrx_word' id='word_1_245' title='bbox 1241 1969 1500 2016; x_wconf 78' lang='lat' dir='ltr'>adferebant3</span> <span class='ocrx_word' id='word_1_246' title='bbox 1534 1969 1564 2006; x_wconf 89' lang='lat' dir='ltr'>si</span> 
     </span>
     <span class='ocr_line' id='line_1_34' title="bbox 225 2034 1563 2087; baseline -0.002 -12"><span class='ocrx_word' id='word_1_247' title='bbox 225 2037 354 2075; x_wconf 86' lang='lat' dir='ltr'>minus</span> <span class='ocrx_word' id='word_1_248' title='bbox 388 2037 472 2076; x_wconf 85' lang='lat' dir='ltr'>eius</span> <span class='ocrx_word' id='word_1_249' title='bbox 505 2037 613 2076; x_wconf 88' lang='lat' dir='ltr'>modi</span> <span class='ocrx_word' id='word_1_250' title='bbox 650 2036 854 2087; x_wconf 88' lang='lat' dir='ltr'>quidpiam</span> <span class='ocrx_word' id='word_1_251' title='bbox 888 2036 1019 2074; x_wconf 86' lang='lat' dir='ltr'>venari</span> <span class='ocrx_word' id='word_1_252' title='bbox 1051 2042 1270 2086; x_wconf 86' lang='lat' dir='ltr'>potuerant,</span> <span class='ocrx_word' id='word_1_253' title='bbox 1307 2036 1369 2072; x_wconf 92' lang='lat' dir='ltr'>illa</span> <span class='ocrx_word' id='word_1_254' title='bbox 1401 2034 1563 2084; x_wconf 87' lang='lat' dir='ltr'>quidem</span> 
     </span>
     <span class='ocr_line' id='line_1_35' title="bbox 223 2100 1560 2154; baseline -0.002 -13"><span class='ocrx_word' id='word_1_255' title='bbox 223 2111 328 2141; x_wconf 87' lang='lat' dir='ltr'>certe</span> <span class='ocrx_word' id='word_1_256' title='bbox 358 2117 428 2154; x_wconf 87' lang='lat' dir='ltr'>pro</span> <span class='ocrx_word' id='word_1_257' title='bbox 459 2102 669 2154; x_wconf 88' lang='lat' dir='ltr'>lepusculis</span> <span class='ocrx_word' id='word_1_258' title='bbox 692 2102 958 2152; x_wconf 85' lang='lat' dir='ltr'>capiebantur,</span> <span class='ocrx_word' id='word_1_259' title='bbox 989 2103 1166 2151; x_wconf 84' lang='lat' dir='ltr'>patellae,</span> <span class='ocrx_word' id='word_1_260' title='bbox 1190 2108 1357 2151; x_wconf 84' lang='lat' dir='ltr'>paterae,</span> <span class='ocrx_word' id='word_1_261' title='bbox 1381 2100 1560 2138; x_wconf 86' lang='lat' dir='ltr'>turibula.</span> 
     </span>
    </p>
   </div>
   <div class='ocr_carea' id='block_1_10' title="bbox 219 2203 1561 2419">
    <p class='ocr_par' dir='ltr' id='par_1_10' title="bbox 219 2203 1561 2419">
     <span class='ocr_line' id='line_1_36' title="bbox 268 2203 1561 2245; baseline -0.003 -9"><span class='ocrx_word' id='word_1_262' title='bbox 268 2217 286 2236; x_wconf 86' lang='lat'>2</span> <span class='ocrx_word' id='word_1_263' title='bbox 313 2206 338 2236; x_wconf 92' lang='lat' dir='ltr'>L</span> <span class='ocrx_word' id='word_1_264' title='bbox 368 2211 413 2245; x_wconf 78' lang='lat' dir='ltr'>p:</span> <span class='ocrx_word' id='word_1_265' title='bbox 455 2216 519 2236; x_wconf 83' lang='lat' dir='ltr'>om.</span> <span class='ocrx_word' id='word_1_266' title='bbox 558 2205 622 2236; x_wconf 80' lang='lat' dir='ltr'>RS</span> <span class='ocrx_word' id='word_1_267' title='bbox 803 2214 837 2243; x_wconf 83' lang='lat'>14</span> <span class='ocrx_word' id='word_1_268' title='bbox 865 2205 979 2244; x_wconf 87' lang='lat' dir='ltr'>patina</span> <span class='ocrx_word' id='word_1_269' title='bbox 1014 2203 1077 2234; x_wconf 84' lang='lat' dir='ltr'>RS</span> <span class='ocrx_word' id='word_1_270' title='bbox 1270 2213 1306 2241; x_wconf 86' lang='lat'>15</span> <span class='ocrx_word' id='word_1_271' title='bbox 1335 2203 1418 2233; x_wconf 81' lang='lat' dir='ltr'>haec</span> <span class='ocrx_word' id='word_1_272' title='bbox 1451 2208 1561 2233; x_wconf 80' lang='lat' dir='ltr'>autem</span> 
     </span>
     <span class='ocr_line' id='line_1_37' title="bbox 219 2246 1561 2290; baseline -0.002 -11"><span class='ocrx_word' id='word_1_273' title='bbox 219 2250 302 2290; x_wconf 64' lang='lat' dir='ltr'>pkssz</span> <span class='ocrx_word' id='word_1_274' title='bbox 335 2256 445 2280; x_wconf 77' lang='lat' dir='ltr'>autem</span> <span class='ocrx_word' id='word_1_275' title='bbox 474 2250 556 2279; x_wconf 84' lang='lat' dir='ltr'>haec</span> <span class='ocrx_word' id='word_1_276' title='bbox 588 2248 668 2278; x_wconf 81' lang='lat' dir='ltr'>RS:</span> <span class='ocrx_word' id='word_1_277' title='bbox 705 2254 800 2278; x_wconf 82' lang='lat' dir='ltr'>erant</span> <span class='ocrx_word' id='word_1_278' title='bbox 828 2254 940 2278; x_wconf 80' lang='lat' dir='ltr'>antem</span> <span class='ocrx_word' id='word_1_279' title='bbox 973 2248 1056 2277; x_wconf 85' lang='lat' dir='ltr'>haec</span> <span class='ocrx_word' id='word_1_280' title='bbox 1082 2246 1188 2277; x_wconf 70' lang='lat' dir='ltr'>Ilalm</span> <span class='ocrx_word' id='word_1_281' title='bbox 1372 2256 1407 2285; x_wconf 89' lang='lat'>17</span> <span class='ocrx_word' id='word_1_282' title='bbox 1437 2256 1498 2285; x_wconf 80' lang='lat' dir='ltr'>per</span> <span class='ocrx_word' id='word_1_283' title='bbox 1521 2256 1561 2276; x_wconf 86' lang='lat' dir='ltr'>ea</span> 
     </span>
     <span class='ocr_line' id='line_1_38' title="bbox 223 2291 1560 2333; baseline -0.004 -9"><span class='ocrx_word' id='word_1_284' title='bbox 223 2305 288 2333; x_wconf 84' lang='lat' dir='ltr'>que</span> <span class='ocrx_word' id='word_1_285' title='bbox 323 2293 394 2331; x_wconf 81' lang='lat' dir='ltr'>RS,</span> <span class='ocrx_word' id='word_1_286' title='bbox 428 2304 506 2323; x_wconf 69' lang='lat' dir='ltr'>corr.</span> <span class='ocrx_word' id='word_1_287' title='bbox 545 2292 714 2322; x_wconf 76' lang='lat' dir='ltr'>Turnebus</span> <span class='ocrx_word' id='word_1_288' title='bbox 908 2302 950 2322; x_wconf 74' lang='lat'>¹20</span> <span class='ocrx_word' id='word_1_289' title='bbox 976 2291 1045 2321; x_wconf 83' lang='lat' dir='ltr'>sere</span> <span class='ocrx_word' id='word_1_290' title='bbox 1079 2291 1186 2320; x_wconf 82' lang='lat' dir='ltr'>fuisse</span> <span class='ocrx_word' id='word_1_291' title='bbox 1215 2302 1234 2318; x_wconf 85' lang='grc' dir='ltr'><em>π</em></span> <span class='ocrx_word' id='word_1_292' title='bbox 1442 2300 1479 2319; x_wconf 83' lang='lat'>21</span> <span class='ocrx_word' id='word_1_293' title='bbox 1509 2294 1560 2319; x_wconf 82' lang='lat' dir='ltr'>est</span> 
     </span>
     <span class='ocr_line' id='line_1_39' title="bbox 226 2332 1559 2374; baseline -0.004 -7"><span class='ocrx_word' id='word_1_294' title='bbox 226 2338 288 2367; x_wconf 87' lang='lat' dir='ltr'>hoc</span> <span class='ocrx_word' id='word_1_295' title='bbox 322 2349 343 2366; x_wconf 90' lang='grc' dir='ltr'><em>π</em></span> <span class='ocrx_word' id='word_1_296' title='bbox 477 2347 515 2374; x_wconf 85' lang='lat'>24</span> <span class='ocrx_word' id='word_1_297' title='bbox 542 2336 812 2366; x_wconf 81' lang='lat' dir='ltr'>avarissimorum</span> <span class='ocrx_word' id='word_1_298' title='bbox 847 2335 887 2374; x_wconf 84' lang='lat' dir='ltr'>p&#39;-&#39;</span> <span class='ocrx_word' id='word_1_299' title='bbox 1017 2345 1077 2373; x_wconf 58' lang='lat'>25</span> <span class='ocrx_word' id='word_1_300' title='bbox 1103 2334 1283 2373; x_wconf 87' lang='lat' dir='ltr'>quodpiam</span> <span class='ocrx_word' id='word_1_301' title='bbox 1313 2332 1359 2363; x_wconf 84' lang='lat' dir='ltr'>Z:</span> <span class='ocrx_word' id='word_1_302' title='bbox 1399 2333 1559 2372; x_wconf 84' lang='lat' dir='ltr'>quopiam</span> 
     </span>
     <span class='ocr_line' id='line_1_40' title="bbox 227 2378 572 2419; baseline -0.006 -8"><span class='ocrx_word' id='word_1_303' title='bbox 227 2381 303 2411; x_wconf 81' lang='lat' dir='ltr'>rrH:</span> <span class='ocrx_word' id='word_1_304' title='bbox 330 2380 459 2419; x_wconf 87' lang='lat' dir='ltr'>copiam</span> <span class='ocrx_word' id='word_1_305' title='bbox 478 2378 572 2410; x_wconf 66' lang='lat' dir='ltr'>st</span> 
     </span>
    </p>
   </div>
   <div class='ocr_carea' id='block_1_11' title="bbox 1597 806 1634 828">
    <p class='ocr_par' dir='ltr' id='par_1_11' title="bbox 1597 806 1634 828">
     <span class='ocr_line' id='line_1_41' title="bbox 1597 806 1634 828; baseline -0.027 0"><span class='ocrx_word' id='word_1_306' title='bbox 1597 806 1634 828; x_wconf 94' lang='lat'>10</span> 
     </span>
    </p>
   </div>
   <div class='ocr_carea' id='block_1_12' title="bbox 1596 1137 1630 1168">
    <p class='ocr_par' dir='ltr' id='par_1_12' title="bbox 1596 1137 1630 1168">
     <span class='ocr_line' id='line_1_42' title="bbox 1596 1137 1630 1168; baseline 0 0"><span class='ocrx_word' id='word_1_307' title='bbox 1596 1137 1630 1168; x_wconf 77' lang='grc' dir='ltr'>Ι5</span> 
     </span>
    </p>
   </div>
   <div class='ocr_carea' id='block_1_13' title="bbox 1591 1462 1629 1483">
    <p class='ocr_par' dir='ltr' id='par_1_13' title="bbox 1591 1462 1629 1483">
     <span class='ocr_line' id='line_1_43' title="bbox 1591 1462 1629 1483; baseline 0 0"><span class='ocrx_word' id='word_1_308' title='bbox 1591 1462 1629 1483; x_wconf 89' lang='grc'>20</span> 
     </span>
    </p>
   </div>
   <div class='ocr_carea' id='block_1_14' title="bbox 1583 2112 1622 2143">
    <p class='ocr_par' dir='ltr' id='par_1_14' title="bbox 1583 2112 1622 2143">
     <span class='ocr_line' id='line_1_44' title="bbox 1583 2112 1622 2143; baseline 0 -8"><span class='ocrx_word' id='word_1_309' title='bbox 1583 2112 1622 2143; x_wconf 80' lang='grc'>30</span> 
     </span>
    </p>
   </div>
  </div>
 </body>
</html>
