1715 2734
14 2177 18 2227 z

15 2231 19 2301 ἱ

56 499 73 530 5

36 826 74 848 10

95 116 362 156 ACTIONIS
384 117 444 155 IN
467 116 511 156 C.
533 117 775 154 VERREM
797 116 1095 155 SECVNDAE
1127 117 1230 153 LIB.
1256 116 1314 153 IV
1360 125 1418 162 49
1444 121 1501 152 108

93 234 196 265 esset
223 226 263 264 in
293 227 388 265 urbe
417 233 550 265 nostra
579 227 729 266 Cereris
762 226 1067 277 pulcherrimum
1102 234 1140 266 et
1171 226 1419 277 magnificen-

93 292 287 331 tissimum
327 293 528 342 templum,
570 299 703 330 tamen
741 306 866 342 usque
899 293 1085 330 Hennam
1120 291 1283 342 profecti
1315 299 1415 330 sunt.

93 359 222 395 Tanta
251 356 356 395 enim
388 364 467 394 erat
494 356 702 395 auctoritas
729 365 767 395 et
793 365 964 396 vetustas
996 356 1097 395 illius
1132 356 1328 406 religionis
1363 363 1416 403 ut,

93 434 183 459 cum
231 421 324 459 111110
362 420 472 467 irent,
513 434 594 459 non
633 423 683 460 ad
721 423 861 461 aedem
902 421 1053 461 Cereris
1094 422 1165 459 sed
1203 422 1254 459 ad
1293 421 1418 470 ipsam

94 487 277 526 Cererem
316 485 508 536 proficisci
540 487 773 525 viderentur.
853 488 946 526 Non
986 487 1206 526 obtundam
1248 486 1502 533 diutius3109

92 551 239 590 etenim
269 551 345 588 iam
375 551 528 588 dudum
550 564 684 589 vereor
713 565 762 590 ne
792 551 915 590 oratio
946 565 1033 590 mea
1061 551 1190 589 aliena
1214 550 1265 588 ab
1285 549 1420 588 iudici-

92 629 205 654 orum
244 615 393 653 ratione
432 623 470 653 et
507 628 530 652 a
569 615 768 654 cotidiana
811 615 968 654 dicendi
1010 614 1295 654 consuetudine
1334 626 1419 651 esse

92 681 279 718 videatur.
341 680 430 717 Hoc
458 679 558 726 dico,
592 681 692 718 hanc
723 682 847 730 ipsam
879 681 1062 719 Cererem
1091 677 1416 729 antiquissimam,

92 744 433 794 religiosissimam,
475 744 693 795 principem
728 744 906 782 omnium
941 757 1138 782 sacrorum
1174 756 1274 793 quae
1312 742 1418 791 apud

93 810 220 848 omnis
249 809 375 859 gentis
405 809 663 859 nationesque
694 810 800 855 fiunt,
824 823 846 847 a
867 810 911 848 C.
937 811 1058 847 Verre
1088 822 1134 847 ex
1163 808 1241 847 suis
1263 806 1418 859 templis

91 887 137 912 ac
158 874 317 912 sedibus
338 886 423 911 esse
444 874 649 911 sublatam.
710 874 789 920 Qui
810 874 1027 912 accessistis
1050 873 1251 919 Hennam,
1267 871 1418 910 vidistis

92 939 343 976 simulacrum
366 938 517 978 Cereris
540 952 560 977 e
582 952 774 977 marmore
795 947 833 977 et
853 939 893 977 in
919 941 1041 977 altero
1070 940 1218 989 templo
1240 937 1416 976 Liberae.

91 1004 190 1041 Sunt
210 1017 255 1041 ea
276 1005 476 1053 perampla
495 1011 614 1053 atque
635 1005 840 1054 praeclara,
864 1005 934 1042 sed
955 1017 1035 1041 non
1058 1004 1109 1041 ita
1130 1002 1299 1052 antiqua.
1361 1004 1419 1040 Ex

91 1080 180 1105 aere
209 1067 282 1105 fuit
307 1068 513 1117 quoddam
544 1068 700 1106 modica
729 1068 989 1118 amplitudine
1019 1081 1065 1106 ac
1092 1066 1275 1117 singulari
1301 1080 1419 1116 opere

58 1149 73 1179 5
92 1145 184 1169 cum
205 1131 354 1170 facibus
375 1131 663 1182 perantiquum,
687 1133 865 1170 omnium
894 1132 1048 1170 illorum
1070 1145 1171 1182 quae
1200 1139 1290 1169 sunt
1311 1132 1350 1168 in
1371 1143 1419 1168 eo

37 1795 76 1826 25

92 1198 185 1235 fano
214 1199 339 1236 multo
359 1197 676 1247 antiquissimum
693 1212 702 1244 3
732 1197 772 1236 id
794 1198 958 1235 sustulit.
1020 1199 1079 1235 Ac
1107 1204 1239 1235 tamen
1261 1209 1308 1234 eo
1329 1209 1420 1234 con-

92 1269 222 1300 tentus
244 1275 324 1300 non
346 1261 427 1300 fuit.
488 1264 594 1300 Ante
623 1262 764 1300 aedem
787 1262 939 1300 Cereris
969 1261 1010 1299 in
1039 1269 1175 1312 aperto
1203 1273 1249 1298 ac
1279 1273 1419 1310 propa·
1445 1274 1502 1296 110

92 1328 177 1365 tulo
196 1328 285 1364 1000
306 1327 415 1376 signa
435 1328 515 1365 duo
536 1334 641 1374 sunt,
662 1327 814 1366 Cereris
836 1340 970 1373 unum,
993 1328 1158 1365 alterum
1172 1325 1417 1376 Triptolemi,

93 1393 354 1441 pulcherrima
372 1405 418 1430 ac
439 1393 649 1442 perampla.
711 1391 969 1430 Pulchritudo
991 1391 1176 1441 periculo,
1199 1391 1419 1440 amplitudo

94 1456 207 1494 saluti
228 1456 309 1502 fuit,
334 1457 442 1506 quod
472 1469 608 1494 eorum
639 1456 844 1495 demolitio
873 1464 991 1506 atque
1018 1455 1232 1506 asportatio
1255 1455 1420 1505 perdiffi-

93 1521 177 1558 cilis
197 1520 414 1559 videbatur.
475 1521 688 1560 Insistebat
718 1521 758 1559 in
789 1535 908 1560 manu
939 1521 1092 1560 Cereris
1119 1522 1253 1559 dextra
1274 1521 1421 1570 grande

93 1585 344 1625 simulacrum
366 1587 626 1636 pulcherrime
653 1588 800 1625 factum
820 1586 1020 1625 Victoriae
1038 1601 1048 1633 3
1077 1587 1154 1625 hoc
1174 1586 1246 1624 iste
1267 1599 1289 1624 e
1309 1585 1420 1635 signo

94 1650 246 1688 Cereris
265 1652 515 1689 avellendum
536 1653 900 1701 asportandumque
920 1650 1079 1689 curavit.

149 1714 228 1760 Qui
267 1716 428 1753 tandem
467 1714 577 1753 istius
624 1717 779 1754 animus
827 1723 885 1754 est
932 1728 1038 1753 nunc
1077 1715 1117 1753 in
1151 1716 1421 1754 recordatione
1440 1722 1494 1762 50

96 1779 286 1817 scelerum
307 1792 478 1826 suorum,
501 1793 591 1818 cum
613 1793 686 1830 ego
712 1779 796 1830 ipse
822 1781 862 1817 in
887 1780 1265 1818 commemoratione
1286 1793 1422 1818 eorum

95 1858 176 1882 non
215 1846 342 1882 solum
373 1846 507 1883 animo
539 1858 790 1884 commovear
818 1858 953 1883 verum
988 1844 1106 1884 etiam
1141 1858 1304 1895 corpore
1343 1858 1424 1894 per—

95 1909 347 1947 horrescam?
404 1910 525 1947 Venit
553 1911 658 1948 enim
687 1910 782 1948 mihi
808 1909 898 1956 fani,
922 1909 1008 1955 loci,
1033 1909 1229 1959 religionis
1260 1909 1362 1947 illius
1382 1908 1422 1946 in

96 1982 269 2013 mentem
285 1989 295 2022 3
323 1982 524 2013 versantur
553 1983 645 2013 ante
672 1977 808 2014 oculos
833 1974 978 2021 onmia,
1001 1974 1085 2013 dies
1115 1974 1179 2012 ille
1209 1987 1303 2023 quo,
1332 1986 1423 2011 cum

96 2052 169 2089 ego
211 2041 398 2077 Hennam
434 2040 642 2087 venissem,
677 2047 832 2090 praesto
871 2038 968 2076 mihi
1008 2039 1231 2077 sacerdotes
1272 2037 1424 2077 Cereris

12 2036 15 2055 l

12 2074 17 2166 1
39 2119 80 2149 50
97 2117 188 2141 curn
235 2103 366 2142 infulis
415 2117 461 2142 ac
499 2105 680 2143 verbenis
727 2105 897 2152 fuerunt,
945 2102 1078 2142 contio
1127 2110 1425 2153 conventusque

140 2217 161 2246 3
185 2206 273 2237 enim
298 2211 370 2238 erat
395 2205 516 2246 SWpB:
551 2211 622 2237 erat
647 2207 733 2237 enim
760 2205 793 2236 R
821 2207 866 2245 (v,
889 2209 904 2243 ξ
928 2205 981 2245 79)
1130 2215 1149 2244 5
1176 2204 1299 2235 diutius
1324 2215 1422 2236 aures

96 2255 229 2281 vestras
243 2252 282 2280 πδ
415 2260 432 2289 7
458 2261 477 2280 a
493 2261 556 2281 om.
570 2252 612 2290 ρδ
747 2260 786 2288 19
810 2249 876 2280 His
899 2249 966 2288 (iis)
988 2248 1202 2288 pulchritudo
1213 2249 1257 2287 pb
1381 2259 1419 2280 21

98 2295 224 2332 grande
240 2304 306 2326 om.
321 2295 364 2333 p&
381 2305 388 2324 t
413 2294 536 2333 gracile
555 2293 709 2324 Schwabe
830 2304 869 2329 24
895 2291 1183 2333 recognitionep6
1290 2292 1331 2320 28
1355 2301 1422 2330 quo

98 2348 162 2367 om.
177 2342 226 2376 pr.
249 2337 281 2368 R
301 2336 428 2378 (deinde
452 2336 564 2367 eadem
583 2347 705 2367 mamas
723 2346 790 2375 quo
809 2340 872 2376 pro
897 2345 985 2373 cum)
1006 2334 1054 2365 S:
1086 2344 1152 2373 quo
1178 2344 1242 2373 ego
1261 2333 1421 2365 Hennam

98 2390 174 2410 cum
186 2381 230 2419 p&
