1715 2734
0 0 10 30 ἠὲ

143 111 412 150 ACTIONIS
433 111 493 148 IN
516 110 561 149 C.
583 111 824 148 VERREM
845 110 1143 149 SECVNDAE
1165 112 1269 149 LIB.
1292 113 1351 149 IV
1421 122 1463 158 13
1486 127 1520 156 31

141 221 386 270 perdendum
409 228 498 259 erat.
558 220 668 258 Nihil
688 221 794 259 aliud
815 221 1006 271 optabant
1034 234 1201 271 quorum
1230 222 1465 270 poscebatur

138 293 341 336 argentum
362 285 437 323 nisi
456 292 498 323 ut
518 285 558 323 id
580 285 747 323 Hieroni
768 294 806 323 et
826 287 1060 335 Tlepolemo
1080 285 1315 335 displiceret.

191 352 339 388 Verum
373 351 595 389 mehercule
634 352 721 397 hoc,
758 350 917 397 iudices,
950 350 1090 388 dicam.
1151 350 1319 388 Memini
1354 353 1462 388 Parn-

138 415 287 466 philum
321 415 596 465 Lilybitanum,
623 416 792 454 amicum
825 424 862 454 et
889 415 1083 466 hospitem
1113 429 1259 462 meum,
1287 416 1460 453 nobilem

100 498 116 527 5
136 481 352 528 hominem,
381 480 476 518 mihi
507 494 668 527 narrare,
698 495 787 519 curn
819 481 890 519 iste
918 481 968 518 ab
998 494 1082 519 sese
1112 481 1287 530 hydriam
1321 481 1462 518 Boethi

136 559 254 583 manu
282 546 424 583 factam
455 547 652 595 praeclaro
681 559 799 595 opere
831 553 869 584 et
895 546 1030 596 grandi
1057 547 1232 595 pondere
1265 559 1332 594 per
1356 553 1462 594 pote-

135 618 273 648 statem
296 610 530 657 abstulisset,
555 623 595 648 se
623 623 716 648 sane
745 610 892 649 tristem
924 618 962 648 et
992 611 1268 648 conturbatum
1296 611 1460 648 domum

133 675 345 721 revertisse,
369 676 476 724 quod
505 688 570 712 vas
597 675 680 713 eius
707 675 824 720 modi,
853 676 960 725 quod
985 675 1058 713 sibi
1079 689 1102 712 a
1123 683 1230 725 patre
1258 682 1295 713 et
1322 689 1345 712 a
1371 675 1461 712 mai-

134 740 265 778 oribus
297 747 398 777 esset
428 739 616 786 relictum,
654 753 733 789 quo
763 740 898 778 solitus
927 748 1027 778 esset
1053 739 1108 777 uti
1137 741 1188 778 ad
1217 742 1334 777 festos
1363 740 1457 786 dies,

76 819 114 841 10
132 805 183 842 ad
204 804 404 854 hospitum
426 806 631 852 adventus,
647 818 670 842 a
686 818 727 843 se
743 813 845 842 esset
861 806 1048 843 ablatum.
1100 809 1107 825 ‘
1125 806 1226 844 Cum
1258 806 1459 851 sederem‚⁷

131 869 268 920 inquit,
295 870 424 908 ‘domi
454 870 583 917 tristis,
612 870 777 908 accurrit
798 870 1014 918 Venerius;
1054 870 1163 909 iubet
1198 884 1260 908 me
1290 872 1458 920 scyphos

130 935 315 985 sigillatos
353 937 403 973 ad
435 944 653 985 praetorem
701 936 831 974 statim
870 938 1030 974 adferre.
1102 938 1307 974 Permotus
1347 938 1457 981 sum,⁷

128 1000 280 1050 inquit3
324 1000 460 1039 ‘binos
495 1002 716 1049 habebamg
750 1001 867 1040 iubeo
897 1002 1022 1051 promi
1054 1009 1249 1051 utrosque,
1283 1015 1331 1038 ne
1362 1000 1456 1049 quid

129 1067 215 1116 plus
246 1065 335 1104 mali
367 1073 600 1113 nasceretur,
627 1074 664 1104 et
686 1080 841 1104 mecum
869 1068 919 1104 ad
947 1066 1133 1116 praetoris
1164 1068 1327 1104 domum
1357 1065 1456 1102 ferri.

72 1142 108 1172 15
130 1132 190 1168 Eo
223 1145 314 1169 cum
349 1131 475 1178 venio,
508 1139 661 1181 praetor
699 1131 951 1181 quiescebat3
992 1133 1125 1169 fratres
1159 1130 1211 1168 illi
1248 1130 1455 1179 Cibyratae

128 1195 437 1234 inambulabant.
513 1196 593 1245 Qui
632 1210 695 1234 me
728 1197 796 1235 ubi
831 1196 1021 1242 viderunt,
1063 1195 1175 1233 “Vbi
1207 1203 1308 1242 sunt,
1346 1197 1456 1232 Pam-

127 1261 267 1310 phile‚''
315 1262 508 1312 inquiunt,
554 1265 575 1282 “
593 1261 794 1312 scyphi?”
863 1261 1044 1299 Ostendo
1090 1260 1231 1307 tristis3
1279 1261 1451 1297 laudant.

128 1326 282 1376 Incipio
303 1328 412 1377 queri
435 1341 497 1366 me
519 1327 614 1365 nihil
644 1326 869 1364 habiturum
898 1327 1006 1375 quod
1034 1326 1196 1363 alicuius
1228 1332 1329 1362 esset
1357 1325 1454 1374 preti

126 1391 157 1428 si
178 1392 295 1429 etiam
313 1392 448 1442 scyphi
470 1400 599 1430 essent
620 1391 753 1430 ablati.
800 1393 905 1428 Tum
922 1391 987 1435 illi,
1006 1390 1072 1428 ubi
1091 1404 1153 1428 me
1175 1390 1452 1428 conturbatum

68 1468 107 1490 20
126 1455 271 1503 vident,
297 1459 319 1476 “
333 1456 442 1505 Quid
464 1457 520 1494 vis
542 1456 656 1495 nobis
678 1457 770 1494 dare
792 1463 833 1493 ut
860 1455 921 1493 isti
947 1456 1018 1493 abs
1040 1463 1077 1493 te
1098 1468 1148 1492 ne
1168 1456 1453 1492 auferantur?²’

126 1521 189 1558 Ne
218 1523 351 1569 multa,
392 1523 461 1560 HS
492 1521 597 1560 mille
628 1523 715 1568 me‚'
748 1520 885 1570 inquit,
921 1524 1236 1570 ‘poposcerunt3
1279 1519 1360 1557 dixi
1389 1533 1451 1556 me

124 1587 317 1625 daturum.
387 1589 514 1625 Vocat
548 1587 696 1626 interea
727 1594 890 1637 praetor,
925 1586 1051 1636 poscit
1083 1586 1276 1635 scyphos.’
1344 1586 1449 1622 Tum

123 1649 208 1688 illos
229 1651 406 1702 coepisse
431 1652 597 1702 praetori
627 1652 757 1690 dicere
787 1659 945 1701 putasse
969 1664 1021 1697 se,
1045 1650 1084 1688 id
1105 1651 1214 1700 quod
1234 1649 1447 1696 audissent,

123 1715 286 1754 alicuius
307 1717 403 1767 preti
421 1718 589 1767 scyphos
610 1730 694 1755 esse
712 1715 907 1766 Pamphili
924 1730 932 1763 3
962 1717 1111 1753 luteum
1128 1714 1329 1765 negotium
1350 1728 1445 1760 esse,

66 1792 104 1823 ²5
123 1793 202 1818 non
233 1781 395 1831 dignum
417 1783 526 1831 quod
551 1781 589 1819 in
620 1795 692 1819 suo
715 1788 877 1831 argento
898 1780 1037 1818 Verres
1059 1780 1230 1818 haberet.
1288 1779 1356 1816 Ait
1386 1779 1448 1816 ille

122 1845 226 1884 idem
248 1846 321 1884 sibi
342 1846 474 1885 videri.
535 1848 595 1884 Ita
617 1845 846 1896 Pamphilus
867 1847 1035 1895 scyphos
1056 1844 1227 1894 optimos
1242 1845 1377 1882 aufert.

175 1912 225 1948 Et
247 1912 469 1949 mehercule
490 1924 563 1960 ego
589 1917 716 1957 antea,
739 1909 893 1947 tametsi
915 1910 990 1948 hoc
1016 1909 1150 1947 nescio
1170 1909 1266 1958 quid
1287 1916 1446 1958 nugato-
1468 1927 1507 1957 33

119 1975 216 2013 rium
248 1976 420 2014 sciebam
451 1989 546 2022 esse,
580 1975 652 2013 ista
685 1974 920 2024 intellegere,
950 1982 1080 2012 tamen
1112 1972 1239 2011 mirari
1269 1973 1443 2011 solebam

119 2040 235 2079 istum
276 2041 314 2078 in
353 2041 413 2078 his
452 2040 544 2090 ipsis
582 2041 698 2078 rebus
731 2039 902 2089 aliquem
941 2052 1099 2077 sensum
1134 2039 1289 2084 habere,
1326 2051 1443 2087 quem

1482 331 1524 368 14

1483 391 1520 420 32

13 2125 17 2150 ;
63 2120 101 2150 30
119 2105 257 2144 scirem
289 2107 395 2143 nulla
415 2105 454 2142 in
476 2119 515 2142 re
535 2104 747 2154 quicquam
770 2104 895 2141 simile
925 2103 1095 2141 hominis
1126 2103 1280 2141 habere.
1338 2105 1443 2140 Tum
1466 2116 1505 2153 15

118 2170 286 2220 primum
317 2169 488 2208 intellexi
514 2171 565 2207 ad
595 2183 681 2208 eam
709 2182 789 2206 rem
819 2169 912 2206 istos
934 2170 1067 2206 fratres
1089 2168 1292 2217 Cibyratas
1314 2168 1442 2212 fuisse,

118 2243 159 2273 ut
194 2236 265 2274 iste
293 2236 331 2273 in
363 2236 529 2277 furando
569 2235 750 2272 manibus
790 2234 868 2271 suis
907 2234 1031 2271 oculis
1069 2233 1222 2272 illorum
1258 2241 1438 2272 uteretur.

161 2349 180 2369 2
206 2340 237 2369 id
255 2339 330 2370 Rrr:
355 2350 421 2369 om.
442 2338 471 2368 S
487 2338 553 2369 rell.
723 2337 744 2366 8
767 2347 785 2367 a
803 2338 895 2376 (ante
912 2335 1106 2374 maioribus)
1124 2346 1188 2366 om.
1207 2337 1223 2365 δ
1401 2347 1438 2367 21

118 2383 168 2413 Ne
195 2385 294 2414 multa
311 2384 472 2414 Ciceronis
495 2393 558 2412 non
577 2382 747 2421 Pamphili
768 2392 832 2412 esse
855 2383 948 2413 verba
973 2382 1069 2412 credt't
1082 2382 1302 2421 Lntm‘baclter,
1323 2387 1351 2412 el
1365 2385 1438 2413 scri-

117 2426 260 2457 bendum
278 2438 342 2457 csse
360 2428 412 2457 Ne
432 2427 532 2457 multa
548 2439 554 2464 ;
580 2426 774 2456 ·sestertios
789 2427 794 2437 '
813 2431 876 2457 etc.
970 2432 1195 2464 poposcerant
1212 2425 1293 2456 RS:
1318 2436 1384 2456 om.
1396 2429 1439 2466 p&
