<?xml version="1.0" encoding="UTF-8"?>
<!DOCTYPE html PUBLIC "-//W3C//DTD XHTML 1.0 Transitional//EN"
    "http://www.w3.org/TR/xhtml1/DTD/xhtml1-transitional.dtd">
<html xmlns="http://www.w3.org/1999/xhtml" xml:lang="en" lang="en">
 <head>
  <title>
</title>
<meta http-equiv="Content-Type" content="text/html;charset=utf-8" />
  <meta name='ocr-system' content='tesseract 3.04.00' />
  <meta name='ocr-capabilities' content='ocr_page ocr_carea ocr_par ocr_line ocrx_word'/>
</head>
<body>
  <div class='ocr_page' id='page_1' title='image "./orationesrecogno03ciceuoft/orationesrecogno03ciceuoft_0176.png"; bbox 0 0 1715 2734; ppageno 0'>
   <div class='ocr_carea' id='block_1_1' title="bbox 138 42 1172 88">
    <p class='ocr_par' dir='ltr' id='par_1_1' title="bbox 138 42 1172 88">
     <span class='ocr_line' id='line_1_1' title="bbox 138 42 1172 88; baseline 0.004 -10"><span class='ocrx_word' id='word_1_1' title='bbox 138 48 190 87; x_wconf 87' lang='lat'>32</span> <span class='ocrx_word' id='word_1_2' title='bbox 210 48 247 88; x_wconf 78' lang='lat'>78</span> <span class='ocrx_word' id='word_1_3' title='bbox 576 42 631 79; x_wconf 87' lang='lat' dir='ltr'>M.</span> <span class='ocrx_word' id='word_1_4' title='bbox 663 43 833 80; x_wconf 84' lang='lat' dir='ltr'>TVLLI</span> <span class='ocrx_word' id='word_1_5' title='bbox 863 43 1172 82; x_wconf 80' lang='lat' dir='ltr'>CICERONIS</span> 
     </span>
    </p>
   </div>
   <div class='ocr_carea' id='block_1_2' title="bbox 201 152 1571 595">
    <p class='ocr_par' dir='ltr' id='par_1_2' title="bbox 201 152 1571 595">
     <span class='ocr_line' id='line_1_2' title="bbox 204 152 1535 207; baseline 0.002 -16"><span class='ocrx_word' id='word_1_6' title='bbox 204 160 354 203; x_wconf 87' lang='lat' dir='ltr'>quanto</span> <span class='ocrx_word' id='word_1_7' title='bbox 389 152 507 192; x_wconf 90' lang='lat' dir='ltr'>etiam</span> <span class='ocrx_word' id='word_1_8' title='bbox 540 153 767 192; x_wconf 84' lang='lat' dir='ltr'>sceleratius</span> <span class='ocrx_word' id='word_1_9' title='bbox 805 154 855 192; x_wconf 90' lang='lat' dir='ltr'>ab</span> <span class='ocrx_word' id='word_1_10' title='bbox 890 158 1082 205; x_wconf 82' lang='lat' dir='ltr'>utroque!</span> <span class='ocrx_word' id='word_1_11' title='bbox 1141 155 1281 193; x_wconf 83' lang='lat' dir='ltr'>Fidem</span> <span class='ocrx_word' id='word_1_12' title='bbox 1320 168 1411 194; x_wconf 93' lang='lat' dir='ltr'>cum</span> <span class='ocrx_word' id='word_1_13' title='bbox 1449 169 1535 207; x_wconf 92' lang='lat' dir='ltr'>pro-</span> 
     </span>
     <span class='ocr_line' id='line_1_3' title="bbox 202 217 1534 271; baseline 0.002 -16"><span class='ocrx_word' id='word_1_14' title='bbox 202 217 400 267; x_wconf 87' lang='lat' dir='ltr'>posuisses</span> <span class='ocrx_word' id='word_1_15' title='bbox 430 220 610 257; x_wconf 90' lang='lat' dir='ltr'>venalem</span> <span class='ocrx_word' id='word_1_16' title='bbox 640 218 680 256; x_wconf 92' lang='lat' dir='ltr'>in</span> <span class='ocrx_word' id='word_1_17' title='bbox 711 217 924 267; x_wconf 88' lang='lat' dir='ltr'>provincia,</span> <span class='ocrx_word' id='word_1_18' title='bbox 946 219 1066 257; x_wconf 85' lang='lat' dir='ltr'>valuit</span> <span class='ocrx_word' id='word_1_19' title='bbox 1094 221 1202 269; x_wconf 88' lang='lat' dir='ltr'>apud</span> <span class='ocrx_word' id='word_1_20' title='bbox 1232 228 1270 258; x_wconf 91' lang='lat' dir='ltr'>te</span> <span class='ocrx_word' id='word_1_21' title='bbox 1295 221 1382 270; x_wconf 92' lang='lat' dir='ltr'>plus</span> <span class='ocrx_word' id='word_1_22' title='bbox 1407 220 1438 258; x_wconf 90' lang='lat' dir='ltr'>is</span> <span class='ocrx_word' id='word_1_23' title='bbox 1465 220 1534 271; x_wconf 92' lang='lat' dir='ltr'>qui</span> 
     </span>
     <span class='ocr_line' id='line_1_4' title="bbox 201 282 1534 335; baseline 0.002 -15"><span class='ocrx_word' id='word_1_24' title='bbox 201 282 411 332; x_wconf 89' lang='lat' dir='ltr'>pecuniam</span> <span class='ocrx_word' id='word_1_25' title='bbox 441 283 631 321; x_wconf 86' lang='lat' dir='ltr'>maiorem</span> <span class='ocrx_word' id='word_1_26' title='bbox 661 283 783 321; x_wconf 90' lang='lat' dir='ltr'>dedit.</span> <span class='ocrx_word' id='word_1_27' title='bbox 843 284 1065 332; x_wconf 80' lang='lat' dir='ltr'>Conced03</span> <span class='ocrx_word' id='word_1_28' title='bbox 1107 284 1268 322; x_wconf 87' lang='lat' dir='ltr'>forsitan</span> <span class='ocrx_word' id='word_1_29' title='bbox 1297 285 1439 335; x_wconf 88' lang='lat' dir='ltr'>aliquis</span> <span class='ocrx_word' id='word_1_30' title='bbox 1468 285 1534 323; x_wconf 89' lang='lat' dir='ltr'>ali-</span> 
     </span>
     <span class='ocr_line' id='line_1_5' title="bbox 201 348 1532 398; baseline 0.002 -13"><span class='ocrx_word' id='word_1_31' title='bbox 201 349 364 397; x_wconf 87' lang='lat' dir='ltr'>quando</span> <span class='ocrx_word' id='word_1_32' title='bbox 394 348 478 387; x_wconf 89' lang='lat' dir='ltr'>eius</span> <span class='ocrx_word' id='word_1_33' title='bbox 509 348 619 386; x_wconf 92' lang='lat' dir='ltr'>modi</span> <span class='ocrx_word' id='word_1_34' title='bbox 649 348 855 398; x_wconf 83' lang='lat' dir='ltr'>quidpiam</span> <span class='ocrx_word' id='word_1_35' title='bbox 886 349 1031 387; x_wconf 87' lang='lat' dir='ltr'>fecerit.</span> <span class='ocrx_word' id='word_1_36' title='bbox 1093 350 1195 389; x_wconf 88' lang='lat' dir='ltr'>Cum</span> <span class='ocrx_word' id='word_1_37' title='bbox 1226 363 1318 388; x_wconf 81' lang='lat' dir='ltr'>vero</span> <span class='ocrx_word' id='word_1_38' title='bbox 1346 351 1465 388; x_wconf 86' lang='lat' dir='ltr'>fidem</span> <span class='ocrx_word' id='word_1_39' title='bbox 1485 364 1532 388; x_wconf 89' lang='lat' dir='ltr'>ac</span> 
     </span>
     <span class='ocr_line' id='line_1_6' title="bbox 201 412 1571 466; baseline 0.002 -15"><span class='ocrx_word' id='word_1_40' title='bbox 201 412 429 463; x_wconf 86' lang='lat' dir='ltr'>religionem</span> <span class='ocrx_word' id='word_1_41' title='bbox 478 421 586 451; x_wconf 88' lang='lat' dir='ltr'>tuam</span> <span class='ocrx_word' id='word_1_42' title='bbox 634 413 711 452; x_wconf 93' lang='lat' dir='ltr'>iam</span> <span class='ocrx_word' id='word_1_43' title='bbox 759 413 869 452; x_wconf 85' lang='lat' dir='ltr'>alteri</span> <span class='ocrx_word' id='word_1_44' title='bbox 916 414 1116 453; x_wconf 83' lang='lat' dir='ltr'>addictam</span> <span class='ocrx_word' id='word_1_45' title='bbox 1164 415 1333 465; x_wconf 88' lang='lat' dir='ltr'>pecunia</span> <span class='ocrx_word' id='word_1_46' title='bbox 1370 424 1571 466; x_wconf 87' lang='lat' dir='ltr'>accepta5</span> 
     </span>
     <span class='ocr_line' id='line_1_7' title="bbox 201 478 1532 530; baseline 0.002 -14"><span class='ocrx_word' id='word_1_47' title='bbox 201 478 396 526; x_wconf 85' lang='lat' dir='ltr'>habueris,</span> <span class='ocrx_word' id='word_1_48' title='bbox 431 486 569 529; x_wconf 87' lang='lat' dir='ltr'>postea</span> <span class='ocrx_word' id='word_1_49' title='bbox 602 479 770 517; x_wconf 88' lang='lat' dir='ltr'>eandem</span> <span class='ocrx_word' id='word_1_50' title='bbox 805 479 1028 517; x_wconf 87' lang='lat' dir='ltr'>adversario</span> <span class='ocrx_word' id='word_1_51' title='bbox 1057 480 1262 519; x_wconf 85' lang='lat' dir='ltr'>tradideris</span> <span class='ocrx_word' id='word_1_52' title='bbox 1293 480 1440 519; x_wconf 86' lang='lat' dir='ltr'>maiore</span> <span class='ocrx_word' id='word_1_53' title='bbox 1469 494 1532 530; x_wconf 92' lang='lat' dir='ltr'>pe-</span> 
     </span>
     <span class='ocr_line' id='line_1_8' title="bbox 201 542 1531 595; baseline 0.003 -15"><span class='ocrx_word' id='word_1_54' title='bbox 201 542 328 590; x_wconf 88' lang='lat' dir='ltr'>cunia,</span> <span class='ocrx_word' id='word_1_55' title='bbox 364 552 576 593; x_wconf 88' lang='lat' dir='ltr'>utrumque</span> <span class='ocrx_word' id='word_1_56' title='bbox 614 544 733 590; x_wconf 87' lang='lat' dir='ltr'>falles,</span> <span class='ocrx_word' id='word_1_57' title='bbox 776 552 814 582; x_wconf 89' lang='lat' dir='ltr'>et</span> <span class='ocrx_word' id='word_1_58' title='bbox 853 545 981 582; x_wconf 87' lang='lat' dir='ltr'>trades</span> <span class='ocrx_word' id='word_1_59' title='bbox 1020 545 1083 583; x_wconf 90' lang='lat' dir='ltr'>cui</span> <span class='ocrx_word' id='word_1_60' title='bbox 1115 546 1233 592; x_wconf 70' lang='lat' dir='ltr'>voles,</span> <span class='ocrx_word' id='word_1_61' title='bbox 1271 553 1308 583; x_wconf 89' lang='lat' dir='ltr'>et</span> <span class='ocrx_word' id='word_1_62' title='bbox 1343 544 1377 583; x_wconf 89' lang='lat' dir='ltr'>ei</span> <span class='ocrx_word' id='word_1_63' title='bbox 1412 558 1531 595; x_wconf 90' lang='lat' dir='ltr'>quem</span> 
     </span>
    </p>
   </div>
   <div class='ocr_carea' id='block_1_3' title="bbox 144 608 1531 659">
    <p class='ocr_par' dir='ltr' id='par_1_3' title="bbox 144 608 1531 659">
     <span class='ocr_line' id='line_1_9' title="bbox 144 608 1531 659; baseline 0.002 -14"><span class='ocrx_word' id='word_1_64' title='bbox 144 617 183 650; x_wconf 79' lang='lat'>79</span> <span class='ocrx_word' id='word_1_65' title='bbox 201 608 381 646; x_wconf 88' lang='lat' dir='ltr'>fefelleris</span> <span class='ocrx_word' id='word_1_66' title='bbox 419 621 470 646; x_wconf 90' lang='lat' dir='ltr'>ne</span> <span class='ocrx_word' id='word_1_67' title='bbox 508 608 718 658; x_wconf 89' lang='lat' dir='ltr'>pecuniam</span> <span class='ocrx_word' id='word_1_68' title='bbox 758 608 921 659; x_wconf 89' lang='lat' dir='ltr'>quidem</span> <span class='ocrx_word' id='word_1_69' title='bbox 955 610 1125 647; x_wconf 84' lang='lat' dir='ltr'>reddes?</span> <span class='ocrx_word' id='word_1_70' title='bbox 1183 610 1314 658; x_wconf 86' lang='lat' dir='ltr'>Quem</span> <span class='ocrx_word' id='word_1_71' title='bbox 1354 610 1451 648; x_wconf 86' lang='lat' dir='ltr'>mihi</span> <span class='ocrx_word' id='word_1_72' title='bbox 1489 619 1531 649; x_wconf 89' lang='lat' dir='ltr'>tu</span> 
     </span>
    </p>
   </div>
   <div class='ocr_carea' id='block_1_4' title="bbox 129 1856 164 1887">
    <p class='ocr_par' dir='ltr' id='par_1_4' title="bbox 129 1856 164 1887">
     <span class='ocr_line' id='line_1_10' title="bbox 129 1856 164 1887; baseline -0.029 0"><span class='ocrx_word' id='word_1_73' title='bbox 129 1856 164 1887; x_wconf 84' lang='lat'>81</span> 
     </span>
    </p>
   </div>
   <div class='ocr_carea' id='block_1_5' title="bbox 195 673 1592 1309">
    <p class='ocr_par' dir='ltr' id='par_1_5' title="bbox 195 673 1592 1309">
     <span class='ocr_line' id='line_1_11' title="bbox 201 673 1530 724; baseline 0.002 -13"><span class='ocrx_word' id='word_1_74' title='bbox 201 673 387 720; x_wconf 90' lang='lat' dir='ltr'>Bulbum,</span> <span class='ocrx_word' id='word_1_75' title='bbox 421 687 540 723; x_wconf 89' lang='lat' dir='ltr'>quem</span> <span class='ocrx_word' id='word_1_76' title='bbox 576 674 812 712; x_wconf 84' lang='lat' dir='ltr'>Staienum?</span> <span class='ocrx_word' id='word_1_77' title='bbox 850 675 959 724; x_wconf 89' lang='lat' dir='ltr'>quod</span> <span class='ocrx_word' id='word_1_78' title='bbox 993 688 1184 724; x_wconf 89' lang='lat' dir='ltr'>umquam</span> <span class='ocrx_word' id='word_1_79' title='bbox 1218 675 1382 713; x_wconf 87' lang='lat' dir='ltr'>huiusce</span> <span class='ocrx_word' id='word_1_80' title='bbox 1421 675 1530 714; x_wconf 93' lang='lat' dir='ltr'>modi</span> 
     </span>
     <span class='ocr_line' id='line_1_12' title="bbox 200 738 1592 789; baseline 0.001 -13"><span class='ocrx_word' id='word_1_81' title='bbox 200 746 419 776; x_wconf 88' lang='lat' dir='ltr'>monstrum</span> <span class='ocrx_word' id='word_1_82' title='bbox 446 746 514 776; x_wconf 90' lang='lat' dir='ltr'>aut</span> <span class='ocrx_word' id='word_1_83' title='bbox 541 738 765 789; x_wconf 85' lang='lat' dir='ltr'>prodigium</span> <span class='ocrx_word' id='word_1_84' title='bbox 794 738 1018 777; x_wconf 87' lang='lat' dir='ltr'>audivimus</span> <span class='ocrx_word' id='word_1_85' title='bbox 1044 747 1112 778; x_wconf 92' lang='lat' dir='ltr'>aut</span> <span class='ocrx_word' id='word_1_86' title='bbox 1139 739 1319 787; x_wconf 87' lang='lat' dir='ltr'>vidimus,</span> <span class='ocrx_word' id='word_1_87' title='bbox 1344 740 1411 789; x_wconf 89' lang='lat' dir='ltr'>qui</span> <span class='ocrx_word' id='word_1_88' title='bbox 1436 753 1529 778; x_wconf 91' lang='lat' dir='ltr'>cum</span> <span class='ocrx_word' id='word_1_89' title='bbox 1553 751 1592 775; x_wconf 91' lang='lat'>10</span> 
     </span>
     <span class='ocr_line' id='line_1_13' title="bbox 198 803 1529 854; baseline 0.002 -13"><span class='ocrx_word' id='word_1_90' title='bbox 198 816 266 841; x_wconf 90' lang='lat' dir='ltr'>reo</span> <span class='ocrx_word' id='word_1_91' title='bbox 313 803 509 854; x_wconf 84' lang='lat' dir='ltr'>transigat,</span> <span class='ocrx_word' id='word_1_92' title='bbox 558 811 647 854; x_wconf 90' lang='lat' dir='ltr'>post</span> <span class='ocrx_word' id='word_1_93' title='bbox 699 817 790 842; x_wconf 89' lang='lat' dir='ltr'>cum</span> <span class='ocrx_word' id='word_1_94' title='bbox 838 811 1067 842; x_wconf 86' lang='lat' dir='ltr'>accusatore</span> <span class='ocrx_word' id='word_1_95' title='bbox 1115 804 1285 851; x_wconf 84' lang='lat' dir='ltr'>decidat,</span> <span class='ocrx_word' id='word_1_96' title='bbox 1340 806 1529 843; x_wconf 82' lang='lat' dir='ltr'>honestos</span> 
     </span>
     <span class='ocr_line' id='line_1_14' title="bbox 199 868 1526 919; baseline 0.002 -13"><span class='ocrx_word' id='word_1_97' title='bbox 199 868 390 915; x_wconf 89' lang='lat' dir='ltr'>homines,</span> <span class='ocrx_word' id='word_1_98' title='bbox 414 869 481 919; x_wconf 92' lang='lat' dir='ltr'>qui</span> <span class='ocrx_word' id='word_1_99' title='bbox 509 882 669 907; x_wconf 89' lang='lat' dir='ltr'>causam</span> <span class='ocrx_word' id='word_1_100' title='bbox 695 868 842 916; x_wconf 87' lang='lat' dir='ltr'>norint,</span> <span class='ocrx_word' id='word_1_101' title='bbox 861 869 1016 919; x_wconf 85' lang='lat' dir='ltr'>ableget</span> <span class='ocrx_word' id='word_1_102' title='bbox 1035 883 1059 907; x_wconf 89' lang='lat' dir='ltr'>a</span> <span class='ocrx_word' id='word_1_103' title='bbox 1078 869 1325 919; x_wconf 90' lang='lat' dir='ltr'>consilioque</span> <span class='ocrx_word' id='word_1_104' title='bbox 1343 870 1526 917; x_wconf 89' lang='lat' dir='ltr'>dimittat,</span> 
     </span>
     <span class='ocr_line' id='line_1_15' title="bbox 198 932 1526 984; baseline 0.001 -13"><span class='ocrx_word' id='word_1_105' title='bbox 198 932 282 983; x_wconf 88' lang='lat' dir='ltr'>ipse</span> <span class='ocrx_word' id='word_1_106' title='bbox 320 935 426 972; x_wconf 90' lang='lat' dir='ltr'>solus</span> <span class='ocrx_word' id='word_1_107' title='bbox 464 948 575 973; x_wconf 89' lang='lat' dir='ltr'>reum</span> <span class='ocrx_word' id='word_1_108' title='bbox 613 934 853 981; x_wconf 84' lang='lat' dir='ltr'>absolutum,</span> <span class='ocrx_word' id='word_1_109' title='bbox 893 947 916 972; x_wconf 93' lang='lat' dir='ltr'>a</span> <span class='ocrx_word' id='word_1_110' title='bbox 954 947 1035 984; x_wconf 92' lang='lat' dir='ltr'>quo</span> <span class='ocrx_word' id='word_1_111' title='bbox 1074 934 1282 984; x_wconf 87' lang='lat' dir='ltr'>pecuniam</span> <span class='ocrx_word' id='word_1_112' title='bbox 1321 934 1526 984; x_wconf 86' lang='lat' dir='ltr'>acceperit,</span> 
     </span>
     <span class='ocr_line' id='line_1_16' title="bbox 196 998 1530 1049; baseline -0.001 -12"><span class='ocrx_word' id='word_1_113' title='bbox 196 1000 439 1037; x_wconf 87' lang='lat' dir='ltr'>condemnet</span> <span class='ocrx_word' id='word_1_114' title='bbox 465 998 756 1049; x_wconf 89' lang='lat' dir='ltr'>pecuniamque</span> <span class='ocrx_word' id='word_1_115' title='bbox 786 1012 867 1037; x_wconf 88' lang='lat' dir='ltr'>non</span> <span class='ocrx_word' id='word_1_116' title='bbox 894 999 1063 1037; x_wconf 86' lang='lat' dir='ltr'>reddat?</span> <span class='ocrx_word' id='word_1_117' title='bbox 1120 1000 1243 1036; x_wconf 87' lang='lat' dir='ltr'>Hunc</span> <span class='ocrx_word' id='word_1_118' title='bbox 1263 998 1466 1037; x_wconf 88' lang='lat' dir='ltr'>hominem</span> <span class='ocrx_word' id='word_1_119' title='bbox 1489 999 1530 1037; x_wconf 91' lang='lat' dir='ltr'>in</span> 
     </span>
     <span class='ocr_line' id='line_1_17' title="bbox 196 1063 1586 1109; baseline 0 -8"><span class='ocrx_word' id='word_1_120' title='bbox 196 1063 372 1102; x_wconf 90' lang='lat' dir='ltr'>iudicum</span> <span class='ocrx_word' id='word_1_121' title='bbox 403 1078 570 1103; x_wconf 89' lang='lat' dir='ltr'>numero</span> <span class='ocrx_word' id='word_1_122' title='bbox 599 1063 866 1102; x_wconf 85' lang='lat' dir='ltr'>habebimus?</span> <span class='ocrx_word' id='word_1_123' title='bbox 904 1063 968 1102; x_wconf 90' lang='lat' dir='ltr'>hic</span> <span class='ocrx_word' id='word_1_124' title='bbox 996 1065 1159 1102; x_wconf 89' lang='lat' dir='ltr'>alteram</span> <span class='ocrx_word' id='word_1_125' title='bbox 1187 1063 1389 1102; x_wconf 89' lang='lat' dir='ltr'>decuriam</span> <span class='ocrx_word' id='word_1_126' title='bbox 1419 1077 1528 1102; x_wconf 85' lang='lat' dir='ltr'>sena·</span> <span class='ocrx_word' id='word_1_127' title='bbox 1547 1075 1586 1109; x_wconf 85' lang='lat'>15</span> 
     </span>
     <span class='ocr_line' id='line_1_18' title="bbox 195 1128 1528 1180; baseline 0.001 -14"><span class='ocrx_word' id='word_1_128' title='bbox 195 1128 335 1166; x_wconf 89' lang='lat' dir='ltr'>toriam</span> <span class='ocrx_word' id='word_1_129' title='bbox 375 1128 493 1167; x_wconf 88' lang='lat' dir='ltr'>iudex</span> <span class='ocrx_word' id='word_1_130' title='bbox 531 1128 758 1168; x_wconf 86' lang='lat' dir='ltr'>obtinebit?</span> <span class='ocrx_word' id='word_1_131' title='bbox 797 1128 862 1167; x_wconf 89' lang='lat' dir='ltr'>hic</span> <span class='ocrx_word' id='word_1_132' title='bbox 901 1130 952 1167; x_wconf 91' lang='lat' dir='ltr'>de</span> <span class='ocrx_word' id='word_1_133' title='bbox 990 1128 1119 1180; x_wconf 87' lang='lat' dir='ltr'>capite</span> <span class='ocrx_word' id='word_1_134' title='bbox 1149 1128 1275 1168; x_wconf 89' lang='lat' dir='ltr'>libero</span> <span class='ocrx_word' id='word_1_135' title='bbox 1307 1128 1528 1168; x_wconf 86' lang='lat' dir='ltr'>iudicabit?</span> 
     </span>
     <span class='ocr_line' id='line_1_19' title="bbox 195 1193 1527 1245; baseline 0.002 -14"><span class='ocrx_word' id='word_1_136' title='bbox 195 1193 288 1232; x_wconf 91' lang='lat' dir='ltr'>huic</span> <span class='ocrx_word' id='word_1_137' title='bbox 315 1193 509 1232; x_wconf 87' lang='lat' dir='ltr'>iudicialis</span> <span class='ocrx_word' id='word_1_138' title='bbox 536 1195 682 1233; x_wconf 85' lang='lat' dir='ltr'>tabella</span> <span class='ocrx_word' id='word_1_139' title='bbox 709 1194 1007 1233; x_wconf 89' lang='lat' dir='ltr'>committetur?</span> <span class='ocrx_word' id='word_1_140' title='bbox 1063 1208 1183 1245; x_wconf 88' lang='lat' dir='ltr'>quam</span> <span class='ocrx_word' id='word_1_141' title='bbox 1210 1194 1282 1233; x_wconf 88' lang='lat' dir='ltr'>iste</span> <span class='ocrx_word' id='word_1_142' title='bbox 1301 1208 1384 1233; x_wconf 90' lang='lat' dir='ltr'>non</span> <span class='ocrx_word' id='word_1_143' title='bbox 1404 1195 1527 1233; x_wconf 92' lang='lat' dir='ltr'>modo</span> 
     </span>
     <span class='ocr_line' id='line_1_20' title="bbox 197 1259 1308 1309; baseline 0.002 -13"><span class='ocrx_word' id='word_1_144' title='bbox 197 1271 297 1306; x_wconf 91' lang='lat' dir='ltr'>cera,</span> <span class='ocrx_word' id='word_1_145' title='bbox 319 1273 454 1298; x_wconf 85' lang='lat' dir='ltr'>verum</span> <span class='ocrx_word' id='word_1_146' title='bbox 474 1259 593 1299; x_wconf 90' lang='lat' dir='ltr'>etiam</span> <span class='ocrx_word' id='word_1_147' title='bbox 615 1260 816 1309; x_wconf 87' lang='lat' dir='ltr'>sanguine,</span> <span class='ocrx_word' id='word_1_148' title='bbox 840 1260 870 1298; x_wconf 90' lang='lat' dir='ltr'>si</span> <span class='ocrx_word' id='word_1_149' title='bbox 892 1260 1018 1298; x_wconf 90' lang='lat' dir='ltr'>visum</span> <span class='ocrx_word' id='word_1_150' title='bbox 1040 1259 1121 1307; x_wconf 90' lang='lat' dir='ltr'>erit,</span> <span class='ocrx_word' id='word_1_151' title='bbox 1144 1259 1308 1299; x_wconf 89' lang='lat' dir='ltr'>notabit.</span> 
     </span>
    </p>
   </div>
   <div class='ocr_carea' id='block_1_6' title="bbox 127 1311 1522 1394">
    <p class='ocr_par' dir='ltr' id='par_1_6' title="bbox 127 1311 1522 1394">
     <span class='ocr_line' id='line_1_21' title="bbox 127 1311 1522 1394; baseline 0.001 -32"><span class='ocrx_word' id='word_1_152' title='bbox 127 1311 179 1394; x_wconf 55' lang='lat'>383</span> <span class='ocrx_word' id='word_1_153' title='bbox 253 1324 362 1373; x_wconf 88' lang='lat' dir='ltr'>Quid</span> <span class='ocrx_word' id='word_1_154' title='bbox 383 1324 489 1363; x_wconf 89' lang='lat' dir='ltr'>enim</span> <span class='ocrx_word' id='word_1_155' title='bbox 510 1326 651 1363; x_wconf 89' lang='lat' dir='ltr'>horum</span> <span class='ocrx_word' id='word_1_156' title='bbox 672 1338 714 1363; x_wconf 88' lang='lat' dir='ltr'>se</span> <span class='ocrx_word' id='word_1_157' title='bbox 734 1333 851 1374; x_wconf 82' lang='lat' dir='ltr'>negat</span> <span class='ocrx_word' id='word_1_158' title='bbox 871 1325 1040 1363; x_wconf 87' lang='lat' dir='ltr'>fecisse?</span> <span class='ocrx_word' id='word_1_159' title='bbox 1067 1324 1165 1364; x_wconf 92' lang='lat' dir='ltr'>illud</span> <span class='ocrx_word' id='word_1_160' title='bbox 1184 1325 1367 1364; x_wconf 88' lang='lat' dir='ltr'>videlicet</span> <span class='ocrx_word' id='word_1_161' title='bbox 1387 1339 1522 1373; x_wconf 91' lang='lat' dir='ltr'>unum,</span> 
     </span>
    </p>
   </div>
   <div class='ocr_carea' id='block_1_7' title="bbox 186 1390 1586 2167">
    <p class='ocr_par' dir='ltr' id='par_1_7' title="bbox 186 1390 1586 2028">
     <span class='ocr_line' id='line_1_22' title="bbox 195 1390 1586 1442; baseline 0.001 -14"><span class='ocrx_word' id='word_1_162' title='bbox 195 1391 304 1440; x_wconf 90' lang='lat' dir='ltr'>quod</span> <span class='ocrx_word' id='word_1_163' title='bbox 335 1404 496 1429; x_wconf 88' lang='lat' dir='ltr'>necesse</span> <span class='ocrx_word' id='word_1_164' title='bbox 522 1398 591 1437; x_wconf 91' lang='lat' dir='ltr'>est,</span> <span class='ocrx_word' id='word_1_165' title='bbox 614 1390 824 1440; x_wconf 86' lang='lat' dir='ltr'>pecuniam</span> <span class='ocrx_word' id='word_1_166' title='bbox 845 1390 1054 1440; x_wconf 88' lang='lat' dir='ltr'>accepisse.</span> <span class='ocrx_word' id='word_1_167' title='bbox 1114 1390 1265 1439; x_wconf 87' lang='lat' dir='ltr'>Quidni</span> <span class='ocrx_word' id='word_1_168' title='bbox 1287 1391 1358 1430; x_wconf 89' lang='lat' dir='ltr'>iste</span> <span class='ocrx_word' id='word_1_169' title='bbox 1378 1393 1524 1442; x_wconf 88' lang='lat' dir='ltr'>neget?</span> <span class='ocrx_word' id='word_1_170' title='bbox 1546 1404 1586 1425; x_wconf 86' lang='lat'>20</span> 
     </span>
     <span class='ocr_line' id='line_1_23' title="bbox 192 1455 1523 1506; baseline 0.001 -13"><span class='ocrx_word' id='word_1_171' title='bbox 192 1457 245 1493; x_wconf 88' lang='lat' dir='ltr'>At</span> <span class='ocrx_word' id='word_1_172' title='bbox 275 1468 395 1505; x_wconf 85' lang='lat' dir='ltr'>eques</span> <span class='ocrx_word' id='word_1_173' title='bbox 428 1457 647 1502; x_wconf 89' lang='lat' dir='ltr'>Romanus,</span> <span class='ocrx_word' id='word_1_174' title='bbox 679 1455 747 1505; x_wconf 90' lang='lat' dir='ltr'>qui</span> <span class='ocrx_word' id='word_1_175' title='bbox 778 1457 988 1505; x_wconf 87' lang='lat' dir='ltr'>Sopatrum</span> <span class='ocrx_word' id='word_1_176' title='bbox 1019 1455 1206 1502; x_wconf 86' lang='lat' dir='ltr'>defendit,</span> <span class='ocrx_word' id='word_1_177' title='bbox 1239 1455 1307 1506; x_wconf 92' lang='lat' dir='ltr'>qui</span> <span class='ocrx_word' id='word_1_178' title='bbox 1337 1456 1523 1495; x_wconf 90' lang='lat' dir='ltr'>omnibus</span> 
     </span>
     <span class='ocr_line' id='line_1_24' title="bbox 190 1519 1522 1570; baseline 0.002 -12"><span class='ocrx_word' id='word_1_179' title='bbox 190 1519 274 1558; x_wconf 91' lang='lat' dir='ltr'>eius</span> <span class='ocrx_word' id='word_1_180' title='bbox 299 1520 473 1558; x_wconf 90' lang='lat' dir='ltr'>consiliis</span> <span class='ocrx_word' id='word_1_181' title='bbox 502 1521 700 1570; x_wconf 86' lang='lat' dir='ltr'>rebusque</span> <span class='ocrx_word' id='word_1_182' title='bbox 728 1520 912 1567; x_wconf 85' lang='lat' dir='ltr'>interfuit,</span> <span class='ocrx_word' id='word_1_183' title='bbox 938 1521 987 1569; x_wconf 88' lang='lat' dir='ltr'>Q.</span> <span class='ocrx_word' id='word_1_184' title='bbox 1014 1520 1228 1568; x_wconf 79' lang='lat' dir='ltr'>Minucius,</span> <span class='ocrx_word' id='word_1_185' title='bbox 1252 1521 1397 1559; x_wconf 85' lang='lat' dir='ltr'>iuratus</span> <span class='ocrx_word' id='word_1_186' title='bbox 1427 1521 1522 1560; x_wconf 90' lang='lat' dir='ltr'>dicit</span> 
     </span>
     <span class='ocr_line' id='line_1_25' title="bbox 189 1585 1521 1636; baseline 0 -12"><span class='ocrx_word' id='word_1_187' title='bbox 189 1585 398 1636; x_wconf 90' lang='lat' dir='ltr'>pecuniam</span> <span class='ocrx_word' id='word_1_188' title='bbox 419 1586 565 1633; x_wconf 89' lang='lat' dir='ltr'>datam,</span> <span class='ocrx_word' id='word_1_189' title='bbox 588 1585 735 1624; x_wconf 88' lang='lat' dir='ltr'>iuratus</span> <span class='ocrx_word' id='word_1_190' title='bbox 750 1585 845 1624; x_wconf 85' lang='lat' dir='ltr'>dicit</span> <span class='ocrx_word' id='word_1_191' title='bbox 859 1585 1154 1624; x_wconf 86' lang='lat' dir='ltr'>Timarchidem</span> <span class='ocrx_word' id='word_1_192' title='bbox 1172 1586 1316 1624; x_wconf 79' lang='lat' dir='ltr'>dixisse</span> <span class='ocrx_word' id='word_1_193' title='bbox 1333 1586 1521 1625; x_wconf 88' lang='lat' dir='ltr'>maiorem</span> 
     </span>
     <span class='ocr_line' id='line_1_26' title="bbox 189 1650 1519 1701; baseline 0 -12"><span class='ocrx_word' id='word_1_194' title='bbox 189 1650 399 1701; x_wconf 88' lang='lat' dir='ltr'>pecuniam</span> <span class='ocrx_word' id='word_1_195' title='bbox 429 1651 480 1689; x_wconf 90' lang='lat' dir='ltr'>ab</span> <span class='ocrx_word' id='word_1_196' title='bbox 509 1650 805 1689; x_wconf 86' lang='lat' dir='ltr'>accusatoribus</span> <span class='ocrx_word' id='word_1_197' title='bbox 836 1650 944 1698; x_wconf 66' lang='lat' dir='ltr'>dari,</span> <span class='ocrx_word' id='word_1_198' title='bbox 987 1650 1120 1688; x_wconf 89' lang='lat' dir='ltr'>dicent</span> <span class='ocrx_word' id='word_1_199' title='bbox 1150 1651 1227 1689; x_wconf 87' lang='lat' dir='ltr'>hoc</span> <span class='ocrx_word' id='word_1_200' title='bbox 1254 1651 1365 1689; x_wconf 88' lang='lat' dir='ltr'>multi</span> <span class='ocrx_word' id='word_1_201' title='bbox 1387 1651 1519 1699; x_wconf 83' lang='lat' dir='ltr'>Siculi,</span> 
     </span>
     <span class='ocr_line' id='line_1_27' title="bbox 189 1715 1579 1767; baseline 0.001 -13"><span class='ocrx_word' id='word_1_202' title='bbox 189 1715 322 1755; x_wconf 87' lang='lat' dir='ltr'>dicent</span> <span class='ocrx_word' id='word_1_203' title='bbox 347 1729 485 1754; x_wconf 90' lang='lat' dir='ltr'>omnes</span> <span class='ocrx_word' id='word_1_204' title='bbox 515 1716 786 1765; x_wconf 84' lang='lat' dir='ltr'>Halicyenses,</span> <span class='ocrx_word' id='word_1_205' title='bbox 811 1716 915 1754; x_wconf 85' lang='lat' dir='ltr'>dicet</span> <span class='ocrx_word' id='word_1_206' title='bbox 943 1715 1060 1754; x_wconf 88' lang='lat' dir='ltr'>etiam</span> <span class='ocrx_word' id='word_1_207' title='bbox 1083 1724 1345 1766; x_wconf 79' lang='lat' dir='ltr'>praetextatus</span> <span class='ocrx_word' id='word_1_208' title='bbox 1366 1717 1520 1767; x_wconf 87' lang='lat' dir='ltr'>Sopatri</span> <span class='ocrx_word' id='word_1_209' title='bbox 1541 1729 1579 1761; x_wconf 85' lang='lat'>25</span> 
     </span>
     <span class='ocr_line' id='line_1_28' title="bbox 190 1781 1520 1832; baseline 0.001 -12"><span class='ocrx_word' id='word_1_210' title='bbox 190 1781 302 1830; x_wconf 88' lang='lat' dir='ltr'>filius,</span> <span class='ocrx_word' id='word_1_211' title='bbox 325 1781 393 1831; x_wconf 91' lang='lat' dir='ltr'>qui</span> <span class='ocrx_word' id='word_1_212' title='bbox 413 1783 464 1820; x_wconf 89' lang='lat' dir='ltr'>ab</span> <span class='ocrx_word' id='word_1_213' title='bbox 485 1781 560 1820; x_wconf 89' lang='lat' dir='ltr'>isto</span> <span class='ocrx_word' id='word_1_214' title='bbox 582 1781 744 1820; x_wconf 89' lang='lat' dir='ltr'>homine</span> <span class='ocrx_word' id='word_1_215' title='bbox 765 1781 1038 1820; x_wconf 89' lang='lat' dir='ltr'>crudelissimo</span> <span class='ocrx_word' id='word_1_216' title='bbox 1060 1789 1168 1832; x_wconf 88' lang='lat' dir='ltr'>patre</span> <span class='ocrx_word' id='word_1_217' title='bbox 1194 1782 1520 1821; x_wconf 88' lang='lat' dir='ltr'>innocentissimo</span> 
     </span>
     <span class='ocr_line' id='line_1_29' title="bbox 189 1846 1520 1898; baseline 0.002 -14"><span class='ocrx_word' id='word_1_218' title='bbox 189 1847 437 1898; x_wconf 87' lang='lat' dir='ltr'>pecuniaque</span> <span class='ocrx_word' id='word_1_219' title='bbox 476 1846 600 1897; x_wconf 89' lang='lat' dir='ltr'>patria</span> <span class='ocrx_word' id='word_1_220' title='bbox 638 1846 809 1897; x_wconf 87' lang='lat' dir='ltr'>privatus</span> <span class='ocrx_word' id='word_1_221' title='bbox 855 1854 923 1885; x_wconf 91' lang='lat' dir='ltr'>est.</span> <span class='ocrx_word' id='word_1_222' title='bbox 984 1848 1132 1884; x_wconf 83' lang='lat' dir='ltr'>Verum</span> <span class='ocrx_word' id='word_1_223' title='bbox 1181 1846 1211 1885; x_wconf 92' lang='lat' dir='ltr'>si</span> <span class='ocrx_word' id='word_1_224' title='bbox 1259 1848 1310 1886; x_wconf 88' lang='lat' dir='ltr'>de</span> <span class='ocrx_word' id='word_1_225' title='bbox 1352 1848 1520 1897; x_wconf 88' lang='lat' dir='ltr'>pecunia</span> 
     </span>
     <span class='ocr_line' id='line_1_30' title="bbox 188 1912 1518 1963; baseline 0.001 -12"><span class='ocrx_word' id='word_1_226' title='bbox 188 1912 354 1951; x_wconf 89' lang='lat' dir='ltr'>testibus</span> <span class='ocrx_word' id='word_1_227' title='bbox 381 1914 543 1963; x_wconf 89' lang='lat' dir='ltr'>planum</span> <span class='ocrx_word' id='word_1_228' title='bbox 571 1913 697 1951; x_wconf 87' lang='lat' dir='ltr'>facere</span> <span class='ocrx_word' id='word_1_229' title='bbox 722 1926 803 1950; x_wconf 93' lang='lat' dir='ltr'>non</span> <span class='ocrx_word' id='word_1_230' title='bbox 824 1925 992 1962; x_wconf 84' lang='lat' dir='ltr'>possem,</span> <span class='ocrx_word' id='word_1_231' title='bbox 1017 1912 1114 1950; x_wconf 91' lang='lat' dir='ltr'>illud</span> <span class='ocrx_word' id='word_1_232' title='bbox 1134 1926 1276 1963; x_wconf 86' lang='lat' dir='ltr'>negare</span> <span class='ocrx_word' id='word_1_233' title='bbox 1296 1926 1431 1963; x_wconf 80' lang='lat' dir='ltr'>posses</span> <span class='ocrx_word' id='word_1_234' title='bbox 1451 1922 1518 1952; x_wconf 91' lang='lat' dir='ltr'>aut</span> 
     </span>
     <span class='ocr_line' id='line_1_31' title="bbox 186 1977 1517 2028; baseline 0 -12"><span class='ocrx_word' id='word_1_235' title='bbox 186 1991 293 2016; x_wconf 90' lang='lat' dir='ltr'>nunc</span> <span class='ocrx_word' id='word_1_236' title='bbox 314 1977 489 2028; x_wconf 84' lang='lat' dir='ltr'>negabis,</span> <span class='ocrx_word' id='word_1_237' title='bbox 511 1985 548 2016; x_wconf 89' lang='lat' dir='ltr'>te</span> <span class='ocrx_word' id='word_1_238' title='bbox 569 1977 735 2016; x_wconf 81' lang='lat' dir='ltr'>consilio</span> <span class='ocrx_word' id='word_1_239' title='bbox 766 1986 834 2015; x_wconf 90' lang='lat' dir='ltr'>tuo</span> <span class='ocrx_word' id='word_1_240' title='bbox 862 1977 1037 2024; x_wconf 86' lang='lat' dir='ltr'>dimisso,</span> <span class='ocrx_word' id='word_1_241' title='bbox 1067 1977 1156 2015; x_wconf 84' lang='lat' dir='ltr'>viris</span> <span class='ocrx_word' id='word_1_242' title='bbox 1177 1977 1368 2027; x_wconf 87' lang='lat' dir='ltr'>primariis</span> <span class='ocrx_word' id='word_1_243' title='bbox 1389 1978 1456 2027; x_wconf 91' lang='lat' dir='ltr'>qui</span> <span class='ocrx_word' id='word_1_244' title='bbox 1477 1978 1517 2016; x_wconf 87' lang='lat' dir='ltr'>in</span> 
     </span>
    </p>

    <p class='ocr_par' dir='ltr' id='par_1_8' title="bbox 187 2081 1516 2167">
     <span class='ocr_line' id='line_1_32' title="bbox 231 2081 1516 2123; baseline 0.001 -11"><span class='ocrx_word' id='word_1_245' title='bbox 231 2091 249 2121; x_wconf 91' lang='lat'><strong>5</strong></span> <span class='ocrx_word' id='word_1_246' title='bbox 274 2082 338 2113; x_wconf 88' lang='lat' dir='ltr'>iam</span> <span class='ocrx_word' id='word_1_247' title='bbox 355 2081 425 2113; x_wconf 88' lang='lat' dir='ltr'>cO:</span> <span class='ocrx_word' id='word_1_248' title='bbox 452 2093 517 2113; x_wconf 87' lang='lat' dir='ltr'>om.</span> <span class='ocrx_word' id='word_1_249' title='bbox 532 2088 557 2123; x_wconf 82' lang='lat' dir='ltr'>p</span> <span class='ocrx_word' id='word_1_250' title='bbox 574 2082 638 2114; x_wconf 78' lang='lat' dir='ltr'>rell.</span> <span class='ocrx_word' id='word_1_251' title='bbox 732 2088 872 2122; x_wconf 80' lang='lat' dir='ltr'>accepta</span> <span class='ocrx_word' id='word_1_252' title='bbox 891 2083 1034 2122; x_wconf 88' lang='lat' dir='ltr'>pecunia</span> <span class='ocrx_word' id='word_1_253' title='bbox 1053 2081 1083 2112; x_wconf 87' lang='lat' dir='ltr'><em>O</em></span> <span class='ocrx_word' id='word_1_254' title='bbox 1192 2084 1213 2113; x_wconf 90' lang='lat'><strong>6</strong></span> <span class='ocrx_word' id='word_1_255' title='bbox 1236 2087 1356 2122; x_wconf 77' lang='lat' dir='ltr'>postea</span> <span class='ocrx_word' id='word_1_256' title='bbox 1374 2082 1516 2113; x_wconf 85' lang='lat' dir='ltr'>eandem</span> 
     </span>
     <span class='ocr_line' id='line_1_33' title="bbox 187 2123 1516 2167; baseline 0.002 -12"><span class='ocrx_word' id='word_1_257' title='bbox 187 2123 325 2157; x_wconf 82' lang='lat' dir='ltr'>Muell.:</span> <span class='ocrx_word' id='word_1_258' title='bbox 361 2131 477 2165; x_wconf 85' lang='lat' dir='ltr'>postea</span> <span class='ocrx_word' id='word_1_259' title='bbox 502 2127 636 2157; x_wconf 83' lang='lat' dir='ltr'>tandem</span> <span class='ocrx_word' id='word_1_260' title='bbox 666 2125 718 2156; x_wconf 90' lang='lat' dir='ltr'>O:</span> <span class='ocrx_word' id='word_1_261' title='bbox 755 2132 831 2166; x_wconf 88' lang='lat' dir='ltr'>post</span> <span class='ocrx_word' id='word_1_262' title='bbox 859 2127 1001 2157; x_wconf 86' lang='lat' dir='ltr'>eandem</span> <span class='ocrx_word' id='word_1_263' title='bbox 1024 2125 1068 2167; x_wconf 83' lang='lat' dir='ltr'>pb</span> <span class='ocrx_word' id='word_1_264' title='bbox 1080 2125 1122 2157; x_wconf 86' lang='lat' dir='ltr'>al.</span> <span class='ocrx_word' id='word_1_265' title='bbox 1223 2127 1415 2157; x_wconf 78' lang='lat' dir='ltr'>adversario</span> <span class='ocrx_word' id='word_1_266' title='bbox 1444 2125 1516 2157; x_wconf 89' lang='lat' dir='ltr'>cO:</span> 
     </span>
    </p>
   </div>
   <div class='ocr_carea' id='block_1_8' title="bbox 186 2169 1516 2253">
    <p class='ocr_par' dir='ltr' id='par_1_9' title="bbox 186 2169 1516 2253">
     <span class='ocr_line' id='line_1_34' title="bbox 186 2169 1516 2209; baseline 0.001 -10"><span class='ocrx_word' id='word_1_267' title='bbox 186 2169 277 2209; x_wconf 84' lang='lat' dir='ltr'>-iisp</span> <span class='ocrx_word' id='word_1_268' title='bbox 294 2169 361 2200; x_wconf 85' lang='lat' dir='ltr'>rell.</span> <span class='ocrx_word' id='word_1_269' title='bbox 498 2180 514 2209; x_wconf 93' lang='lat'>7</span> <span class='ocrx_word' id='word_1_270' title='bbox 541 2175 574 2200; x_wconf 85' lang='lat' dir='ltr'>et</span> <span class='ocrx_word' id='word_1_271' title='bbox 592 2170 703 2200; x_wconf 86' lang='lat' dir='ltr'>trades</span> <span class='ocrx_word' id='word_1_272' title='bbox 721 2170 773 2200; x_wconf 87' lang='lat' dir='ltr'>cui</span> <span class='ocrx_word' id='word_1_273' title='bbox 792 2170 885 2200; x_wconf 90' lang='lat' dir='ltr'>voles</span> <span class='ocrx_word' id='word_1_274' title='bbox 901 2181 966 2200; x_wconf 89' lang='lat' dir='ltr'>om.</span> <span class='ocrx_word' id='word_1_275' title='bbox 988 2169 1018 2199; x_wconf 89' lang='lat' dir='ltr'>O</span> <span class='ocrx_word' id='word_1_276' title='bbox 1134 2179 1155 2208; x_wconf 93' lang='lat'><strong>9</strong></span> <span class='ocrx_word' id='word_1_277' title='bbox 1179 2170 1319 2200; x_wconf 85' lang='lat' dir='ltr'>huiusce</span> <span class='ocrx_word' id='word_1_278' title='bbox 1339 2169 1390 2200; x_wconf 83' lang='lat' dir='ltr'>O:</span> <span class='ocrx_word' id='word_1_279' title='bbox 1417 2170 1516 2201; x_wconf 88' lang='lat' dir='ltr'>huius</span> 
     </span>
     <span class='ocr_line' id='line_1_35' title="bbox 188 2211 1512 2253; baseline 0.001 -11"><span class='ocrx_word' id='word_1_280' title='bbox 188 2211 254 2243; x_wconf 74' lang='lat' dir='ltr'>rell.</span> <span class='ocrx_word' id='word_1_281' title='bbox 429 2223 466 2243; x_wconf 87' lang='lat'>12</span> <span class='ocrx_word' id='word_1_282' title='bbox 490 2223 508 2243; x_wconf 87' lang='lat' dir='ltr'>a</span> <span class='ocrx_word' id='word_1_283' title='bbox 528 2212 605 2245; x_wconf 87' lang='lat' dir='ltr'>cO¹:</span> <span class='ocrx_word' id='word_1_284' title='bbox 633 2223 698 2243; x_wconf 85' lang='lat' dir='ltr'>om.</span> <span class='ocrx_word' id='word_1_285' title='bbox 718 2213 783 2244; x_wconf 70' lang='lat' dir='ltr'>rell.</span> <span class='ocrx_word' id='word_1_286' title='bbox 981 2215 1020 2244; x_wconf 91' lang='lat'>18</span> <span class='ocrx_word' id='word_1_287' title='bbox 1045 2213 1135 2243; x_wconf 84' lang='lat' dir='ltr'>visus</span> <span class='ocrx_word' id='word_1_288' title='bbox 1156 2212 1208 2243; x_wconf 89' lang='lat' dir='ltr'>O:</span> <span class='ocrx_word' id='word_1_289' title='bbox 1234 2213 1341 2243; x_wconf 85' lang='lat' dir='ltr'>iussus</span> <span class='ocrx_word' id='word_1_290' title='bbox 1368 2212 1512 2253; x_wconf 70' lang='lat' dir='ltr'>Hirschf</span> 
     </span>
    </p>
   </div>
   <div class='ocr_carea' id='block_1_9' title="bbox 186 2255 1514 2339">
    <p class='ocr_par' dir='ltr' id='par_1_10' title="bbox 186 2255 1514 2339">
     <span class='ocr_line' id='line_1_36' title="bbox 188 2255 1514 2298; baseline 0.002 -13"><span class='ocrx_word' id='word_1_291' title='bbox 188 2256 289 2296; x_wconf 77' lang='lat' dir='ltr'>(prob.</span> <span class='ocrx_word' id='word_1_292' title='bbox 309 2256 385 2287; x_wconf 79' lang='lat' dir='ltr'><em>Ziel.</em></span> <span class='ocrx_word' id='word_1_293' title='bbox 409 2262 444 2296; x_wconf 82' lang='lat' dir='ltr'>p.</span> <span class='ocrx_word' id='word_1_294' title='bbox 469 2258 542 2296; x_wconf 81' lang='lat'>194)</span> <span class='ocrx_word' id='word_1_295' title='bbox 635 2266 675 2294; x_wconf 86' lang='lat'>24</span> <span class='ocrx_word' id='word_1_296' title='bbox 701 2257 878 2296; x_wconf 83' lang='lat' dir='ltr'>pecuniam</span> <span class='ocrx_word' id='word_1_297' title='bbox 904 2257 946 2287; x_wconf 85' lang='lat' dir='ltr'>ab</span> <span class='ocrx_word' id='word_1_298' title='bbox 969 2267 1077 2288; x_wconf 86' lang='lat' dir='ltr'>accus.</span> <span class='ocrx_word' id='word_1_299' title='bbox 1097 2255 1128 2286; x_wconf 91' lang='lat' dir='ltr'><strong><em>O</em></strong></span> <span class='ocrx_word' id='word_1_300' title='bbox 1142 2256 1244 2298; x_wconf 79' lang='lat' dir='ltr'>(prob.</span> <span class='ocrx_word' id='word_1_301' title='bbox 1264 2255 1341 2288; x_wconf 82' lang='lat' dir='ltr'>Ziel.</span> <span class='ocrx_word' id='word_1_302' title='bbox 1356 2262 1390 2297; x_wconf 85' lang='lat' dir='ltr'>p.</span> <span class='ocrx_word' id='word_1_303' title='bbox 1415 2259 1514 2297; x_wconf 85' lang='lat'>194):</span> 
     </span>
     <span class='ocr_line' id='line_1_37' title="bbox 186 2299 530 2339; baseline 0.009 -10"><span class='ocrx_word' id='word_1_304' title='bbox 186 2299 227 2329; x_wconf 82' lang='lat' dir='ltr'>ab</span> <span class='ocrx_word' id='word_1_305' title='bbox 244 2309 352 2331; x_wconf 74' lang='lat' dir='ltr'>accuS.</span> <span class='ocrx_word' id='word_1_306' title='bbox 374 2310 444 2339; x_wconf 85' lang='lat' dir='ltr'>pec.</span> <span class='ocrx_word' id='word_1_307' title='bbox 466 2300 530 2332; x_wconf 70' lang='lat' dir='ltr'>rell.</span> 
     </span>
    </p>
   </div>
   <div class='ocr_carea' id='block_1_10' title="bbox 1685 1667 1715 2734">
    <p class='ocr_par' dir='ltr' id='par_1_11' title="bbox 1685 1667 1715 2734">
     <span class='ocr_line' id='line_1_38' title="bbox 1685 1667 1715 2734; baseline 0 0"><span class='ocrx_word' id='word_1_308' title='bbox 1685 1667 1715 2734; x_wconf 95' lang='lat' dir='ltr'> </span> 
     </span>
    </p>
   </div>
  </div>
 </body>
</html>
