1715 2734
153 447 169 478 5

131 771 170 792 10

128 1421 169 1442 20

127 1744 164 1775 25

195 64 463 103 ACTIONIS
494 64 555 101 IN
586 64 630 102 C.
654 64 895 100 VERREM
926 62 1225 100 SECVNDAE
1256 61 1360 98 LIB.
1383 61 1426 98 II
1471 68 1520 107 37
1541 74 1580 106 91

193 175 311 214 iubet.
358 177 451 214 Non
472 182 553 213 erat
572 175 784 212 obscurum
805 173 901 223 quid
921 174 1041 211 homo
1062 171 1264 221 improbus
1285 183 1331 208 ac
1352 169 1520 208 nefarius

193 240 378 290 cogitaret
392 254 404 288 3
426 253 557 289 neque
569 239 674 277 enim
696 238 780 288 ipse
796 238 887 276 satis
909 239 1132 283 occultarat,
1149 249 1222 274 nec
1238 235 1377 273 mulier
1392 242 1521 273 tacere

192 313 381 355 potuerat.
442 306 693 342 Intellectum
715 311 772 341 est
793 303 833 341 id
854 303 970 341 istum
992 315 1105 351 agere
1126 308 1177 347 ut,
1201 313 1292 338 cum
1314 300 1520 338 Sthenium

192 370 276 408 sine
307 371 387 408 ullo
418 377 650 419 argumento
680 382 726 406 ac
759 368 841 406 sine
877 374 974 406 teste
1009 368 1246 412 damnasset,
1283 372 1367 402 turn
1399 365 1521 401 homo

191 434 360 473 nefarius
387 435 437 472 de
466 433 628 471 homine
659 432 781 471 nobili
811 440 929 481 atque
959 431 999 469 id
1025 430 1163 469 aetatis
1189 442 1340 479 suoque
1366 428 1522 478 hospite

191 498 304 548 virgis
340 497 576 548 supplicium
604 497 880 535 crudelissime¹
903 503 1083 534 sumeret.
1145 495 1266 543 Quod
1302 507 1392 532 curn
1421 501 1523 531 esset

191 563 451 613 perspicuum,
484 564 534 600 de
565 562 782 600 amicorum
819 560 1098 610 hospitumque
1131 572 1292 597 suorum
1330 557 1524 596 sententia

191 627 372 665 Thermis
389 626 573 665 Sthenius
596 628 767 664 Romam
789 625 981 675 profugit:
1012 623 1132 662 hiemi
1149 623 1415 672 fluctibusque
1438 636 1522 660 sese

190 691 435 730 committere
462 691 598 729 maluit
619 704 737 740 quam
764 704 843 728 non
871 690 982 727 istam
1014 702 1269 727 communem
1300 687 1518 725 Siculorum
1539 712 1589 758 38

190 763 464 805 tempestatem
490 755 833 805 calamitatemque
860 754 1007 792 vitaret.
1069 755 1149 792 Iste
1176 755 1298 791 homo
1325 760 1453 790 certus
1481 760 1518 790 et
1538 782 1579 814 92

189 821 355 870 diligens
374 822 425 859 ad
446 821 582 858 horam
603 834 749 859 nonam
771 828 926 869 praesto
947 827 1015 866 est,
1040 818 1247 858 Sthenium
1269 817 1376 856 citari
1398 818 1516 859 iubet.

191 887 321 934 Quem
353 894 611 936 posteaquam
642 884 748 923 videt
781 899 861 922 non
890 885 1039 930 adesse,
1073 884 1208 921 dolore
1237 883 1372 920 ardere
1400 889 1519 930 atque

189 950 391 988 iracundia
423 952 549 988 furere
583 950 724 1000 coepit,
757 949 948 987 Venerios
986 949 1150 986 domum
1181 946 1318 985 Stheni
1352 946 1515 993 mittere,

189 1015 300 1064 equis
327 1015 474 1053 circum
503 1028 615 1064 agros
645 1014 728 1053 eius
758 1014 947 1063 villasque
983 1013 1189 1051 dimittere.
1250 1013 1390 1061 Itaque
1420 1012 1516 1049 dum

189 1086 388 1128 exspectat
414 1079 604 1129 quidnam
629 1078 704 1116 sibi
731 1078 824 1116 certi
848 1079 1056 1124 adferatur,
1083 1085 1174 1115 ante
1198 1077 1336 1114 horam
1364 1077 1516 1114 tertiam

189 1143 316 1181 noctis
346 1145 397 1182 de
430 1145 515 1182 foro
546 1157 626 1182 non
666 1143 843 1182 discedit.
905 1142 1100 1181 Postridie
1135 1155 1251 1180 mane
1286 1140 1518 1187 descendit3

188 1208 430 1258 Agathinum
468 1209 520 1246 ad
559 1221 600 1246 se
633 1215 774 1255 vocat3
812 1207 921 1245 iubet
960 1221 1050 1245 eum
1090 1207 1140 1244 de
1179 1205 1314 1243 litteris
1348 1204 1515 1255 publicis

187 1272 227 1310 in
257 1274 463 1311 absentem
494 1272 701 1310 Sthenium
735 1271 876 1311 dicere.
938 1273 1030 1309 Erat
1062 1271 1144 1309 eius
1184 1269 1292 1309 modi
1321 1283 1439 1308 causa
1472 1277 1515 1308 ut

188 1337 252 1376 ille
283 1352 332 1376 ne
371 1338 455 1376 sine
491 1337 712 1376 adversario
751 1337 913 1387 quidem
952 1337 1059 1387 apud
1098 1335 1303 1374 inimicum
1340 1335 1513 1373 iudicem

187 1402 353 1452 reperire
384 1410 517 1453 posset
545 1402 642 1452 quid
675 1402 822 1441 diceret
837 1417 847 1450 3
881 1402 1013 1452 itaque
1038 1409 1191 1439 tantum
1220 1401 1340 1438 verbo
1369 1400 1511 1450 posuit,
1533 1414 1575 1448 93

188 1469 400 1506 Sacerdote
431 1475 609 1518 praetore
643 1467 851 1506 Sthenium
888 1467 1035 1505 litteras
1070 1465 1247 1516 publicas
1282 1465 1510 1514 corrupisse.

185 1532 261 1570 Vix
308 1532 372 1571 ille
428 1534 504 1571 hoc
551 1532 699 1571 dixerat
746 1546 837 1571 cum
890 1532 962 1570 iste
1010 1531 1236 1582 pronuntiat
1287 1532 1512 1569 STHENJVM

186 1610 386 1635 L1TTERAs
419 1610 612 1636 PVBLICAS
643 1609 897 1636 CORRVPISSE
925 1609 1096 1645 V1DER13
1136 1604 1175 1635 et
1205 1597 1281 1634 hoc
1314 1603 1514 1646 praeterea

185 1662 295 1701 addit
321 1664 443 1700 homo
471 1663 663 1701 Venerius
691 1676 796 1701 novo
824 1663 946 1700 modo
971 1664 1080 1700 nullo
1107 1663 1299 1710 exemplo,
1332 1662 1395 1700 OB
1424 1674 1512 1700 EAM

187 1740 276 1765 REM
326 1729 397 1766 HS
437 1740 464 1765 D
503 1729 673 1765 VENERI
721 1729 943 1765 ERYCINAE
987 1739 1043 1764 DE
1091 1728 1251 1765 STHENI
1299 1737 1419 1763 BONIS
1463 1737 1515 1762 SE

185 1805 453 1839 EXACTVRVM,
476 1794 661 1842 bonaque
685 1792 767 1831 eius
789 1792 918 1830 statim
947 1791 1076 1842 coepit
1098 1793 1292 1838 vendere3
1322 1798 1360 1829 et
1381 1790 1513 1829 vendi-

185 1858 316 1905 disset,
350 1858 381 1895 si
419 1859 614 1895 tantulum
654 1870 786 1895 morae
825 1856 959 1895 fuisset
997 1869 1077 1906 quo
1116 1856 1245 1893 minus
1277 1855 1311 1893 ei
1343 1855 1512 1905 pecunia

184 1922 248 1960 illa
269 1930 546 1960 numeraretur.
607 1923 665 1959 Ea
691 1929 949 1971 posteaquam
977 1929 1181 1959 numerata
1208 1928 1279 1967 est,
1300 1928 1509 1958 contentus
1529 1936 1571 1969 94

184 1989 257 2026 hac
291 1987 496 2037 iniquitate
530 1987 602 2025 iste
633 1999 714 2024 non
745 1986 841 2033 fuit3
876 1988 1005 2036 palam
1041 1987 1091 2024 de
1123 1987 1216 2023 sella
1249 1998 1295 2023 ac
1325 1984 1509 2023 tribunali

227 2102 247 2130 3
271 2096 425 2131 potuerat
445 2090 495 2122 O:
522 2095 692 2131 poteratp
709 2090 770 2120 rell.
879 2100 916 2120 10
939 2090 1057 2120 vitaret
1078 2089 1107 2119 O
1127 2089 1185 2127 (iii,
1208 2091 1222 2125 ξ
1241 2099 1304 2127 99:
1329 2088 1371 2127 iv,
1393 2092 1407 2126 ξ
1427 2090 1484 2127 39ἷ
1503 2101 1510 2120 z

184 2136 291 2166 vitare
309 2135 372 2166 rell.
391 2134 459 2166 edd.
598 2144 636 2172 13
661 2135 794 2164 domum
814 2133 891 2164 cO:
919 2134 950 2163 in
971 2135 1103 2164 domum
1116 2138 1140 2172 p
1158 2132 1224 2164 rell.
1352 2142 1389 2170 14
1415 2132 1509 2171 equis

184 2177 253 2209 cO:
285 2179 452 2218 equitesp
468 2177 530 2209 rell.
666 2178 746 2207 dum
763 2176 809 2206 cO
824 2188 831 2207 :
855 2187 928 2207 cum
942 2183 967 2218 p
985 2177 1050 2207 rell.
1231 2176 1269 2205 16
1294 2175 1438 2206 discedit
1457 2175 1506 2206 O:

184 2222 370 2261 discessitp
387 2221 452 2253 rell.
623 2231 663 2259 24
688 2221 778 2251 addit
795 2220 860 2251 cO:
886 2221 1013 2251 addidit
1027 2225 1051 2260 p
1068 2220 1132 2251 rell.
1309 2229 1349 2257 25
1375 2228 1411 2248 se
1429 2218 1505 2249 add.

184 2264 292 2295 Halm
451 2275 490 2304 27
517 2265 544 2295 si
561 2270 641 2295 tant.
663 2274 777 2294 morae
795 2264 914 2294 suisset
931 2264 1007 2295 add.
1026 2263 1078 2294 sul.
1093 2262 1129 2301 ,122
1285 2272 1327 2301 29
1351 2272 1446 2301 pron.
1466 2263 1507 2292 de

184 2308 267 2338 sella
283 2319 322 2339 ac
339 2309 414 2340 trib.
436 2309 467 2339 O
