<?xml version="1.0" encoding="UTF-8"?>
<!DOCTYPE html PUBLIC "-//W3C//DTD XHTML 1.0 Transitional//EN"
    "http://www.w3.org/TR/xhtml1/DTD/xhtml1-transitional.dtd">
<html xmlns="http://www.w3.org/1999/xhtml" xml:lang="en" lang="en">
 <head>
  <title>
</title>
<meta http-equiv="Content-Type" content="text/html;charset=utf-8" />
  <meta name='ocr-system' content='tesseract 3.04.00' />
  <meta name='ocr-capabilities' content='ocr_page ocr_carea ocr_par ocr_line ocrx_word'/>
</head>
<body>
  <div class='ocr_page' id='page_1' title='image "./orationesrecogno03ciceuoft/orationesrecogno03ciceuoft_0055.png"; bbox 0 0 1715 2734; ppageno 0'>
   <div class='ocr_carea' id='block_1_1' title="bbox 0 0 24 1581">
    <p class='ocr_par' dir='ltr' id='par_1_1' title="bbox 0 0 24 1581">
     <span class='ocr_line' id='line_1_1' title="bbox 0 0 24 1581; baseline 0 0"><span class='ocrx_word' id='word_1_1' title='bbox 0 0 24 1581; x_wconf 95' lang='lat' dir='ltr'> </span> 
     </span>
    </p>
   </div>
   <div class='ocr_carea' id='block_1_2' title="bbox 417 86 1554 131">
    <p class='ocr_par' dir='ltr' id='par_1_2' title="bbox 417 86 1554 131">
     <span class='ocr_line' id='line_1_2' title="bbox 417 86 1554 131; baseline -0.003 -7"><span class='ocrx_word' id='word_1_2' title='bbox 417 89 477 125; x_wconf 95' lang='lat' dir='ltr'>IN</span> <span class='ocrx_word' id='word_1_3' title='bbox 508 88 553 126; x_wconf 91' lang='lat' dir='ltr'>C.</span> <span class='ocrx_word' id='word_1_4' title='bbox 583 87 824 124; x_wconf 90' lang='lat' dir='ltr'><strong>VERREM</strong></span> <span class='ocrx_word' id='word_1_5' title='bbox 855 86 1030 124; x_wconf 88' lang='lat' dir='ltr'>ACTIO</span> <span class='ocrx_word' id='word_1_6' title='bbox 1059 86 1243 122; x_wconf 89' lang='lat' dir='ltr'><strong>PRIMA</strong></span> <span class='ocrx_word' id='word_1_7' title='bbox 1470 93 1496 131; x_wconf 90' lang='lat'>4</span> <span class='ocrx_word' id='word_1_8' title='bbox 1519 100 1554 121; x_wconf 88' lang='lat'>12</span> 
     </span>
    </p>
   </div>
   <div class='ocr_carea' id='block_1_3' title="bbox 97 194 1556 2130">
    <p class='ocr_par' dir='ltr' id='par_1_3' title="bbox 168 194 1526 442">
     <span class='ocr_line' id='line_1_3' title="bbox 171 194 1526 250; baseline -0.004 -12"><span class='ocrx_word' id='word_1_9' title='bbox 171 199 500 250; x_wconf 87' lang='lat' dir='ltr'>publicorumque</span> <span class='ocrx_word' id='word_1_10' title='bbox 542 210 706 247; x_wconf 90' lang='lat' dir='ltr'>operum</span> <span class='ocrx_word' id='word_1_11' title='bbox 755 195 1024 246; x_wconf 78' lang='lat' dir='ltr'>depopulatio,</span> <span class='ocrx_word' id='word_1_12' title='bbox 1070 195 1186 233; x_wconf 91' lang='lat' dir='ltr'>simul</span> <span class='ocrx_word' id='word_1_13' title='bbox 1233 194 1273 232; x_wconf 91' lang='lat' dir='ltr'>in</span> <span class='ocrx_word' id='word_1_14' title='bbox 1321 195 1402 233; x_wconf 89' lang='lat' dir='ltr'>iure</span> <span class='ocrx_word' id='word_1_15' title='bbox 1444 195 1499 234; x_wconf 93' lang='lat' dir='ltr'>di-</span> <span class='ocrx_word' id='word_1_16' title='bbox 1523 214 1526 228; x_wconf 66' lang='grc' dir='ltr'><em>ι</em></span> 
     </span>
     <span class='ocr_line' id='line_1_4' title="bbox 170 259 1499 312; baseline -0.004 -10"><span class='ocrx_word' id='word_1_17' title='bbox 170 265 302 302; x_wconf 89' lang='lat' dir='ltr'>cundo</span> <span class='ocrx_word' id='word_1_18' title='bbox 329 264 524 301; x_wconf 88' lang='lat' dir='ltr'>bonorum</span> <span class='ocrx_word' id='word_1_19' title='bbox 552 261 926 312; x_wconf 79' lang='lat' dir='ltr'>possessionumque</span> <span class='ocrx_word' id='word_1_20' title='bbox 956 268 1092 299; x_wconf 84' lang='lat' dir='ltr'>contra</span> <span class='ocrx_word' id='word_1_21' title='bbox 1118 259 1296 298; x_wconf 87' lang='lat' dir='ltr'>omnium</span> <span class='ocrx_word' id='word_1_22' title='bbox 1322 260 1499 298; x_wconf 85' lang='lat' dir='ltr'>instituta</span> 
     </span>
     <span class='ocr_line' id='line_1_5' title="bbox 168 324 1497 366; baseline -0.003 0"><span class='ocrx_word' id='word_1_23' title='bbox 168 327 343 366; x_wconf 82' lang='lat' dir='ltr'>addictio</span> <span class='ocrx_word' id='word_1_24' title='bbox 364 334 401 365; x_wconf 88' lang='lat' dir='ltr'>et</span> <span class='ocrx_word' id='word_1_25' title='bbox 422 326 674 365; x_wconf 86' lang='lat' dir='ltr'>condonatio.</span> <span class='ocrx_word' id='word_1_26' title='bbox 727 328 812 364; x_wconf 91' lang='lat' dir='ltr'>Iam</span> <span class='ocrx_word' id='word_1_27' title='bbox 831 339 922 364; x_wconf 85' lang='lat' dir='ltr'>vero</span> <span class='ocrx_word' id='word_1_28' title='bbox 939 325 1117 363; x_wconf 88' lang='lat' dir='ltr'>omnium</span> <span class='ocrx_word' id='word_1_29' title='bbox 1134 324 1316 362; x_wconf 84' lang='lat' dir='ltr'>vitiorum</span> <span class='ocrx_word' id='word_1_30' title='bbox 1338 339 1497 364; x_wconf 91' lang='lat' dir='ltr'>suorum</span> 
     </span>
     <span class='ocr_line' id='line_1_6' title="bbox 168 389 1498 442; baseline -0.002 -13"><span class='ocrx_word' id='word_1_31' title='bbox 168 392 334 442; x_wconf 83' lang='lat' dir='ltr'>plurima</span> <span class='ocrx_word' id='word_1_32' title='bbox 355 399 392 429; x_wconf 90' lang='lat' dir='ltr'>et</span> <span class='ocrx_word' id='word_1_33' title='bbox 414 391 582 428; x_wconf 89' lang='lat' dir='ltr'>maxima</span> <span class='ocrx_word' id='word_1_34' title='bbox 603 390 805 429; x_wconf 87' lang='lat' dir='ltr'>constituit</span> <span class='ocrx_word' id='word_1_35' title='bbox 834 397 1093 428; x_wconf 88' lang='lat' dir='ltr'>monumenta</span> <span class='ocrx_word' id='word_1_36' title='bbox 1120 398 1158 427; x_wconf 90' lang='lat' dir='ltr'>et</span> <span class='ocrx_word' id='word_1_37' title='bbox 1184 389 1331 427; x_wconf 84' lang='lat' dir='ltr'>indicia</span> <span class='ocrx_word' id='word_1_38' title='bbox 1354 389 1393 427; x_wconf 92' lang='lat' dir='ltr'>in</span> <span class='ocrx_word' id='word_1_39' title='bbox 1415 404 1498 439; x_wconf 93' lang='lat' dir='ltr'>pro-</span> 
     </span>
    </p>

    <p class='ocr_par' dir='ltr' id='par_1_4' title="bbox 130 454 1556 764">
     <span class='ocr_line' id='line_1_7' title="bbox 130 454 1498 505; baseline -0.001 -12"><span class='ocrx_word' id='word_1_40' title='bbox 130 472 147 502; x_wconf 91' lang='lat'><strong><em>5</em></strong></span> <span class='ocrx_word' id='word_1_41' title='bbox 168 456 295 494; x_wconf 87' lang='lat' dir='ltr'>vincia</span> <span class='ocrx_word' id='word_1_42' title='bbox 322 455 463 502; x_wconf 77' lang='lat' dir='ltr'>Sicilia,</span> <span class='ocrx_word' id='word_1_43' title='bbox 491 469 610 505; x_wconf 88' lang='lat' dir='ltr'>quam</span> <span class='ocrx_word' id='word_1_44' title='bbox 642 455 714 493; x_wconf 81' lang='lat' dir='ltr'>iste</span> <span class='ocrx_word' id='word_1_45' title='bbox 744 469 812 504; x_wconf 89' lang='lat' dir='ltr'>per</span> <span class='ocrx_word' id='word_1_46' title='bbox 844 454 1055 493; x_wconf 84' lang='lat' dir='ltr'>triennium</span> <span class='ocrx_word' id='word_1_47' title='bbox 1086 454 1138 492; x_wconf 89' lang='lat' dir='ltr'>ita</span> <span class='ocrx_word' id='word_1_48' title='bbox 1164 454 1315 492; x_wconf 83' lang='lat' dir='ltr'>vexavit</span> <span class='ocrx_word' id='word_1_49' title='bbox 1344 467 1390 492; x_wconf 84' lang='lat' dir='ltr'>ac</span> <span class='ocrx_word' id='word_1_50' title='bbox 1417 468 1498 504; x_wconf 91' lang='grc' dir='ltr'>ρετ-</span> 
     </span>
     <span class='ocr_line' id='line_1_8' title="bbox 168 519 1494 569; baseline -0.002 -11"><span class='ocrx_word' id='word_1_51' title='bbox 168 519 268 558; x_wconf 87' lang='lat' dir='ltr'>didit</span> <span class='ocrx_word' id='word_1_52' title='bbox 299 528 340 558; x_wconf 92' lang='lat' dir='ltr'>ut</span> <span class='ocrx_word' id='word_1_53' title='bbox 361 534 406 558; x_wconf 88' lang='lat' dir='ltr'>ea</span> <span class='ocrx_word' id='word_1_54' title='bbox 436 520 584 558; x_wconf 89' lang='lat' dir='ltr'>restitui</span> <span class='ocrx_word' id='word_1_55' title='bbox 610 519 648 557; x_wconf 91' lang='lat' dir='ltr'>in</span> <span class='ocrx_word' id='word_1_56' title='bbox 677 519 883 569; x_wconf 85' lang='lat' dir='ltr'>antiquum</span> <span class='ocrx_word' id='word_1_57' title='bbox 915 527 1060 557; x_wconf 88' lang='lat' dir='ltr'>statum</span> <span class='ocrx_word' id='word_1_58' title='bbox 1086 520 1194 557; x_wconf 89' lang='lat' dir='ltr'>nullo</span> <span class='ocrx_word' id='word_1_59' title='bbox 1216 519 1337 557; x_wconf 89' lang='lat' dir='ltr'>modo</span> <span class='ocrx_word' id='word_1_60' title='bbox 1361 519 1494 568; x_wconf 87' lang='lat' dir='ltr'>possit,</span> 
     </span>
     <span class='ocr_line' id='line_1_9' title="bbox 167 583 1498 634; baseline -0.001 -12"><span class='ocrx_word' id='word_1_61' title='bbox 167 585 229 622; x_wconf 81' lang='lat' dir='ltr'>vix</span> <span class='ocrx_word' id='word_1_62' title='bbox 253 593 384 623; x_wconf 87' lang='lat' dir='ltr'>autem</span> <span class='ocrx_word' id='word_1_63' title='bbox 410 598 477 634; x_wconf 88' lang='lat' dir='ltr'>per</span> <span class='ocrx_word' id='word_1_64' title='bbox 498 586 642 623; x_wconf 91' lang='lat' dir='ltr'>multos</span> <span class='ocrx_word' id='word_1_65' title='bbox 669 598 794 623; x_wconf 90' lang='lat' dir='ltr'>annos</span> <span class='ocrx_word' id='word_1_66' title='bbox 823 584 1124 633; x_wconf 81' lang='lat' dir='ltr'>innocentisque</span> <span class='ocrx_word' id='word_1_67' title='bbox 1148 591 1345 633; x_wconf 86' lang='lat' dir='ltr'>praetores</span> <span class='ocrx_word' id='word_1_68' title='bbox 1366 583 1498 633; x_wconf 88' lang='lat' dir='ltr'>aliqua</span> 
     </span>
     <span class='ocr_line' id='line_1_10' title="bbox 167 648 1556 699; baseline -0.002 -12"><span class='ocrx_word' id='word_1_69' title='bbox 167 664 213 687; x_wconf 88' lang='lat' dir='ltr'>ex</span> <span class='ocrx_word' id='word_1_70' title='bbox 240 658 348 699; x_wconf 85' lang='lat' dir='ltr'>parte</span> <span class='ocrx_word' id='word_1_71' title='bbox 373 649 533 688; x_wconf 89' lang='lat' dir='ltr'>recreari</span> <span class='ocrx_word' id='word_1_72' title='bbox 560 649 776 699; x_wconf 83' lang='lat' dir='ltr'>aliquando</span> <span class='ocrx_word' id='word_1_73' title='bbox 803 662 920 699; x_wconf 88' lang='lat' dir='ltr'>posse</span> <span class='ocrx_word' id='word_1_74' title='bbox 947 648 1137 686; x_wconf 84' lang='lat' dir='ltr'>videatur.</span> <span class='ocrx_word' id='word_1_75' title='bbox 1196 650 1289 686; x_wconf 91' lang='lat' dir='ltr'>Hoc</span> <span class='ocrx_word' id='word_1_76' title='bbox 1318 656 1496 698; x_wconf 88' lang='lat' dir='ltr'>praetore</span> <span class='ocrx_word' id='word_1_77' title='bbox 1520 662 1556 692; x_wconf 79' lang='lat'>13</span> 
     </span>
     <span class='ocr_line' id='line_1_11' title="bbox 167 713 1497 764; baseline -0.001 -12"><span class='ocrx_word' id='word_1_78' title='bbox 167 713 286 752; x_wconf 92' lang='lat' dir='ltr'>Siculi</span> <span class='ocrx_word' id='word_1_79' title='bbox 326 728 454 764; x_wconf 90' lang='lat' dir='ltr'>neque</span> <span class='ocrx_word' id='word_1_80' title='bbox 493 728 581 752; x_wconf 86' lang='lat' dir='ltr'>suas</span> <span class='ocrx_word' id='word_1_81' title='bbox 620 716 724 764; x_wconf 86' lang='lat' dir='ltr'>leges</span> <span class='ocrx_word' id='word_1_82' title='bbox 766 727 895 763; x_wconf 90' lang='lat' dir='ltr'>neque</span> <span class='ocrx_word' id='word_1_83' title='bbox 937 721 1070 751; x_wconf 84' lang='lat' dir='ltr'>nostra</span> <span class='ocrx_word' id='word_1_84' title='bbox 1114 720 1272 751; x_wconf 86' lang='lat' dir='ltr'>senatus</span> <span class='ocrx_word' id='word_1_85' title='bbox 1317 715 1497 752; x_wconf 84' lang='lat' dir='ltr'>consulta</span> 
     </span>
    </p>

    <p class='ocr_par' dir='ltr' id='par_1_5' title="bbox 110 778 1539 1090">
     <span class='ocr_line' id='line_1_12' title="bbox 110 778 1496 829; baseline 0 -13"><span class='ocrx_word' id='word_1_86' title='bbox 110 792 148 813; x_wconf 94' lang='lat'>10</span> <span class='ocrx_word' id='word_1_87' title='bbox 167 793 295 829; x_wconf 88' lang='lat' dir='ltr'>neque</span> <span class='ocrx_word' id='word_1_88' title='bbox 328 779 556 818; x_wconf 87' lang='lat' dir='ltr'>communia</span> <span class='ocrx_word' id='word_1_89' title='bbox 590 779 672 817; x_wconf 86' lang='lat' dir='ltr'>iura</span> <span class='ocrx_word' id='word_1_90' title='bbox 711 786 944 817; x_wconf 87' lang='lat' dir='ltr'>tenuerunt:</span> <span class='ocrx_word' id='word_1_91' title='bbox 988 785 1141 816; x_wconf 89' lang='lat' dir='ltr'>tantum</span> <span class='ocrx_word' id='word_1_92' title='bbox 1176 778 1343 828; x_wconf 89' lang='lat' dir='ltr'>quisque</span> <span class='ocrx_word' id='word_1_93' title='bbox 1377 779 1496 817; x_wconf 90' lang='lat' dir='ltr'>habet</span> 
     </span>
     <span class='ocr_line' id='line_1_13' title="bbox 166 842 1495 894; baseline 0 -13"><span class='ocrx_word' id='word_1_94' title='bbox 166 843 205 881; x_wconf 89' lang='lat' dir='ltr'>in</span> <span class='ocrx_word' id='word_1_95' title='bbox 231 843 361 882; x_wconf 80' lang='lat' dir='ltr'>Sicilia</span> <span class='ocrx_word' id='word_1_96' title='bbox 381 851 572 894; x_wconf 88' lang='lat' dir='ltr'>quantum</span> <span class='ocrx_word' id='word_1_97' title='bbox 595 843 766 882; x_wconf 90' lang='lat' dir='ltr'>hominis</span> <span class='ocrx_word' id='word_1_98' title='bbox 792 843 1007 881; x_wconf 86' lang='lat' dir='ltr'>avarissimi</span> <span class='ocrx_word' id='word_1_99' title='bbox 1032 850 1070 881; x_wconf 90' lang='lat' dir='ltr'>et</span> <span class='ocrx_word' id='word_1_100' title='bbox 1098 842 1409 882; x_wconf 87' lang='lat' dir='ltr'>libidinosissimi</span> <span class='ocrx_word' id='word_1_101' title='bbox 1423 851 1495 881; x_wconf 58' lang='lat' dir='ltr'>‘aut</span> 
     </span>
     <span class='ocr_line' id='line_1_14' title="bbox 165 885 1539 960; baseline 0.001 -15"><span class='ocrx_word' id='word_1_102' title='bbox 165 908 469 958; x_wconf 84' lang='lat' dir='ltr'>imprudentiam</span> <span class='ocrx_word' id='word_1_103' title='bbox 491 908 723 960; x_wconf 80' lang='lat' dir='ltr'>subterfugit</span> <span class='ocrx_word' id='word_1_104' title='bbox 747 916 814 946; x_wconf 90' lang='lat' dir='ltr'>aut</span> <span class='ocrx_word' id='word_1_105' title='bbox 843 885 1235 958; x_wconf 47' lang='lat' dir='ltr'>satifftisuperfuit.</span> <span class='ocrx_word' id='word_1_106' title='bbox 1298 910 1416 946; x_wconf 91' lang='lat' dir='ltr'>Nulla</span> <span class='ocrx_word' id='word_1_107' title='bbox 1436 923 1495 947; x_wconf 88' lang='lat' dir='ltr'>res</span> <span class='ocrx_word' id='word_1_108' title='bbox 1515 917 1539 956; x_wconf 88' lang='grc'>5</span> 
     </span>
     <span class='ocr_line' id='line_1_15' title="bbox 164 972 1495 1024; baseline 0.001 -13"><span class='ocrx_word' id='word_1_109' title='bbox 164 987 232 1024; x_wconf 90' lang='grc' dir='ltr'>ρετ</span> <span class='ocrx_word' id='word_1_110' title='bbox 262 972 471 1012; x_wconf 87' lang='lat' dir='ltr'>triennium</span> <span class='ocrx_word' id='word_1_111' title='bbox 505 973 578 1011; x_wconf 88' lang='lat' dir='ltr'>nisi</span> <span class='ocrx_word' id='word_1_112' title='bbox 608 975 658 1011; x_wconf 88' lang='lat' dir='ltr'>ad</span> <span class='ocrx_word' id='word_1_113' title='bbox 690 981 828 1011; x_wconf 88' lang='lat' dir='ltr'>nutum</span> <span class='ocrx_word' id='word_1_114' title='bbox 860 973 971 1012; x_wconf 90' lang='lat' dir='ltr'>istius</span> <span class='ocrx_word' id='word_1_115' title='bbox 1001 973 1171 1012; x_wconf 89' lang='lat' dir='ltr'>iudicata</span> <span class='ocrx_word' id='word_1_116' title='bbox 1198 981 1267 1020; x_wconf 88' lang='lat' dir='ltr'>est,</span> <span class='ocrx_word' id='word_1_117' title='bbox 1300 975 1406 1011; x_wconf 92' lang='lat' dir='ltr'>nulla</span> <span class='ocrx_word' id='word_1_118' title='bbox 1436 988 1495 1012; x_wconf 85' lang='lat' dir='ltr'>res</span> 
     </span>
     <span class='ocr_line' id='line_1_16' title="bbox 164 1039 1494 1090; baseline -0.001 -12"><span class='ocrx_word' id='word_1_119' title='bbox 164 1047 243 1077; x_wconf 88' lang='lat' dir='ltr'>tam</span> <span class='ocrx_word' id='word_1_120' title='bbox 283 1040 405 1090; x_wconf 85' lang='lat' dir='ltr'>patria</span> <span class='ocrx_word' id='word_1_121' title='bbox 444 1039 676 1089; x_wconf 84' lang='lat' dir='ltr'>cuiusquam</span> <span class='ocrx_word' id='word_1_122' title='bbox 711 1047 830 1089; x_wconf 91' lang='lat' dir='ltr'>atque</span> <span class='ocrx_word' id='word_1_123' title='bbox 864 1039 967 1077; x_wconf 88' lang='lat' dir='ltr'>avita</span> <span class='ocrx_word' id='word_1_124' title='bbox 1001 1039 1072 1077; x_wconf 87' lang='lat' dir='ltr'>fuit</span> <span class='ocrx_word' id='word_1_125' title='bbox 1107 1053 1208 1089; x_wconf 88' lang='lat' dir='ltr'>quae</span> <span class='ocrx_word' id='word_1_126' title='bbox 1247 1052 1327 1077; x_wconf 92' lang='lat' dir='ltr'>non</span> <span class='ocrx_word' id='word_1_127' title='bbox 1361 1039 1412 1078; x_wconf 92' lang='lat' dir='ltr'>ab</span> <span class='ocrx_word' id='word_1_128' title='bbox 1447 1053 1494 1077; x_wconf 89' lang='lat' dir='ltr'>eo</span> 
     </span>
    </p>

    <p class='ocr_par' dir='ltr' id='par_1_6' title="bbox 107 1103 1494 1416">
     <span class='ocr_line' id='line_1_17' title="bbox 107 1103 1494 1155; baseline 0.001 -15"><span class='ocrx_word' id='word_1_129' title='bbox 107 1119 143 1151; x_wconf 89' lang='lat'>15</span> <span class='ocrx_word' id='word_1_130' title='bbox 163 1105 329 1155; x_wconf 89' lang='lat' dir='ltr'>imperio</span> <span class='ocrx_word' id='word_1_131' title='bbox 364 1104 473 1143; x_wconf 87' lang='lat' dir='ltr'>istius</span> <span class='ocrx_word' id='word_1_132' title='bbox 507 1104 806 1143; x_wconf 89' lang='lat' dir='ltr'>abiudicaretur.</span> <span class='ocrx_word' id='word_1_133' title='bbox 873 1104 1187 1142; x_wconf 84' lang='lat' dir='ltr'>Innumerabiles</span> <span class='ocrx_word' id='word_1_134' title='bbox 1222 1103 1413 1154; x_wconf 89' lang='lat' dir='ltr'>pecuniae</span> <span class='ocrx_word' id='word_1_135' title='bbox 1448 1118 1494 1142; x_wconf 84' lang='lat' dir='ltr'>ex</span> 
     </span>
     <span class='ocr_line' id='line_1_18' title="bbox 163 1169 1492 1220; baseline -0.002 -11"><span class='ocrx_word' id='word_1_136' title='bbox 163 1178 358 1209; x_wconf 86' lang='lat' dir='ltr'>aratorum</span> <span class='ocrx_word' id='word_1_137' title='bbox 398 1169 513 1209; x_wconf 91' lang='lat' dir='ltr'>bonis</span> <span class='ocrx_word' id='word_1_138' title='bbox 551 1183 655 1208; x_wconf 87' lang='lat' dir='ltr'>novo</span> <span class='ocrx_word' id='word_1_139' title='bbox 694 1169 922 1220; x_wconf 87' lang='lat' dir='ltr'>nefarioque</span> <span class='ocrx_word' id='word_1_140' title='bbox 968 1169 1146 1207; x_wconf 90' lang='lat' dir='ltr'>instituto</span> <span class='ocrx_word' id='word_1_141' title='bbox 1184 1177 1356 1215; x_wconf 87' lang='lat' dir='ltr'>coactae,</span> <span class='ocrx_word' id='word_1_142' title='bbox 1398 1170 1492 1208; x_wconf 88' lang='lat' dir='ltr'>socii</span> 
     </span>
     <span class='ocr_line' id='line_1_19' title="bbox 164 1234 1493 1282; baseline -0.002 -8"><span class='ocrx_word' id='word_1_143' title='bbox 164 1235 380 1274; x_wconf 86' lang='lat' dir='ltr'>fidelissimi</span> <span class='ocrx_word' id='word_1_144' title='bbox 420 1234 459 1272; x_wconf 90' lang='lat' dir='ltr'>in</span> <span class='ocrx_word' id='word_1_145' title='bbox 500 1234 671 1273; x_wconf 90' lang='lat' dir='ltr'>hostium</span> <span class='ocrx_word' id='word_1_146' title='bbox 712 1248 877 1273; x_wconf 90' lang='lat' dir='ltr'>numero</span> <span class='ocrx_word' id='word_1_147' title='bbox 916 1234 1134 1282; x_wconf 78' lang='lat' dir='ltr'>existimati,</span> <span class='ocrx_word' id='word_1_148' title='bbox 1177 1234 1280 1272; x_wconf 87' lang='lat' dir='ltr'>cives</span> <span class='ocrx_word' id='word_1_149' title='bbox 1321 1234 1493 1272; x_wconf 86' lang='lat' dir='ltr'>Romani</span> 
     </span>
     <span class='ocr_line' id='line_1_20' title="bbox 163 1299 1493 1352; baseline -0.002 -13"><span class='ocrx_word' id='word_1_150' title='bbox 163 1300 339 1339; x_wconf 85' lang='lat' dir='ltr'>servilem</span> <span class='ocrx_word' id='word_1_151' title='bbox 363 1300 401 1338; x_wconf 90' lang='lat' dir='ltr'>in</span> <span class='ocrx_word' id='word_1_152' title='bbox 423 1301 586 1339; x_wconf 88' lang='lat' dir='ltr'>modum</span> <span class='ocrx_word' id='word_1_153' title='bbox 609 1300 768 1338; x_wconf 88' lang='lat' dir='ltr'>cruciati</span> <span class='ocrx_word' id='word_1_154' title='bbox 791 1308 828 1338; x_wconf 90' lang='lat' dir='ltr'>et</span> <span class='ocrx_word' id='word_1_155' title='bbox 853 1300 996 1345; x_wconf 84' lang='lat' dir='ltr'>necati,</span> <span class='ocrx_word' id='word_1_156' title='bbox 1017 1299 1198 1352; x_wconf 89' lang='lat' dir='ltr'>homines</span> <span class='ocrx_word' id='word_1_157' title='bbox 1224 1299 1493 1338; x_wconf 88' lang='lat' dir='ltr'>nocentissimi</span> 
     </span>
     <span class='ocr_line' id='line_1_21' title="bbox 164 1354 1493 1416; baseline -0.002 -12"><span class='ocrx_word' id='word_1_158' title='bbox 164 1373 322 1416; x_wconf 92' lang='lat' dir='ltr'>propter</span> <span class='ocrx_word' id='word_1_159' title='bbox 353 1365 539 1415; x_wconf 86' lang='lat' dir='ltr'>pecunias</span> <span class='ocrx_word' id='word_1_160' title='bbox 575 1365 721 1403; x_wconf 86' lang='lat' dir='ltr'>iudicio</span> <span class='ocrx_word' id='word_1_161' title='bbox 757 1365 917 1412; x_wconf 86' lang='lat' dir='ltr'>liberati,</span> <span class='ocrx_word' id='word_1_162' title='bbox 952 1354 1217 1403; x_wconf 77' lang='lat' dir='ltr'>honestissimi</span> <span class='ocrx_word' id='word_1_163' title='bbox 1250 1373 1369 1414; x_wconf 89' lang='lat' dir='ltr'>atque</span> <span class='ocrx_word' id='word_1_164' title='bbox 1398 1364 1493 1403; x_wconf 91' lang='lat' dir='ltr'>inte-</span> 
     </span>
    </p>

    <p class='ocr_par' dir='ltr' id='par_1_7' title="bbox 104 1430 1492 1741">
     <span class='ocr_line' id='line_1_22' title="bbox 104 1430 1490 1480; baseline 0.002 -15"><span class='ocrx_word' id='word_1_165' title='bbox 104 1443 146 1465; x_wconf 91' lang='lat'>20</span> <span class='ocrx_word' id='word_1_166' title='bbox 164 1430 317 1480; x_wconf 81' lang='lat' dir='ltr'>gerrimi</span> <span class='ocrx_word' id='word_1_167' title='bbox 347 1431 530 1469; x_wconf 86' lang='lat' dir='ltr'>absentes</span> <span class='ocrx_word' id='word_1_168' title='bbox 563 1430 616 1468; x_wconf 90' lang='lat' dir='ltr'>rei</span> <span class='ocrx_word' id='word_1_169' title='bbox 649 1430 739 1468; x_wconf 89' lang='lat' dir='ltr'>facti</span> <span class='ocrx_word' id='word_1_170' title='bbox 770 1430 918 1469; x_wconf 91' lang='lat' dir='ltr'>indicta</span> <span class='ocrx_word' id='word_1_171' title='bbox 948 1444 1067 1469; x_wconf 89' lang='lat' dir='ltr'>causa</span> <span class='ocrx_word' id='word_1_172' title='bbox 1097 1430 1273 1470; x_wconf 88' lang='lat' dir='ltr'>damnati</span> <span class='ocrx_word' id='word_1_173' title='bbox 1300 1438 1338 1468; x_wconf 93' lang='lat' dir='ltr'>et</span> <span class='ocrx_word' id='word_1_174' title='bbox 1364 1430 1490 1476; x_wconf 87' lang='lat' dir='ltr'>eiecti,</span> 
     </span>
     <span class='ocr_line' id='line_1_23' title="bbox 163 1495 1492 1546; baseline 0.001 -13"><span class='ocrx_word' id='word_1_175' title='bbox 163 1503 297 1544; x_wconf 88' lang='lat' dir='ltr'>portus</span> <span class='ocrx_word' id='word_1_176' title='bbox 337 1495 600 1542; x_wconf 88' lang='lat' dir='ltr'>munitissimi,</span> <span class='ocrx_word' id='word_1_177' title='bbox 637 1495 831 1534; x_wconf 76' lang='lat' dir='ltr'>maximae</span> <span class='ocrx_word' id='word_1_178' title='bbox 869 1495 1166 1546; x_wconf 83' lang='lat' dir='ltr'>tutissimaeque</span> <span class='ocrx_word' id='word_1_179' title='bbox 1205 1496 1320 1534; x_wconf 90' lang='lat' dir='ltr'>urbes</span> <span class='ocrx_word' id='word_1_180' title='bbox 1358 1495 1492 1546; x_wconf 87' lang='lat' dir='ltr'>piratis</span> 
     </span>
     <span class='ocr_line' id='line_1_24' title="bbox 161 1560 1488 1612; baseline 0 -14"><span class='ocrx_word' id='word_1_181' title='bbox 161 1560 507 1610; x_wconf 85' lang='lat' dir='ltr'>praedonibusque</span> <span class='ocrx_word' id='word_1_182' title='bbox 546 1562 773 1610; x_wconf 86' lang='lat' dir='ltr'>patefactae,</span> <span class='ocrx_word' id='word_1_183' title='bbox 814 1569 957 1599; x_wconf 84' lang='lat' dir='ltr'>nautae</span> <span class='ocrx_word' id='word_1_184' title='bbox 996 1561 1218 1612; x_wconf 88' lang='lat' dir='ltr'>militesque</span> <span class='ocrx_word' id='word_1_185' title='bbox 1257 1561 1488 1607; x_wconf 89' lang='lat' dir='ltr'>Siculorum,</span> 
     </span>
     <span class='ocr_line' id='line_1_25' title="bbox 162 1624 1491 1676; baseline 0.001 -14"><span class='ocrx_word' id='word_1_186' title='bbox 162 1624 257 1663; x_wconf 89' lang='lat' dir='ltr'>socii</span> <span class='ocrx_word' id='word_1_187' title='bbox 281 1624 402 1663; x_wconf 88' lang='lat' dir='ltr'>nostri</span> <span class='ocrx_word' id='word_1_188' title='bbox 427 1633 545 1675; x_wconf 89' lang='lat' dir='ltr'>atque</span> <span class='ocrx_word' id='word_1_189' title='bbox 569 1625 696 1671; x_wconf 89' lang='lat' dir='ltr'>amici,</span> <span class='ocrx_word' id='word_1_190' title='bbox 721 1627 824 1664; x_wconf 88' lang='lat' dir='ltr'>fame</span> <span class='ocrx_word' id='word_1_191' title='bbox 853 1626 992 1673; x_wconf 89' lang='lat' dir='ltr'>necati,</span> <span class='ocrx_word' id='word_1_192' title='bbox 1016 1628 1158 1665; x_wconf 88' lang='lat' dir='ltr'>classes</span> <span class='ocrx_word' id='word_1_193' title='bbox 1180 1625 1352 1676; x_wconf 88' lang='lat' dir='ltr'>optimae</span> <span class='ocrx_word' id='word_1_194' title='bbox 1373 1633 1491 1675; x_wconf 93' lang='lat' dir='ltr'>atque</span> 
     </span>
     <span class='ocr_line' id='line_1_26' title="bbox 161 1689 1489 1741; baseline 0.002 -15"><span class='ocrx_word' id='word_1_195' title='bbox 161 1689 517 1739; x_wconf 86' lang='lat' dir='ltr'>opportunissimae</span> <span class='ocrx_word' id='word_1_196' title='bbox 555 1703 645 1727; x_wconf 89' lang='lat' dir='ltr'>cum</span> <span class='ocrx_word' id='word_1_197' title='bbox 690 1703 831 1740; x_wconf 84' lang='lat' dir='ltr'>magna</span> <span class='ocrx_word' id='word_1_198' title='bbox 879 1690 1094 1741; x_wconf 85' lang='lat' dir='ltr'>ignominia</span> <span class='ocrx_word' id='word_1_199' title='bbox 1141 1690 1277 1740; x_wconf 91' lang='lat' dir='ltr'>populi</span> <span class='ocrx_word' id='word_1_200' title='bbox 1318 1690 1489 1729; x_wconf 88' lang='lat' dir='ltr'>Romani</span> 
     </span>
    </p>

    <p class='ocr_par' dir='ltr' id='par_1_8' title="bbox 102 1754 1547 2066">
     <span class='ocr_line' id='line_1_27' title="bbox 102 1754 1547 1805; baseline 0.001 -13"><span class='ocrx_word' id='word_1_201' title='bbox 102 1767 140 1798; x_wconf 87' lang='lat'>25</span> <span class='ocrx_word' id='word_1_202' title='bbox 160 1755 327 1793; x_wconf 89' lang='lat' dir='ltr'>amissae</span> <span class='ocrx_word' id='word_1_203' title='bbox 357 1762 394 1792; x_wconf 88' lang='lat' dir='ltr'>et</span> <span class='ocrx_word' id='word_1_204' title='bbox 420 1754 606 1804; x_wconf 86' lang='lat' dir='ltr'>perditae.</span> <span class='ocrx_word' id='word_1_205' title='bbox 669 1756 781 1793; x_wconf 91' lang='lat' dir='ltr'>Idem</span> <span class='ocrx_word' id='word_1_206' title='bbox 813 1755 884 1794; x_wconf 89' lang='lat' dir='ltr'>iste</span> <span class='ocrx_word' id='word_1_207' title='bbox 920 1764 1074 1805; x_wconf 87' lang='lat' dir='ltr'>praetor</span> <span class='ocrx_word' id='word_1_208' title='bbox 1105 1763 1364 1794; x_wconf 90' lang='lat' dir='ltr'>monumenta</span> <span class='ocrx_word' id='word_1_209' title='bbox 1393 1756 1490 1793; x_wconf 90' lang='lat' dir='ltr'>anti·</span> <span class='ocrx_word' id='word_1_210' title='bbox 1512 1773 1547 1805; x_wconf 83' lang='lat'>14</span> 
     </span>
     <span class='ocr_line' id='line_1_28' title="bbox 160 1819 1487 1871; baseline 0.002 -14"><span class='ocrx_word' id='word_1_211' title='bbox 160 1819 348 1869; x_wconf 89' lang='lat' dir='ltr'>quissima</span> <span class='ocrx_word' id='word_1_212' title='bbox 378 1819 519 1870; x_wconf 87' lang='lat' dir='ltr'>partim</span> <span class='ocrx_word' id='word_1_213' title='bbox 552 1833 685 1870; x_wconf 86' lang='lat' dir='ltr'>regum</span> <span class='ocrx_word' id='word_1_214' title='bbox 718 1820 1128 1871; x_wconf 87' lang='lat' dir='ltr'>locupletissimorum,</span> <span class='ocrx_word' id='word_1_215' title='bbox 1161 1835 1262 1871; x_wconf 90' lang='lat' dir='ltr'>quae</span> <span class='ocrx_word' id='word_1_216' title='bbox 1294 1821 1347 1858; x_wconf 90' lang='lat' dir='ltr'>illi</span> <span class='ocrx_word' id='word_1_217' title='bbox 1379 1834 1487 1860; x_wconf 89' lang='lat' dir='ltr'>orna-</span> 
     </span>
     <span class='ocr_line' id='line_1_29' title="bbox 160 1884 1485 1936; baseline 0.002 -14"><span class='ocrx_word' id='word_1_218' title='bbox 160 1893 295 1923; x_wconf 89' lang='lat' dir='ltr'>mento</span> <span class='ocrx_word' id='word_1_219' title='bbox 333 1884 495 1923; x_wconf 90' lang='lat' dir='ltr'>urbibus</span> <span class='ocrx_word' id='word_1_220' title='bbox 535 1898 620 1923; x_wconf 90' lang='lat' dir='ltr'>esse</span> <span class='ocrx_word' id='word_1_221' title='bbox 659 1887 876 1933; x_wconf 87' lang='lat' dir='ltr'>voluerunt,</span> <span class='ocrx_word' id='word_1_222' title='bbox 917 1886 1058 1936; x_wconf 88' lang='lat' dir='ltr'>partim</span> <span class='ocrx_word' id='word_1_223' title='bbox 1101 1886 1219 1924; x_wconf 88' lang='lat' dir='ltr'>etiam</span> <span class='ocrx_word' id='word_1_224' title='bbox 1264 1894 1485 1925; x_wconf 89' lang='lat' dir='ltr'>nostrorum</span> 
     </span>
     <span class='ocr_line' id='line_1_30' title="bbox 158 1949 1484 1999; baseline 0.003 -13"><span class='ocrx_word' id='word_1_225' title='bbox 158 1949 449 1999; x_wconf 88' lang='lat' dir='ltr'>imperatorum,</span> <span class='ocrx_word' id='word_1_226' title='bbox 472 1963 573 1999; x_wconf 91' lang='lat' dir='ltr'>quae</span> <span class='ocrx_word' id='word_1_227' title='bbox 594 1949 759 1988; x_wconf 90' lang='lat' dir='ltr'>victores</span> <span class='ocrx_word' id='word_1_228' title='bbox 780 1950 1002 1989; x_wconf 87' lang='lat' dir='ltr'>civitatibus</span> <span class='ocrx_word' id='word_1_229' title='bbox 1031 1951 1170 1990; x_wconf 87' lang='lat' dir='ltr'>Siculis</span> <span class='ocrx_word' id='word_1_230' title='bbox 1197 1958 1265 1990; x_wconf 86' lang='lat' dir='ltr'>aut</span> <span class='ocrx_word' id='word_1_231' title='bbox 1291 1952 1484 1990; x_wconf 90' lang='lat' dir='ltr'>dederunt</span> 
     </span>
     <span class='ocr_line' id='line_1_31' title="bbox 157 2014 1483 2066; baseline 0.003 -15"><span class='ocrx_word' id='word_1_232' title='bbox 157 2021 223 2052; x_wconf 90' lang='lat' dir='ltr'>aut</span> <span class='ocrx_word' id='word_1_233' title='bbox 253 2014 520 2060; x_wconf 88' lang='lat' dir='ltr'>reddiderunt,</span> <span class='ocrx_word' id='word_1_234' title='bbox 550 2014 731 2064; x_wconf 85' lang='lat' dir='ltr'>spoliavit</span> <span class='ocrx_word' id='word_1_235' title='bbox 760 2015 1003 2066; x_wconf 89' lang='lat' dir='ltr'>nudavitque</span> <span class='ocrx_word' id='word_1_236' title='bbox 1032 2016 1175 2055; x_wconf 87' lang='lat' dir='ltr'>omnia.</span> <span class='ocrx_word' id='word_1_237' title='bbox 1236 2018 1378 2066; x_wconf 89' lang='lat' dir='ltr'>Neque</span> <span class='ocrx_word' id='word_1_238' title='bbox 1408 2018 1483 2056; x_wconf 88' lang='lat' dir='ltr'>hoc</span> 
     </span>
    </p>

    <p class='ocr_par' dir='ltr' id='par_1_9' title="bbox 97 2078 1482 2130">
     <span class='ocr_line' id='line_1_32' title="bbox 97 2078 1482 2130; baseline 0.004 -15"><span class='ocrx_word' id='word_1_239' title='bbox 97 2094 136 2124; x_wconf 81' lang='lat'>30</span> <span class='ocrx_word' id='word_1_240' title='bbox 158 2080 284 2117; x_wconf 91' lang='lat' dir='ltr'>solum</span> <span class='ocrx_word' id='word_1_241' title='bbox 319 2078 358 2116; x_wconf 94' lang='lat' dir='ltr'>in</span> <span class='ocrx_word' id='word_1_242' title='bbox 393 2078 529 2116; x_wconf 90' lang='lat' dir='ltr'>statuis</span> <span class='ocrx_word' id='word_1_243' title='bbox 564 2079 885 2130; x_wconf 87' lang='lat' dir='ltr'>ornamentisque</span> <span class='ocrx_word' id='word_1_244' title='bbox 919 2080 1088 2130; x_wconf 89' lang='lat' dir='ltr'>publicis</span> <span class='ocrx_word' id='word_1_245' title='bbox 1122 2080 1224 2127; x_wconf 86' lang='lat' dir='ltr'>fecit,</span> <span class='ocrx_word' id='word_1_246' title='bbox 1261 2083 1330 2120; x_wconf 90' lang='lat' dir='ltr'>sed</span> <span class='ocrx_word' id='word_1_247' title='bbox 1364 2081 1482 2120; x_wconf 87' lang='lat' dir='ltr'>etiam</span> 
     </span>
    </p>
   </div>
   <div class='ocr_carea' id='block_1_4' title="bbox 156 2181 1482 2312">
    <p class='ocr_par' dir='ltr' id='par_1_10' title="bbox 156 2181 1482 2312">
     <span class='ocr_line' id='line_1_33' title="bbox 203 2181 1479 2225; baseline 0.003 -13"><span class='ocrx_word' id='word_1_248' title='bbox 203 2193 215 2212; x_wconf 95' lang='lat'>1</span> <span class='ocrx_word' id='word_1_249' title='bbox 244 2182 455 2221; x_wconf 84' lang='lat' dir='ltr'>depeculatio</span> <span class='ocrx_word' id='word_1_250' title='bbox 472 2181 591 2212; x_wconf 76' lang='lat' dir='ltr'>Lamb.</span> <span class='ocrx_word' id='word_1_251' title='bbox 608 2181 677 2213; x_wconf 83' lang='lat' dir='ltr'><em>edd.</em></span> <span class='ocrx_word' id='word_1_252' title='bbox 744 2194 763 2221; x_wconf 91' lang='lat'><strong>4</strong></span> <span class='ocrx_word' id='word_1_253' title='bbox 788 2183 995 2215; x_wconf 82' lang='lat' dir='ltr'>monimenta</span> <span class='ocrx_word' id='word_1_254' title='bbox 1012 2184 1099 2216; x_wconf 81' lang='lat' dir='ltr'><em>codd.</em></span> <span class='ocrx_word' id='word_1_255' title='bbox 1108 2185 1188 2224; x_wconf 76' lang='lat' dir='ltr'>pler.</span> <span class='ocrx_word' id='word_1_256' title='bbox 1208 2186 1251 2225; x_wconf 84' lang='lat' dir='ltr'>(p</span> <span class='ocrx_word' id='word_1_257' title='bbox 1267 2185 1379 2216; x_wconf 78' lang='lat' dir='ltr'>etDiv.</span> <span class='ocrx_word' id='word_1_258' title='bbox 1397 2188 1411 2223; x_wconf 82' lang='lat'>§</span> <span class='ocrx_word' id='word_1_259' title='bbox 1428 2190 1479 2224; x_wconf 57' lang='lat'>14⁸&gt;</span> 
     </span>
     <span class='ocr_line' id='line_1_34' title="bbox 160 2224 1482 2275; baseline 0.002 -19"><span class='ocrx_word' id='word_1_260' title='bbox 160 2236 197 2264; x_wconf 93' lang='lat'>14</span> <span class='ocrx_word' id='word_1_261' title='bbox 222 2230 286 2256; x_wconf 83' lang='lat' dir='ltr'>tam</span> <span class='ocrx_word' id='word_1_262' title='bbox 312 2225 424 2273; x_wconf 86' lang='lat' dir='ltr'>patria</span> <span class='ocrx_word' id='word_1_263' title='bbox 448 2226 643 2264; x_wconf 85' lang='lat' dir='ltr'>cuiusquam</span> <span class='ocrx_word' id='word_1_264' title='bbox 659 2224 700 2275; x_wconf 34' lang='lat' dir='ltr'>&#39;D</span> <span class='ocrx_word' id='word_1_265' title='bbox 715 2226 807 2275; x_wconf 50' lang='lat' dir='ltr'>‘alp’</span> <span class='ocrx_word' id='word_1_266' title='bbox 835 2227 891 2257; x_wconf 80' lang='lat' dir='ltr'>sed</span> <span class='ocrx_word' id='word_1_267' title='bbox 911 2229 1047 2258; x_wconf 76' lang='lat' dir='ltr'>inseruit</span> <span class='ocrx_word' id='word_1_268' title='bbox 1057 2229 1094 2268; x_wconf 68' lang='lat' dir='ltr'>p²</span> <span class='ocrx_word' id='word_1_269' title='bbox 1112 2229 1307 2268; x_wconf 85' lang='lat' dir='ltr'>cuiusquam</span> <span class='ocrx_word' id='word_1_270' title='bbox 1324 2241 1349 2260; x_wconf 85' lang='lat' dir='ltr'>s.</span> <span class='ocrx_word' id='word_1_271' title='bbox 1370 2230 1389 2260; x_wconf 90' lang='lat' dir='ltr'>l.</span> <span class='ocrx_word' id='word_1_272' title='bbox 1407 2234 1482 2259; x_wconf 77' lang='lat' dir='ltr'>ante</span> 
     </span>
     <span class='ocr_line' id='line_1_35' title="bbox 156 2272 1477 2312; baseline 0.004 -14"><span class='ocrx_word' id='word_1_273' title='bbox 156 2274 221 2299; x_wconf 88' lang='lat' dir='ltr'>tam</span> <span class='ocrx_word' id='word_1_274' title='bbox 237 2281 242 2299; x_wconf 92' lang='lat'>:</span> <span class='ocrx_word' id='word_1_275' title='bbox 269 2279 460 2308; x_wconf 83' lang='lat' dir='ltr'>cuiusquam</span> <span class='ocrx_word' id='word_1_276' title='bbox 487 2273 553 2299; x_wconf 85' lang='lat' dir='ltr'>tam</span> <span class='ocrx_word' id='word_1_277' title='bbox 581 2274 688 2308; x_wconf 75' lang='lat' dir='ltr'>patna</span> <span class='ocrx_word' id='word_1_278' title='bbox 714 2279 908 2309; x_wconf 80' lang='lat' dir='ltr'>cuiusquam</span> <span class='ocrx_word' id='word_1_279' title='bbox 930 2282 948 2300; x_wconf 87' lang='lat' dir='ltr'>r</span> <span class='ocrx_word' id='word_1_280' title='bbox 964 2283 970 2301; x_wconf 91' lang='lat'>:</span> <span class='ocrx_word' id='word_1_281' title='bbox 1004 2272 1198 2310; x_wconf 83' lang='lat' dir='ltr'>cuiusquam</span> <span class='ocrx_word' id='word_1_282' title='bbox 1225 2278 1291 2303; x_wconf 86' lang='lat' dir='ltr'>tam</span> <span class='ocrx_word' id='word_1_283' title='bbox 1320 2274 1427 2312; x_wconf 84' lang='lat' dir='ltr'>patria</span> <span class='ocrx_word' id='word_1_284' title='bbox 1444 2284 1477 2312; x_wconf 77' lang='lat' dir='ltr'>qs</span> 
     </span>
    </p>
   </div>
   <div class='ocr_carea' id='block_1_5' title="bbox 155 2311 584 2350">
    <p class='ocr_par' dir='ltr' id='par_1_11' title="bbox 155 2311 584 2350">
     <span class='ocr_line' id='line_1_36' title="bbox 155 2311 584 2350; baseline 0.002 -9"><span class='ocrx_word' id='word_1_285' title='bbox 155 2312 224 2342; x_wconf 75' lang='lat' dir='ltr'>edd.</span> <span class='ocrx_word' id='word_1_286' title='bbox 319 2323 356 2350; x_wconf 90' lang='lat'>19</span> <span class='ocrx_word' id='word_1_287' title='bbox 379 2323 398 2342; x_wconf 88' lang='lat' dir='ltr'>a</span> <span class='ocrx_word' id='word_1_288' title='bbox 416 2312 484 2342; x_wconf 88' lang='lat' dir='ltr'>iud.</span> <span class='ocrx_word' id='word_1_289' title='bbox 506 2311 584 2350; x_wconf 73' lang='lat' dir='ltr'>G2K</span> 
     </span>
    </p>
   </div>
  </div>
 </body>
</html>
