1715 2734
173 82 442 121 ACTIONIS
474 82 533 118 IN
566 72 609 119 C.
633 80 874 117 VERREM
905 80 1206 118 SECVNDAE
1237 81 1340 117 LIB.
1365 82 1383 117 I
1427 89 1480 127 45
1506 88 1562 118 116

153 199 419 241 possessorem
440 202 525 229 esse
554 192 762 240 oporteat?
819 192 933 240 Ergo,
952 189 1044 239 quia
1076 202 1278 239 possessor
1305 197 1374 236 est,
1397 203 1477 227 non

153 270 287 294 moves
325 255 598 306 possessione:
628 254 660 292 si
699 268 900 304 possessor
943 268 1023 292 non
1067 262 1179 300 esset,
1215 267 1296 292 non
1336 256 1479 293 dares?

152 321 359 369 Nusquam
393 319 499 357 enim
531 318 677 365 scribis,
720 332 850 368 neque
883 326 925 356 tu
959 319 1066 356 aliud
1106 318 1318 368 quicquam
1347 319 1477 357 edicto

149 385 395 435 amplecteris
422 384 496 422 nisi
525 398 612 422 eam
644 398 802 422 causam
834 398 904 435 pro
925 397 1003 433 qua
1022 384 1230 433 pecuniam
1252 397 1472 433 acceperas.

111 461 128 492 5
151 451 234 487 Iam
257 451 333 487 hoc
357 449 564 487 ridiculum
592 456 675 487 est:
706 450 746 487 SI
769 461 824 486 DE
854 461 1124 486 HEREDITATE
1151 461 1394 487 AMBIGETVR
1425 462 1476 487 ET
1500 459 1556 492 117

148 526 333 551 TABVLAE
380 526 643 552 TESTAMENTI
704 526 962 551 OBSIGNATAE
1009 525 1098 551 NON
1146 525 1276 551 MINVS
1325 526 1476 552 MVLTIS

148 588 281 614 SIGNIS
314 588 431 621 QVAM
465 588 490 614 E
520 588 627 614 LEGE
661 588 850 614 OPORTET
883 588 938 613 AD
974 588 1033 612 ME
1066 587 1383 622 PROFERENTVR,
1415 588 1476 614 SE-

146 653 322 679 CVNDVM
368 652 549 678 TABVLAS
588 652 850 678 TESTAMENTI
883 652 1133 678 POTISSIMVM
1170 652 1473 678 POSSESSIONEM

148 718 267 743 DABO.
345 707 437 744 Hoc
481 705 761 743 translaticium
802 712 886 743 est:
927 704 1037 754 sequi
1080 704 1177 743 illud
1218 713 1383 754 oportet,
1430 708 1471 744 SI

90 787 128 807 10
147 782 332 808 TABVLAE
351 782 615 808 TESTAMENTI
639 782 726 807 NON
748 782 1065 807 PROFERENTVR.
1126 770 1234 818 Quid
1255 771 1340 808 ait?
1376 784 1416 809 se
1437 771 1471 810 ei

145 836 328 873 daturum
362 835 430 885 qui
459 848 500 873 se
532 834 637 873 dicat
667 836 853 872 heredem
887 848 981 872 esse.
1062 835 1170 883 Quid
1200 848 1291 885 ergo
1312 835 1472 874 interest

144 901 389 949 proferantur
407 901 566 938 necne?
623 899 661 937 Si
688 899 901 948 protulerit,
931 913 1012 937 uno
1047 899 1158 948 signo
1186 907 1229 937 ut
1261 900 1309 937 sit
1342 901 1471 938 minus

144 978 262 1014 quam
295 979 341 1002 ex
373 967 459 1014 lege
489 971 655 1014 oportet,
684 977 764 1002 non
797 965 866 1001 des
898 964 1213 1013 possessionem:
1245 964 1276 1002 si
1306 965 1471 1003 omnino

144 1030 296 1067 tabulas
317 1043 397 1067 non
418 1031 598 1079 proferet,
616 1028 758 1069 dabis?
809 1028 918 1077 Quid
949 1042 1055 1066 nunc
1079 1028 1240 1067 dicam?
1269 1030 1469 1068 neminem

85 1108 122 1140 15
144 1108 332 1143 umquam
368 1096 443 1132 hoc
478 1101 614 1144 postea
640 1093 759 1131 alium
790 1093 986 1131 edixisse?
1016 1095 1129 1132 valde
1151 1093 1199 1131 sit
1234 1094 1375 1131 mirum
1406 1109 1470 1132 ne-

144 1159 290 1197 minem
328 1159 447 1197 fuisse
482 1159 549 1209 qui
581 1159 690 1197 istius
721 1172 761 1197 se
791 1158 958 1196 similem
991 1158 1068 1196 dici
1103 1160 1232 1198 vellet.
1310 1161 1400 1209 Ipse
1430 1159 1468 1197 in

142 1224 332 1262 Siciliensi
362 1224 494 1262 edicto
523 1226 599 1262 hoc
635 1237 715 1262 non
742 1224 887 1272 habet3
917 1232 1096 1273 exegerat
1129 1224 1234 1262 enim
1266 1224 1343 1262 iam
1374 1238 1470 1262 mer-

140 1291 279 1328 cedem
295 1304 304 1337 ς
334 1290 426 1328 item
449 1297 491 1327 ut
520 1289 586 1327 illo
611 1289 742 1327 edicto
762 1290 813 1327 de
840 1302 920 1338 quo
946 1296 1037 1327 ante
1064 1289 1155 1336 dixi,
1185 1289 1224 1327 in
1260 1289 1391 1327 Sicilia
1420 1290 1470 1328 de

140 1354 401 1393 hereditatum
423 1353 737 1404 possessionibus
763 1353 904 1391 dandis
925 1353 1045 1391 edixit
1066 1353 1172 1392 idem
1199 1355 1309 1403 quod
1329 1367 1468 1392 omnes

83 1432 122 1453 20
140 1421 295 1458 Rornae
332 1427 484 1469 praeter
521 1420 648 1457 istum.
721 1421 785 1457 Ex
829 1430 982 1457 EDICTO
1025 1420 1261 1457 SICILIENSI.
1326 1420 1367 1458 SI
1412 1431 1467 1457 DE

141 1499 412 1524 HEREDITATE
444 1498 678 1524 AMBIGITVR
708 1509 770 1523 —.

192 1553 262 1597 Ac,
300 1565 368 1601 per
399 1552 495 1589 deos
527 1550 782 1588 immortalis!
813 1549 909 1599 quid
942 1556 999 1587 est
1039 1549 1148 1598 quod
1176 1550 1225 1587 de
1268 1550 1344 1587 hoc
1387 1549 1465 1587 dici

138 1616 292 1665 possit?
350 1618 495 1654 Iterum
522 1615 626 1653 enim
648 1615 724 1652 iam
746 1627 892 1663 quaero
912 1613 983 1651 abs
1005 1621 1055 1657 te,
1072 1613 1170 1651 sicut
1193 1615 1314 1651 modo
1338 1613 1377 1650 in
1399 1613 1465 1651 illo

139 1681 266 1730 capite
286 1681 472 1718 Anniano
506 1681 556 1718 de
584 1679 791 1717 mulierum
816 1678 1111 1724 hereditatibus,
1130 1692 1236 1715 nunc
1257 1678 1296 1715 in
1318 1680 1393 1716 hoc
1415 1680 1464 1716 de

81 1759 117 1791 25
139 1746 399 1784 hereditatum
435 1745 760 1796 possessionibus,
793 1757 861 1781 cur
885 1756 931 1781 ea
958 1743 1085 1792 capita
1120 1743 1159 1780 in
1185 1743 1358 1781 edictum
1380 1756 1464 1793 pro-

138 1811 302 1850 vinciale
323 1813 527 1849 transferre
557 1810 738 1848 nolueris.
800 1811 941 1846 Vtrum
970 1808 1167 1858 digniores
1193 1808 1373 1846 homines
1403 1822 1462 1847 ex-

136 1875 315 1914 istimasti
336 1890 402 1914 eos
424 1876 489 1925 qui
511 1875 689 1913 habitant
719 1874 758 1911 in
789 1873 989 1923 provincia
1013 1886 1132 1922 quam
1154 1886 1225 1910 nos
1246 1873 1313 1922 qui
1333 1887 1462 1923 aequo

136 1940 217 1979 iure
237 1949 444 1988 uteremur,
460 1955 509 1978 an
530 1940 636 1978 aliud
660 1942 813 1977 Romae
833 1952 1004 1987 aequum
1026 1946 1094 1984 est,
1114 1938 1221 1976 aliud
1242 1938 1282 1975 in
1303 1938 1461 1976 Sicilia?

136 2007 229 2044 Non
250 2006 354 2044 enim
376 2008 452 2044 hoc
472 2013 601 2055 potest
622 2006 698 2042 boc
719 2005 807 2041 loco
829 2003 917 2049 dici,
942 2005 1064 2040 multa
1085 2016 1169 2041 esse
1191 2003 1230 2040 in
1251 2003 1460 2052 provinciis

77 2085 117 2115 30
135 2070 245 2108 aliter
265 2071 456 2108 edicenda
472 2085 480 2117 3
512 2083 592 2107 non
606 2070 656 2107 de
677 2067 938 2106 hereditatum
953 2067 1113 2116 quidem
1132 2067 1458 2116 possessionibus,

1485 1524 1541 1570 46

1490 1586 1548 1615 118

180 2183 198 2212 5
222 2174 412 2212 ambigetur
429 2185 469 2202 π;
495 2172 673 2211 ambigitur
689 2172 707 2200 b
724 2171 814 2209 Asc„
835 2170 915 2201 Par.
937 2171 1021 2210 7786
1110 2181 1130 2208 9
1154 2176 1205 2201 est
1222 2181 1289 2201 om.
1308 2184 1329 2200 π
1421 2182 1461 2201 10

136 2227 203 2246 non
220 2227 285 2247 om.
298 2218 358 2256 pq¹
537 2226 575 2254 15
599 2217 642 2245 sit
658 2214 747 2244 codd.
763 2227 768 2244 :
794 2214 923 2244 scilicet
939 2213 1048 2243 Bake:
1074 2214 1170 2243 valde
1188 2215 1252 2244 hoc
1270 2219 1321 2245 est
1339 2215 1458 2244 mirum

134 2259 236 2290 Prisc.
349 2270 390 2290 22
407 2261 456 2290 Ac
469 2265 514 2299 pq
531 2271 537 2289 z
562 2264 596 2290 at
614 2258 720 2288 rPar.
738 2258 822 2296 7786
933 2259 974 2286 26
998 2267 1074 2287 esse
1091 2257 1191 2287 exist.
1210 2256 1310 2287 Prisc.
1417 2268 1457 2296 27

135 2309 228 2342 eosp
246 2304 340 2341 (corr.
359 2306 436 2343 nos)
454 2326 461 2332 .
482 2326 489 2332 .
509 2326 517 2332 .
536 2307 711 2332 uterentur
728 2300 828 2330 Prisc.
