1715 2734
145 67 413 105 ACTIONIS
446 67 507 104 IN
538 66 582 105 C.
606 66 848 103 VERREM
879 65 1178 104 SECVNDAE
1209 66 1311 102 LIB.
1337 65 1378 102 II
1444 74 1505 108 25

144 178 306 216 deberet
341 190 421 215 non
456 178 507 215 ad
539 176 645 215 diem
675 176 814 214 dedit?
848 177 1008 226 quando
1037 175 1078 214 id
1112 177 1221 225 quod
1254 189 1353 225 opus
1383 188 1468 213 esse

143 249 295 291 putaret
315 255 396 280 non
416 243 518 280 ultro
535 241 708 291 pollicita
728 243 816 279 est?
844 242 1005 290 quando
1025 240 1064 278 id
1087 241 1194 289 quod
1217 240 1469 288 imperaretur

143 306 363 344 recusavit?
421 308 560 355 Itaque
587 305 650 343 ille
682 307 736 342 M.
771 306 872 344 Cato
906 305 1069 354 Sapiens
1099 305 1237 342 cellam
1269 304 1467 353 penariam

142 370 196 408 rei
234 370 416 420 publicae
453 378 619 416 nostrae,
656 369 846 408 nutricem
887 369 1012 419 plebis
1053 371 1258 407 Romanae
1297 368 1468 406 Siciliam

105 450 121 481 5
143 435 383 473 nominabat.
459 437 544 473 Nos
592 447 683 473 vero
731 434 877 484 experti
925 447 1059 472 sumus
1109 433 1248 471 Italico
1296 433 1468 470 maximo

141 499 451 550 difficillimoque
482 500 586 538 bello
615 499 787 537 Siciliam
816 499 930 537 nobis
958 512 1039 537 non
1069 511 1139 548 pro
1170 499 1328 547 penaria
1356 499 1465 544 cella,

141 565 211 603 sed
235 578 305 614 pro
331 565 479 603 aerario
504 566 570 602 illo
598 564 788 602 maiorum
812 571 940 601 vetere
967 576 1012 601 ac
1034 564 1174 600 referto
1202 562 1344 605 fuisse;
1374 575 1467 599 nam

141 629 224 667 sine
244 631 324 668 ullo
340 638 498 679 sumptu
516 636 660 675 nostro,
679 628 802 672 coriis,
822 627 974 673 tunicis,
993 628 1268 675 frumentoque
1286 626 1467 676 suppedi-

141 695 273 741 tando,
310 694 501 732 maximos
536 693 726 732 exercitus
761 701 914 730 nostros
946 691 1110 737 vestivit,
1142 691 1247 737 aluit,
1289 691 1462 728 armavit.

83 775 121 797 10
142 758 281 807 Quid?
319 759 382 797 illa
420 772 521 809 quae
560 758 720 796 forsitan
760 771 809 795 ne
841 757 1054 795 sentiamus
1094 756 1267 806 quidem,
1302 748 1507 801 iudices‚3

140 831 287 872 quanta
316 827 430 862 sunt!
465 825 573 873 quod
604 822 735 860 multis
767 821 1089 871 locupletioribus
1121 821 1271 859 civibus
1306 820 1462 867 utimur,
1485 800 1504 829 (³

139 889 246 937 quod
296 888 443 926 habent
490 888 752 938 propinquam
805 887 962 924 fidelem
1010 887 1329 934 fructuosamque
1381 899 1466 935 pro-

138 953 321 1000 vinciam,
337 967 417 1003 quo
438 953 550 991 facile
573 959 789 998 excurrant,
814 951 881 989 ubi
903 951 1069 989 libenter
1089 950 1289 1000 negotium
1311 958 1465 999 gerant3

137 1031 237 1067 quos
285 1018 350 1056 illa
396 1018 536 1068 partim
576 1017 772 1056 mercibus
821 1015 1121 1066 suppeditandis
1161 1029 1250 1053 cum
1300 1022 1464 1064 quaestu

81 1095 118 1128 15
137 1082 457 1132 compendioque
482 1082 654 1128 dimittit,
678 1081 818 1131 partim
842 1080 993 1127 retinet,
1016 1088 1058 1118 ut
1081 1093 1199 1126 arare,
1224 1087 1264 1117 ut
1292 1092 1462 1129 pascere,

136 1156 177 1185 ut
205 1147 393 1196 negotiari
421 1147 553 1193 libeat,
580 1155 622 1184 ut
649 1146 821 1195 denique
848 1146 961 1183 sedes
985 1158 1032 1183 ac
1061 1144 1305 1183 domicilium
1332 1145 1463 1181 conlo-

136 1225 248 1259 care;
288 1213 397 1262 quod
436 1213 693 1250 commodum
732 1224 813 1248 non
853 1210 1052 1248 mediocre
1084 1209 1137 1247 rei
1176 1209 1357 1259 publicae
1391 1217 1462 1256 est,

136 1284 287 1313 tantum
323 1276 466 1314 civium
506 1289 714 1313 numerum
746 1283 826 1313 tam
861 1288 982 1324 prope
1016 1288 1039 1312 a
1070 1275 1192 1312 domo
1227 1281 1306 1311 tam
1346 1273 1461 1311 bonis

135 1341 422 1390 fructuosisque
452 1341 567 1379 rebus
595 1339 770 1378 detineri.
832 1340 882 1377 Et
909 1338 1097 1389 quoniam
1125 1338 1236 1388 quasi
1264 1339 1459 1387 quaedam
1482 1353 1498 1387 7

79 1422 117 1443 20
135 1406 293 1455 praedia
324 1406 459 1455 populi
492 1406 665 1444 Romani
699 1414 789 1444 sunt
820 1405 1023 1455 vectigalia
1055 1413 1186 1443 nostra
1219 1413 1338 1455 atque
1376 1418 1460 1454 pro-

134 1470 294 1516 vinciae,
327 1484 444 1520 quem
480 1472 530 1509 ad
563 1472 726 1509 modum
760 1484 829 1508 vos
864 1470 1094 1520 propinquis
1122 1469 1256 1508 vestris
1291 1469 1459 1520 praediis

134 1532 302 1573 maxime
329 1536 590 1583 delectamini,
621 1536 675 1574 sic
697 1537 846 1586 populo
869 1537 1053 1573 Romano
1075 1535 1247 1573 iucunda
1273 1535 1459 1573 suburba-

134 1601 233 1638 nitas
255 1608 312 1638 est
333 1601 495 1639 huiusce
521 1601 755 1650 provinciae.
818 1602 902 1638 Iam
924 1613 1016 1638 vero
1041 1600 1248 1638 hominum
1270 1599 1460 1649 ipsorum,

134 1665 293 1712 iudices,
318 1679 363 1703 ea
392 1666 579 1715 patientia
600 1665 718 1703 virtus
749 1665 1025 1714 frugalitasque
1053 1672 1110 1702 est
1141 1672 1182 1702 ut
1207 1664 1381 1713 proxime
1407 1666 1457 1702 ad

76 1743 114 1774 25
134 1738 307 1767 nostram
346 1730 597 1779 disciplinam
636 1730 742 1767 illam
782 1737 964 1776 veterem,
1007 1742 1085 1766 non
1125 1730 1175 1766 ad
1217 1730 1317 1766 banc
1357 1742 1458 1778 quae

133 1808 238 1833 nunc
269 1794 481 1833 increbruit
502 1795 707 1833 videantur
731 1795 943 1832 accedere:
975 1793 1071 1831 nihil
1093 1802 1309 1831 ceterorum
1331 1794 1457 1832 simile

134 1862 386 1906 Graecorum,
420 1862 527 1898 nulla
559 1859 722 1906 desidia,
760 1861 867 1897 nulla
900 1858 1083 1906 luxuries,
1112 1867 1247 1896 contra
1279 1872 1456 1897 summus

4 1924 8 1986 i
176 1974 194 2002 5
219 1964 405 1994 nominavit
430 1963 465 1992 ὸδ
605 1964 625 1993 8
649 1964 897 2003 suppeditando
927 1962 992 1993 0²:
1025 1963 1210 2001 subpedido
1237 1961 1300 1992 (Ἲς
1333 1972 1455 2002 suppe-

5 2011 9 2024 ¹
134 2008 237 2037 ditato
256 2012 281 2047 p
306 2007 384 2039 rell..
405 2006 498 2038 Serv.
519 2006 566 2036 ad
585 2008 670 2037 Aen.
691 2008 710 2038 i.
735 2018 747 2037 1
766 2019 772 2037 z
798 2007 1035 2046 suppeditabat
1058 2008 1162 2036 Aru-e.
1183 2006 1280 2036 Mess.
1418 2016 1456 2036 10

4 2053 8 2090 ξ
133 2051 319 2081 sentiamus
348 2049 443 2080 CO¹:
482 2052 643 2081 sentimus
665 2056 690 2091 p
717 2051 780 2081 rell.
954 2060 990 2088 17
1017 2050 1098 2088 reip
1127 2048 1206 2089 COp
1233 2049 1301 2079 aL:
1340 2051 1454 2088 populi

4 2095 5 2100 ’
135 2093 282 2125 Romani
299 2094 335 2124 ὂδ
427 2094 465 2123 18
490 2094 611 2124 civium
637 2093 685 2124 C:
711 2103 925 2124 romanorum
950 2093 1024 2123 add.
1052 2098 1132 2132 (per
1152 2092 1335 2132 compend.)
1356 2092 1456 2123 015,.5

4 2147 7 2178 ’ς
134 2138 179 2177 (v,
201 2140 216 2174 ξ
235 2138 311 2176 118)
410 2147 430 2167 a
449 2136 528 2167 CO:
551 2137 628 2177 abp
640 2136 704 2167 rell.
828 2145 867 2175 19
890 2135 1031 2166 detineri
1044 2136 1113 2165 bal.
1131 2147 1137 2165 z
1154 2146 1225 2164 -ere
1238 2135 1318 2175 COp
1333 2136 1450 2175 etpler.

3 2179 6 2216 l
136 2181 227 2219 (Act.
246 2178 304 2209 Pr.
326 2181 340 2215 5
364 2178 417 2216 18)
490 2188 527 2208 21
548 2187 610 2208 uos
626 2176 824 2216 propinquis
843 2177 913 2209 ίὈ1
927 2191 934 2209 ε
950 2189 1047 2219 prop.
1061 2178 1232 2218 uosprell.
1316 2189 1357 2218 23
1366 2184 1416 2209 est
1430 2185 1454 2219 p

3 2223 6 2251 l
133 2223 198 2254 rell.
218 2235 225 2254 :
249 2232 313 2252 om.
334 2221 362 2251 C
376 2224 443 2255 (est
459 2221 591 2252 suburb.
613 2232 690 2251 corr.
716 2219 796 2262 Oq¹)
944 2230 985 2259 25
1008 2222 1050 2251 ad
1070 2220 1129 2251 CO
1145 2220 1223 2251 Par.
1244 2222 1328 2260 7786
1345 2234 1351 2252 ι
1386 2233 1452 2253 om.

129 2272 154 2306 p
171 2266 234 2297 rell.
324 2266 366 2294 26
390 2265 569 2295 increbruit
587 2263 635 2294 C⁷r
651 2275 657 2293 ε
682 2264 848 2294 increbuit
867 2263 916 2293 Ob
931 2268 960 2294 et
972 2264 1049 2303 pler.
1108 2264 1262 2294 uideatur
1279 2264 1324 2295 Cb
1413 2276 1452 2304 27

135 2309 284 2339 luxuries
303 2307 371 2338 CO¹
390 2319 397 2337 z
425 2308 553 2337 luxuria
566 2313 590 2347 p
607 2307 671 2337 rell.
