1715 2734
106 58 162 108 63
187 75 245 108 ¹54
547 61 602 99 M.
634 60 803 99 TVLLI
834 59 1141 100 CICERONIS

178 179 311 211 autem
337 185 384 210 ex
404 185 508 223 equo
535 172 725 210 nudatam
749 171 802 210 ab
821 184 863 210 se
886 171 1128 222 provinciam
1149 171 1362 222 prospicit3
1389 171 1506 211 huius

178 245 329 276 statuae
363 237 460 275 locis
499 236 696 282 omnibus,
738 249 840 286 quae
878 237 954 274 hoc
985 237 1255 275 demonstrare
1287 236 1505 284 videantur,

177 316 300 352 prope
332 303 497 341 modurn
536 315 617 339 non
653 301 782 339 rninus
814 302 956 339 multas
995 309 1141 340 statuas
1176 301 1293 340 istum
1329 300 1506 351 posuisse

176 367 375 417 Syracusis
414 380 532 417 quam
571 367 804 414 abstulisse3
846 366 938 404 huic
975 367 1093 405 etiarn
1134 368 1288 404 Romae
1326 366 1506 404 videmus

175 432 216 470 in
255 433 338 471 basi
372 441 587 470 statuarum
628 431 806 470 maximis
845 431 981 470 litteris
1016 431 1197 479 incisum,
1232 434 1267 469 A
1305 443 1504 470 COMMVNI
1525 448 1542 479 5

99 505 155 537 155
176 500 360 537 Sicanis
399 509 541 536 DATAS.
602 499 733 546 Quam
773 497 826 535 ob
860 511 941 535 rern
976 497 1043 547 qui
1077 499 1154 535 hoc
1188 497 1354 547 probare
1392 505 1504 546 potes

100 561 156 610 64
175 563 371 613 cuiquam,
395 571 525 601 tantos
555 563 725 601 honores
757 562 912 600 habitos
934 575 1019 601 esse
1042 563 1093 600 ab
1114 562 1273 600 invitis?
1332 561 1413 600 Hic
1433 561 1502 600 tibi

174 627 291 666 etiarn
314 629 438 665 multo
459 627 580 677 magis
601 640 720 677 quarn
741 628 859 677 paulo
879 634 970 665 ante
990 627 1029 665 in
1050 627 1267 666 aratoribus
1286 626 1503 665 videndum
1713 662 1715 677 ⁴

173 701 211 731 et
232 692 563 731 considerandum
592 699 650 730 est
671 691 768 741 quid
788 691 893 730 velis.
956 693 1103 742 Magna
1122 705 1182 730 res
1203 700 1261 730 est
1282 699 1411 730 utrum
1432 691 1503 729 tibi

173 757 325 797 Siculos
355 757 513 808 publice
540 756 801 807 privatimque
826 757 976 796 amicos
1004 770 1054 795 an
1085 756 1265 795 inimicos
1293 756 1502 795 existimari
1526 773 1563 796 10

172 823 277 862 velis.
337 823 376 861 Si
408 822 600 870 inimicos,
632 821 728 872 quid
760 830 798 861 te
828 823 1001 861 futurum
1036 824 1124 861 est?
1157 835 1237 872 quo
1272 821 1503 871 confugies?

171 888 239 926 ubi
274 887 427 926 nitere?
484 888 612 926 Modo
650 894 859 934 aratorum,
894 886 1259 926 honestissimorum
1295 886 1501 925 hominum

169 967 215 992 ac
242 952 643 1004 locupletissimorum
672 960 710 990 et
741 952 964 990 Siculorum
985 960 1023 991 et
1044 952 1188 990 civium
1214 954 1499 1000 Romanorum,

171 1019 385 1057 maximum
424 1032 634 1057 numerum
667 1018 738 1056 abs
772 1026 809 1056 te
842 1017 1096 1057 abalienasti:
1136 1031 1242 1056 nunc
1275 1019 1326 1057 de
1361 1017 1501 1056 Siculis

169 1084 392 1123 civitatibus
425 1083 522 1134 quid
560 1085 681 1134 ages?
740 1083 859 1122 Dices
899 1083 970 1122 tibi
1009 1083 1161 1123 Siculos
1199 1096 1285 1122 esse
1322 1083 1502 1121 amicos?
1525 1096 1560 1128 ¹5

168 1149 235 1199 qui
269 1149 444 1199 poteris?
484 1148 562 1199 qui,
599 1150 708 1199 quod
746 1151 855 1187 nullo
894 1149 933 1187 in
967 1148 1130 1187 homine
1162 1156 1278 1187 antea
1316 1149 1497 1195 fecerant,

168 1222 209 1252 ut
226 1214 265 1252 in
287 1228 377 1253 eum
394 1214 552 1264 publice
569 1214 840 1253 testimonium
858 1214 1192 1261 dicerent‚—-cum
1211 1213 1436 1264 praesertim
1453 1227 1500 1252 ex

167 1293 212 1317 ea
243 1279 444 1329 provincia
478 1279 731 1318 condemnati
763 1279 839 1317 sint
869 1281 1091 1330 complures
1120 1278 1188 1329 qui
1218 1278 1272 1317 ibi
1301 1287 1499 1329 praetores

166 1345 333 1392 suerunt,
367 1346 449 1383 duo
483 1344 554 1383 soli
588 1344 869 1392 absoluti,—hi
904 1358 1010 1383 nunc
1039 1344 1202 1383 veniunt
1230 1357 1321 1382 cum
1348 1343 1496 1391 litteris,

165 1409 328 1448 veniunt
359 1423 450 1448 curn
483 1409 688 1456 mandatis,
721 1409 884 1448 veniunt
913 1423 1004 1448 cum
1039 1408 1272 1448 testimoniis
1302 1409 1498 1459 publicis,·
1519 1427 1557 1449 20

167 1475 246 1525 qui,
281 1475 312 1513 si
351 1482 389 1513 te
419 1475 577 1525 publice
612 1476 828 1521 laudarent,
861 1483 994 1514 tamen
1033 1474 1073 1513 id
1108 1488 1216 1513 more
1254 1474 1385 1525 potius
1424 1488 1497 1513 suo

165 1554 284 1590 quarn
316 1540 455 1579 merito
485 1549 554 1579 tuo
583 1541 709 1579 facere
738 1540 973 1588 viderentur,
1006 1539 1045 1577 hi
1075 1553 1166 1578 cum
1196 1541 1246 1578 de
1276 1539 1352 1577 tuis
1386 1539 1497 1578 factis

164 1605 322 1655 publice
364 1614 671 1655 conqueruntur,
713 1618 846 1644 nonne
890 1606 967 1644 hoc
1008 1605 1195 1652 indicant,
1236 1612 1363 1643 tantas
1412 1618 1497 1644 esse

165 1670 323 1708 iniurias
345 1679 386 1708 ut
414 1672 540 1709 multo
561 1670 770 1709 maluerint
790 1671 840 1709 de
869 1684 941 1709 suo
962 1684 1070 1709 more
1091 1671 1284 1709 decedere
1305 1683 1424 1720 quam
1445 1672 1496 1709 de

82 1742 143 1783 156
163 1735 239 1773 tuis
283 1736 458 1774 moribus
502 1749 583 1774 non
621 1735 779 1774 dicere?
848 1736 1131 1775 Confitendum
1172 1734 1286 1784 igitur
1328 1742 1386 1773 est
1424 1734 1495 1773 tibi
1516 1750 1555 1782 25

165 1801 386 1840 necessario
425 1801 578 1840 Siculos
617 1801 798 1840 inimicos
838 1814 934 1848 esse,
968 1800 1035 1851 qui
1075 1800 1237 1851 quidem
1271 1798 1346 1853 [et]
1379 1800 1419 1838 in
1457 1808 1496 1839 te

163 1865 389 1915 gravissima
420 1867 617 1916 postulata
648 1865 878 1904 consulibus
912 1865 1119 1912 ediderint,
1153 1873 1191 1904 et
1225 1878 1288 1904 rne
1318 1873 1359 1903 ut
1394 1866 1496 1903 hanc

165 1944 323 1969 causam
341 1931 555 1981 salutisque
577 1944 669 1969 suae
686 1930 959 1969 defensionem
981 1930 1220 1981 susciperem
1237 1929 1496 1977 obsecrarint;

207 2045 226 2064 2
243 2034 327 2065 locis
343 2035 500 2064 omnibus
515 2034 596 2075 VOp
607 2034 650 2065 al.
671 2045 677 2064 :
701 2034 855 2065 omnibus
872 2033 957 2065 locis
970 2044 1005 2064 c:
1028 2033 1185 2064 omnibus
1196 2032 1232 2062 ὐδ
1322 2034 1343 2063 6
1361 2033 1495 2064 Siciliae

163 2077 232 2118 cOp
249 2079 290 2108 al.
311 2089 318 2108 t
343 2078 458 2109 Sicilia
480 2078 525 2107 νδ
543 2091 545 2106 t
560 2080 597 2115 ἐξ
621 2088 691 2115 114.
716 2088 784 2117 ¹45-
809 2079 884 2118 168)
997 2078 1139 2117 probare
1159 2082 1256 2116 potes
1277 2076 1324 2108 V:
1349 2077 1494 2116 probare

165 2127 276 2160 potest
296 2121 347 2152 O:
372 2122 503 2161 probari
523 2126 635 2161 potest
647 2122 691 2161 pl)
708 2123 797 2162 vulg.
911 2132 932 2160 9
956 2121 1038 2151 velis
1060 2120 1130 2150 ῑΌ1
1149 2132 1155 2150 :
1178 2120 1228 2150 vis
1241 2126 1264 2161 p
1282 2120 1347 2150 rell.
1457 2130 1495 2150 12

165 2166 253 2195 hom.
274 2176 312 2196 ac
331 2165 454 2204 locupl.
473 2170 507 2195 et
523 2175 588 2195 om.
605 2170 629 2205 p
642 2165 684 2196 al.
854 2167 892 2195 16
917 2166 1066 2196 fecerant
1088 2163 1170 2193 VO:
1196 2164 1350 2194 fecerunt
1363 2168 1386 2204 p
1403 2163 1492 2204 vulg.

169 2219 206 2247 19
230 2209 356 2239 suerint
376 2208 406 2238 O
559 2218 597 2238 21
621 2209 798 2238 laudarent
817 2208 947 2248 publice
968 2208 998 2238 V
1149 2217 1189 2237 22
1215 2208 1233 2236 ii
1256 2206 1353 2243 V(ut
1369 2207 1389 2238 I.
1416 2209 1468 2245 195
1488 2219 1494 2237 :

165 2257 198 2282 et
215 2252 288 2291 OQ
303 2253 345 2282 86
355 2251 472 2291 supra)
543 2252 638 2282 sactis
651 2252 702 2282 s.l.
720 2251 754 2289 p²
856 2262 896 2291 25
921 2251 1021 2290 igitur
1035 2256 1086 2282 est
1103 2250 1150 2291 Vp
1167 2262 1173 2280 :
1198 2255 1249 2281 est
1269 2251 1371 2289 igitur
1386 2250 1437 2280 Ob
1448 2250 1490 2282 al.

165 2296 358 2326 necessario
376 2296 434 2326 tibi
454 2296 484 2325 O
595 2297 638 2325 26
661 2300 693 2325 et
710 2306 774 2326 om.
798 2295 858 2326 VO
975 2305 1014 2333 27
1040 2294 1208 2325 ediderint
1225 2293 1290 2325 cO:
1316 2294 1494 2324 ediderunt
1705 2298 1707 2328 1

169 2338 215 2379 Vp
230 2338 274 2370 al.
411 2339 453 2368 28
477 2339 686 2369 obsecrarint
702 2339 750 2368 cO
766 2343 794 2368 e!
814 2339 892 2369 Vnt
910 2338 1035 2369 vsdctur
1050 2349 1055 2367 ε
1080 2339 1298 2368 obsecrarunt
1312 2344 1335 2377 p
1352 2337 1417 2369 rell.
