1715 2734
179 92 447 132 ACTIONIS
470 93 529 130 IN
552 92 595 130 C.
619 92 859 129 VERREM
883 92 1180 131 SECVNDAE
1204 94 1305 130 LIB.
1330 94 1395 131 ΙΙΙ
1448 103 1501 140 42

180 205 375 244 Venuleio
404 206 556 250 dantur,
584 217 633 242 ne
662 205 837 251 accedat,
868 204 981 242 tritici
1012 206 1117 242 mod.
1147 207 1205 242 W
1236 212 1273 242 et
1304 213 1502 254 praeterea

181 269 250 307 HS
272 274 301 307 H
321 285 328 308 :
359 283 404 307 ex
425 282 504 319 quo
525 269 638 306 facile
666 277 826 318 apparet
855 283 955 319 quae
986 283 1134 307 merces
1156 270 1376 315 decumani,
1401 283 1501 318 quae

178 334 364 384 praetoris
385 335 527 384 praeda
549 347 633 371 esse
655 334 840 372 videatur.
902 335 1015 373 Cedo
1036 335 1382 372 Thermitanorum
1406 334 1501 372 mihi

177 399 321 436 litteras
361 406 398 436 et
437 398 718 436 testimonium.
789 401 985 437 TABVLAE
1025 401 1409 437 THERMITANORVM
1450 411 1502 436 ET

139 478 155 508 5
176 475 477 501 TEsrlMONIVM.
541 463 829 501 Imacharensis
865 463 941 501 iam
974 463 1083 502 omni
1118 465 1314 502 frumento
1354 464 1497 510 ablato,

176 528 253 566 iam
275 527 458 566 omnibus
480 527 628 565 iniuriis
647 528 721 566 tuis
743 528 970 574 exinanitos,
991 528 1179 566 tributum
1199 530 1324 567 facere
1339 528 1500 566 miseros

175 606 221 631 ac
240 592 413 642 perditos
443 592 616 642 coegisti,
644 600 685 630 ut
706 593 884 642 Apronio
913 595 1049 631 darent
1082 594 1150 630 HS
1173 594 1241 631 H.
1304 593 1443 631 Recita
1463 602 1501 632 et

176 659 377 695 decretum
408 658 458 695 de
488 657 641 695 tributis
667 665 705 695 et
735 658 937 707 publicum
972 658 1251 696 testimonium.
1314 659 1500 696 SENATVS

175 733 421 760 CONSVLTVM
480 734 533 758 DE
592 734 770 759 TRIBVTO
817 734 1110 761 CONFERVNDO.
1197 725 1497 761 TESTIMONIVM

120 803 157 823 10
178 788 546 824 IMACHARENSIVM.
606 789 853 833 Hennenses,
878 801 966 825 cum
990 789 1182 826 decumae
1203 788 1400 826 venissent
1421 788 1499 838 agri

177 851 404 889 Hennensis
437 853 539 889 med.
575 852 712 897 ΠΕΟ,
749 852 928 900 Apronio
967 853 1090 890 coacti
1131 860 1221 890 sunt
1260 854 1352 890 dare
1387 853 1500 891 tritici

176 916 353 954 modium
376 928 481 953 XV111
504 924 541 954 et
570 916 638 952 HS
662 929 706 953 111
734 916 849 954 milia.
912 918 1082 965 Quaeso,
1111 917 1302 956 attendite
1330 926 1500 967 quantus

174 994 359 1018 numerus
380 980 564 1018 frumenti
586 988 746 1030 cogatur
767 995 813 1019 ex
838 981 946 1019 omni
977 995 1069 1032 agro
1101 984 1334 1020 decumano.
1396 984 1499 1020 Nam

174 1059 242 1095 per
271 1046 399 1083 omnis
430 1045 604 1084 civitates
635 1059 736 1095 quae
767 1047 955 1084 decumas
987 1047 1135 1084 debent
1166 1047 1353 1096 percurrit
1375 1048 1498 1086 oratio

120 1124 151 1154 ¹5
175 1124 271 1158 mea,
309 1118 346 1148 et
378 1110 418 1148 in
450 1112 526 1148 hoc
557 1124 699 1160 genere
733 1124 850 1157 nunc,
881 1111 1041 1157 iudices,
1072 1125 1212 1158 versor,
1246 1125 1326 1149 non
1351 1112 1389 1149 in
1420 1126 1500 1162 quo

173 1175 397 1224 singillatim
429 1183 598 1213 aratores
633 1175 755 1213 eversi
792 1175 904 1214 bonis
944 1176 1130 1214 omnibus
1170 1176 1260 1223 sint,
1294 1178 1364 1215 sed
1399 1190 1500 1226 quae

173 1240 331 1289 publice
360 1240 591 1278 decumanis
622 1241 727 1277 lucra
758 1241 849 1278 data
878 1240 965 1286 sint,
989 1248 1031 1278 ut
1059 1240 1275 1290 aliquando
1296 1255 1342 1279 ex
1363 1254 1498 1279 eorum

172 1304 271 1355 agris
300 1312 418 1355 atque
449 1305 610 1343 urbibus
641 1304 785 1354 expleti
805 1312 924 1354 atque
945 1305 1103 1343 saturati
1131 1319 1220 1343 cum
1243 1307 1319 1344 hoc
1340 1308 1500 1344 cumulo

1520 108 1563 141 99

1527 482 1586 504 100

173 1378 359 1419 quaestus
391 1371 638 1408 decederent.
702 1369 914 1408 Calactinis
948 1384 1067 1419 quam
1100 1370 1153 1408 ob
1186 1384 1266 1408 rem
1301 1371 1499 1421 imperasti
1518 1357 1571 1394 43

116 1452 155 1472 20
173 1448 279 1472 anno
300 1435 413 1472 tertio
434 1442 475 1472 ut
496 1436 684 1472 decumas
705 1434 784 1483 agri
807 1434 877 1481 sui,
901 1448 998 1484 quas
1020 1436 1204 1474 Calactae
1225 1437 1317 1474 dare
1338 1449 1500 1474 consue-

173 1508 317 1547 verant,
336 1499 547 1537 Amestrati
570 1501 626 1536 M.
647 1499 790 1537 Caesio
807 1500 1030 1537 decumano
1052 1502 1219 1538 darent?
1248 1502 1355 1549 quod
1370 1515 1499 1550 neque

171 1573 261 1603 ante
283 1573 320 1602 te
341 1572 558 1614 praetorem
580 1564 633 1602 illi
650 1565 822 1602 fecerant
844 1578 973 1614 neque
990 1573 1030 1602 tu
1048 1565 1130 1614 ipse
1148 1567 1223 1603 hoc
1245 1566 1296 1603 ita
1310 1574 1498 1605 statueras

171 1637 285 1668 antea
306 1643 374 1680 per
394 1629 608 1668 biennium.
670 1630 963 1667 Theomnastus
998 1631 1262 1679 Syracusanus
1294 1631 1332 1668 in
1362 1645 1497 1681 agrum

173 1697 448 1745 Mutycensem
488 1708 555 1732 cur
593 1695 664 1732 abs
704 1702 741 1733 te
781 1694 978 1732 immissus
1014 1697 1103 1733 est?
1146 1695 1213 1744 qui
1244 1704 1414 1734 aratores
1445 1696 1498 1734 ita

114 1775 152 1806 25
171 1760 322 1798 vexavit
343 1768 383 1798 ut
414 1760 467 1797 illi
498 1760 536 1797 in
567 1761 706 1798 alteras
737 1761 938 1807 decumas,
960 1759 1000 1797 id
1030 1761 1138 1809 quod
1163 1760 1202 1797 in
1226 1760 1310 1798 aliis
1338 1774 1497 1811 quoque

171 1824 392 1862 civitatibus
432 1825 651 1870 ostendam,
695 1823 865 1862 triticum
911 1837 1041 1862 emere
1081 1824 1301 1862 necessario
1340 1833 1497 1875 propter

170 1889 343 1939 inopiam
365 1896 606 1938 cogerentur.
670 1889 754 1926 Iam
776 1902 867 1926 vero
889 1902 935 1926 ex
962 1888 1225 1938 Hyblensium
1247 1890 1496 1939 pactionibus

171 1955 411 2004 intellegetis,
447 1968 547 2004 quae
587 1956 711 1992 factae
746 1962 836 1992 sunt
868 1968 958 1992 cum
995 1956 1216 1993 decumano
1243 1956 1316 1994 Cn.
1349 1956 1493 2006 Sergio,

171 2020 321 2058 sexiens
356 2028 465 2058 tanto
500 2033 618 2069 quam
652 2028 843 2069 quantum
879 2028 1007 2057 satum
1039 2020 1088 2058 sit
1119 2021 1293 2058 ablatum
1327 2034 1412 2059 esse
1445 2022 1495 2059 ab

112 2098 153 2129 30
170 2084 396 2123 aratoribus.
458 2084 598 2123 Recita
619 2084 789 2123 sationes
810 2091 848 2123 et
868 2084 1071 2134 pactiones
1092 2099 1138 2123 ex
1159 2085 1293 2123 litteris
1315 2085 1492 2135 publicis.

213 2198 233 2227 3
258 2197 332 2219 esse
353 2188 417 2219 vid.
441 2189 566 2228 praeda
586 2188 616 2218 O
652 2189 673 2219 ii
694 2191 730 2226 ἐξ
749 2190 800 2225 61,
826 2189 900 2219 1085
917 2199 923 2218 τ
949 2190 1074 2228 praeda
1092 2189 1198 2219 abesse
1215 2189 1312 2220 malit
1327 2190 1491 2230 Zielinski,

166 2236 200 2271 p.
223 2241 282 2270 195
416 2242 432 2270 7
459 2237 491 2262 et
509 2233 597 2263 decr.
622 2232 651 2262 O
669 2238 733 2262 t’et
752 2244 814 2263 om.
830 2238 854 2273 j>
872 2232 933 2262 rell.
1072 2243 1108 2269 15
1134 2243 1198 2262 non
1219 2234 1250 2262 in
1270 2244 1334 2271 quo
1355 2233 1384 2262 O
1402 2234 1491 2264 edd:

171 2275 202 2305 in
219 2285 284 2313 quo
301 2285 367 2305 non
380 2279 405 2315 p
421 2276 486 2306 rell.
641 2286 682 2305 20
707 2275 840 2316 Calacte
853 2281 877 2315 p
892 2286 898 2305 ε
921 2275 1058 2305 Calacte
1076 2287 1095 2314 q
1111 2276 1211 2307 Prisc.
1233 2276 1301 2307 edd.
1453 2280 1493 2308 28

171 2318 277 2348 factae
294 2318 341 2348 cO
359 2330 365 2348 ε
390 2324 508 2357 pactae
521 2324 545 2358 p
563 2319 625 2349 rell.
650 2322 782 2357 (partae
799 2321 834 2357 q)
983 2329 1023 2357 29
1050 2323 1143 2348 tanto
1164 2319 1193 2348 Ο
1209 2331 1214 2349 :
1240 2325 1369 2350 tantum
1383 2326 1407 2360 p
1426 2321 1488 2351 rell.

171 2361 229 2391 An
246 2362 382 2392 sexiens
399 2367 525 2392 tantum
542 2365 724 2401 quantum?

1526 1417 1577 1438 101

1521 1908 1578 1930 102
