1715 2734
194 88 461 127 ACTIONIS
493 87 553 124 IN
584 86 629 125 C.
651 85 892 123 VERREM
923 84 1221 123 SECVNDAE
1253 83 1356 120 LIB.
1379 83 1415 118 V
1464 90 1512 128 72
1537 86 1595 126 185

193 203 232 234 et
252 196 291 234 in
311 195 512 245 gymnasio
529 194 885 243 Tyndaritanorum
907 192 1116 231 iuventutis
1133 192 1286 230 illorum
1305 192 1510 229 custodem

191 274 238 299 ac
276 260 494 310 praesidem
542 259 663 297 voluit
711 272 822 305 esse3
869 265 996 307 teque,
1039 258 1243 303 Hercules,
1283 269 1401 305 quem
1441 255 1512 293 iste
1536 259 1597 292 186

193 325 393 374 Agrigenti
428 331 544 362 nocte
576 323 810 372 intempesta
835 335 1032 359 servorum
1064 320 1251 358 instructa
1285 327 1323 358 et
1358 332 1512 369 compa-

193 397 274 426 rata
304 402 423 426 manu
461 388 679 425 convellere
711 386 789 424 suis
824 385 982 423 sedibus
1015 392 1133 434 atque
1164 385 1313 422 auferre
1347 390 1511 421 conatus

156 468 173 499 5
192 460 275 499 est3
303 461 431 502 teque,
457 451 701 489 sanctissima
729 458 850 487 mater
875 450 1005 495 Idaea,
1029 462 1146 498 quam
1173 448 1280 498 apud
1308 447 1511 496 Enguinos

191 516 466 566 augustissimo
490 523 529 553 et
555 514 845 564 religiosissimo
870 513 907 550 in
937 514 1083 562 templo
1111 512 1166 550 sic
1193 511 1399 561 spoliatam
1430 511 1511 549 reli-

193 582 275 631 quit
309 588 352 619 ut
382 594 488 618 nunc
526 593 673 618 nomen
712 580 832 617 modo
870 578 1043 616 Africani
1070 585 1108 616 et
1146 576 1307 627 vestigia
1345 576 1511 614 violatae

192 645 386 695 religionis
408 652 600 691 maneant,
624 650 880 681 monumenta
900 643 1083 681 victoriae
1103 642 1261 691 fanique
1281 648 1511 679 ornamenta

191 724 272 749 non
293 718 443 748 exstent
460 725 470 757 ,-
495 722 654 758 vosque,
671 707 848 746 omnium
869 721 995 745 rerum
1016 707 1242 753 forensium,
1257 705 1509 744 consiliorum

136 787 174 810 10
192 775 461 822 maximorum,
483 776 611 824 legum
632 773 945 822 iudiciorumque
972 772 1103 810 arbitri
1133 779 1171 810 et
1198 779 1315 810 testes
1343 771 1510 809 celeber-

191 839 289 877 rimo
316 840 355 877 in
382 841 470 877 loco
494 838 628 889 populi
660 837 831 876 Romani
861 836 987 883 locati,
1016 838 1155 876 Castor
1181 844 1218 874 et
1249 837 1400 883 Pollux,-
1416 849 1509 885 quo-

191 918 275 942 rum
296 918 317 942 e
338 906 486 953 templo
501 911 707 953 quaestum
727 902 799 940 iste
819 902 893 940 sibi
914 909 951 940 et
971 903 1156 951 praedam
1178 900 1507 950 improbissimam

191 968 429 1018 comparavit
446 983 457 1015 3
486 981 703 1017 omnesque
723 967 763 1005 di
784 966 850 1015 qui
874 965 1062 1004 vehiculis
1088 973 1285 1004 tensarum
1308 965 1506 1003 sollemnis

190 1040 326 1070 coetus
346 1033 528 1070 ludorum
543 1030 716 1078 invisitis,
732 1044 898 1080 quorum
912 1030 983 1068 iter
998 1030 1070 1068 iste
1085 1031 1135 1068 ad
1151 1044 1264 1068 suum
1287 1037 1504 1079 quaestum,

134 1113 169 1143 15
192 1110 271 1134 non
302 1098 353 1134 ad
391 1096 620 1146 religionum
659 1095 887 1145 dignitatem
927 1095 1153 1134 faciundum
1192 1095 1506 1144 exigendumque

190 1161 337 1199 curavit
354 1176 363 1209 3
392 1169 520 1211 teque,
542 1162 661 1200 Ceres
688 1168 725 1199 et
760 1160 910 1207 Libera,
945 1174 1110 1210 quarum
1145 1174 1262 1206 sacra,
1298 1160 1396 1198 sicut
1428 1160 1507 1209 opi-
1529 1167 1588 1207 187

190 1226 327 1264 niones
353 1226 559 1264 hominum
585 1240 631 1264 ac
655 1225 859 1275 religiones
880 1227 1017 1272 ferunt,
1046 1227 1161 1274 longe
1185 1225 1362 1262 maximis
1388 1233 1506 1274 atque

189 1290 462 1328 occultissimis
492 1290 737 1329 caerimoniis
764 1289 1025 1337 continentur,
1049 1303 1072 1327 a
1095 1289 1238 1339 quibus
1268 1289 1376 1327 initia
1405 1290 1505 1328 vitae

189 1363 307 1405 atque
335 1356 470 1402 victus,
507 1369 672 1402 morum,
712 1357 855 1405 legum,
894 1354 1217 1400 mansuetudinis,
1253 1354 1505 1392 humanitatis

132 1437 171 1457 20
190 1420 415 1458 hominibus
449 1428 487 1458 et
518 1419 739 1458 civitatibus
774 1421 864 1457 data
889 1433 935 1457 ac
969 1418 1170 1468 dispertita
1199 1432 1283 1456 esse
1310 1418 1504 1465 dicuntur,

190 1498 354 1534 quarum
385 1499 491 1523 sacra
522 1486 689 1534 populus
730 1486 934 1522 Romanus
964 1497 987 1521 a
1015 1483 1173 1522 Graecis
1199 1483 1348 1521 adscita
1379 1491 1416 1521 et
1446 1497 1506 1521 ac-

190 1557 302 1599 cepta
325 1556 432 1587 tanta
458 1549 643 1598 religione
669 1557 708 1587 et
735 1548 891 1598 publice
918 1556 956 1587 et
982 1548 1161 1598 privatim
1189 1555 1327 1595 tuetur,
1356 1562 1436 1586 non
1463 1556 1505 1586 ut

189 1614 239 1651 ab
259 1614 331 1651 illis
352 1615 428 1652 huc
448 1615 588 1660 adlata,
606 1615 676 1651 sed
696 1621 739 1651 ut
754 1613 891 1651 ceteris
912 1613 1003 1651 hinc
1025 1612 1165 1651 tradita
1184 1626 1269 1651 esse
1288 1612 1504 1660 videantur,

189 1691 289 1727 quae
308 1679 358 1716 ab
378 1678 453 1716 isto
472 1692 552 1716 uno
573 1678 627 1716 sic
653 1679 802 1727 polluta
827 1691 873 1715 ac
899 1677 1041 1715 violata
1067 1684 1157 1715 sunt
1186 1684 1227 1714 ut
1254 1676 1503 1714 simulacrum

132 1759 169 1789 25
191 1743 341 1782 Cereris
367 1756 501 1789 unum,
531 1744 638 1791 quod
666 1756 689 1780 a
714 1742 796 1779 viro
819 1756 900 1779 non
928 1743 1049 1780 modo
1077 1741 1182 1790 tangi
1212 1743 1281 1779 sed
1308 1755 1357 1779 ne
1383 1742 1503 1791 aspici

190 1807 350 1857 quidem
380 1809 436 1845 fas
466 1807 549 1854 fuit,
577 1821 598 1845 e
625 1807 790 1844 sacrario
821 1806 962 1845 Catina
996 1807 1300 1844 convellendum
1331 1808 1503 1844 auferen-

188 1873 363 1921 dumque
400 1872 551 1918 curarit,
586 1873 749 1909 alterum
787 1879 918 1909 autem
959 1873 1106 1909 Henna
1144 1885 1189 1908 ex
1229 1884 1297 1908 sua
1335 1872 1427 1908 sede
1458 1885 1503 1908 ac

189 1938 309 1974 domo
333 1936 538 1982 sustulerit,
567 1937 675 1985 quod
705 1943 784 1973 erat
812 1937 887 1973 tale
912 1943 953 1973 ut
982 1935 1173 1982 homines,
1195 1949 1284 1973 cum
1314 1935 1500 1982 viderent,

188 2008 253 2038 aut
290 2000 414 2050 ipsam
452 2000 583 2038 videre
622 2014 662 2038 se
701 2001 882 2039 Cererem
922 2008 988 2038 aut
1027 2000 1192 2050 effigiem
1234 2000 1384 2038 Cereris
1423 2014 1502 2037 non

232 2114 250 2141 4
274 2102 466 2133 convellere
489 2104 557 2133 suis
579 2102 695 2133 st:
720 2113 817 2135 conv,
841 2113 883 2132 ex
905 2103 974 2133 suis
990 2104 1032 2142 p&
1050 2102 1085 2139 (e
1102 2104 1172 2132 suis
1189 2102 1349 2141 Zumpt&
1376 2114 1417 2133 ex
1437 2104 1502 2133 tuis

188 2146 302 2177 Madv.
457 2148 477 2177 6
501 2147 534 2176 in
547 2152 571 2186 p
588 2157 594 2176 :
619 2157 684 2176 om,
704 2145 795 2176 RSW
955 2157 993 2176 10
1017 2146 1126 2184 legum
1142 2148 1203 2185 p5:
1231 2146 1392 2184 reliquum
1410 2146 1503 2175 RSW

191 2199 229 2219 12
253 2190 313 2219 sibi
337 2190 399 2219 iste
419 2195 443 2230 p
531 2189 811 2229 improbissimam
836 2188 953 2219 SDW:
979 2190 1289 2228 improvisissimam
1314 2189 1369 2218 R:
1399 2190 1500 2219 maxi-

189 2243 274 2262 mam
293 2233 537 2271 improbissime
549 2234 591 2272 p&
611 2233 705 2271 (fort.
725 2233 973 2271 improbissime
990 2233 1183 2271 maximam)
1298 2242 1335 2270 14
1360 2233 1501 2262 invisitis

183 2276 249 2315 pk:
276 2276 402 2305 inutilis
420 2276 475 2306 R:
500 2276 590 2306 initis
607 2275 700 2305 SDql
768 2287 804 2315 15
822 2288 887 2307 non
905 2277 976 2316 Sp:
1007 2287 1071 2306 om.
1092 2277 1124 2306 R
1196 2286 1235 2313 24
1262 2276 1326 2305 isto
1344 2286 1410 2305 uno
1428 2276 1499 2315 Rp:

189 2329 255 2349 uno
272 2320 336 2349 isto
353 2318 446 2349 SDW
564 2320 604 2348 26
628 2319 766 2349 Catinae
784 2321 799 2347 δ
904 2329 943 2356 27
969 2319 1090 2348 curarit
1107 2319 1219 2358 scripsi
1235 2321 1264 2359 (ξ
1287 2319 1346 2356 178
1362 2321 1477 2359 supra)
1493 2330 1501 2348 ε

190 2362 316 2391 curauit
334 2360 424 2390 135³?
439 2372 446 2390 ε
471 2362 634 2390 curaverit
646 2367 670 2399 p
686 2363 754 2391 ead„
