1715 2734
165 91 191 130 8
212 106 247 127 2¹
577 93 632 129 M.
665 91 834 128 TVLLI
867 90 1176 129 CICERONIS

209 208 276 239 tua
315 199 544 240 crudelitate
583 199 622 238 in
662 199 759 237 alios
799 197 929 237 omnis
969 198 1039 236 tibi
1079 198 1209 238 aditus
1253 198 1543 238 misericordiae

149 241 189 322 292
209 266 386 305 iudicum
425 266 502 305 iam
543 265 694 316 pridem
735 277 820 302 esse
865 265 1100 314 praeclusos.
1175 263 1322 303 Omnia
1360 262 1431 301 tibi
1471 263 1543 302 ista

207 333 427 370 concedam
458 339 495 370 et
520 330 742 377 remittam3
770 328 961 379 provideo
991 328 1095 366 enim
1125 328 1220 379 quid
1242 328 1290 366 sit
1310 329 1542 367 defensurus

209 397 448 435 Hortensius
464 411 474 444 3
503 395 687 434 fatebitur
715 395 821 444 apud
852 393 970 432 istum
1001 407 1131 444 neque
1158 400 1402 432 senectutem
1422 393 1541 444 patris

207 475 337 511 neque
375 460 686 500 adulescentiam
727 459 780 497 fili
821 472 952 509 neque
991 458 1171 497 lacrimas
1211 458 1413 509 utriusque
1453 461 1577 509 plus5

206 526 373 565 valuisse
393 539 512 576 quam
544 525 751 563 utilitatem
780 525 1028 574 salutemque
1053 523 1278 574 provinciae
1293 539 1302 572 3
1332 524 1438 563 dicet
1458 538 1540 563 rem

204 591 404 641 publicam
434 589 695 629 administrari
726 589 810 627 sine
840 596 948 628 metu
977 602 1023 627 ac
1053 589 1257 628 severitate
1286 603 1367 628 non
1397 603 1541 641 posse,

205 664 366 708 quaeret
396 670 515 707 quam
546 656 599 694 ob
629 669 710 694 rem
741 656 866 693 fasces
896 653 1143 705 praetoribus
1173 656 1449 704 praeferantur,
1472 669 1541 694 cur

205 736 360 762 secures
389 724 516 768 datae,
539 735 607 760 cur
637 734 768 759 carcer
795 719 1039 766 aedificatus,
1059 733 1128 758 cur
1157 726 1214 758 tot
1244 720 1435 770 supplicia
1463 721 1539 759 sint

205 790 244 829 in
265 789 466 839 improbos
495 800 603 826 more
633 786 826 825 maiorum
856 785 1080 824 constituta.
1140 786 1255 834 Quae
1284 799 1374 824 cum
1404 786 1538 825 omnia
1562 799 1599 820 10

204 854 368 905 graviter
389 866 601 903 severeque
623 851 773 898 dixerit,
796 865 981 901 quaeram
1004 864 1073 889 cur
1093 852 1200 889 hunc
1227 852 1399 890 eundem
1421 854 1541 902 Apol-

204 920 354 959 lonium
390 921 531 957 Verres
564 917 670 956 idem
704 924 866 967 repente
899 918 1006 955 nulla
1045 930 1085 955 re
1118 930 1221 955 nova
1253 918 1396 964 adlata,
1434 920 1540 956 nulla

204 985 444 1031 defensione,
465 983 548 1022 sine
569 997 687 1022 causa
707 984 757 1021 de
778 996 932 1021 carcere
953 982 1078 1021 emitti
1099 982 1275 1031 iusserit,
1305 990 1539 1034 tantumque

204 1050 242 1088 in
283 1052 360 1088 hoc
399 1049 561 1088 crimine
601 1048 836 1099 suspicionis
876 1062 961 1087 esse
1000 1049 1221 1087 adfirmabo
1256 1056 1297 1087 ut
1333 1050 1409 1087 iam
1444 1050 1537 1100 ipsis

203 1115 400 1154 iudicibus
421 1115 505 1153 sine
530 1128 618 1153 mea
644 1113 984 1164 argumentatione
1012 1113 1277 1153 coniecturam
1309 1116 1435 1154 facere
1456 1129 1536 1165 per·
1559 1129 1593 1160 15

204 1182 356 1220 mittam
379 1182 487 1231 quod
509 1182 585 1219 hoc
606 1194 730 1231 genus
751 1179 979 1230 praedandi,
1003 1193 1123 1230 quam
1155 1179 1393 1230 improbum,
1417 1194 1534 1230 quam

204 1247 421 1296 indignum,
445 1259 646 1297 quamque
674 1247 725 1284 ad
752 1245 1067 1296 magnitudinem
1090 1253 1276 1295 quaestus
1297 1245 1535 1284 immensum

144 1327 182 1358 ²3
203 1312 480 1362 infinitumque
510 1324 595 1350 esse
624 1310 812 1350 videatur.
873 1312 978 1349 Nam
1011 1324 1112 1361 quae
1146 1311 1218 1349 iste
1254 1310 1293 1348 in
1321 1312 1536 1361 Apollonio

202 1378 302 1423 fecit,
336 1390 381 1415 ea
415 1376 584 1427 primum
615 1375 782 1414 breviter
814 1375 1041 1426 cognoscite
1075 1384 1172 1426 quot
1202 1384 1240 1415 et
1269 1384 1417 1427 quanta
1446 1377 1534 1424 sint,

201 1443 347 1482 deinde
376 1443 473 1481 hacc
498 1441 709 1492 expendite
736 1449 855 1492 atque
882 1443 1086 1480 aestimate
1114 1442 1305 1492 pecunia:
1336 1443 1534 1493 reperietis
1555 1457 1593 1480 20

200 1508 348 1547 idcirco
382 1509 479 1546 haec
515 1507 554 1544 in
589 1520 670 1545 uno
704 1508 866 1545 homine
905 1507 1122 1557 pecunioso
1155 1515 1212 1546 tot
1246 1508 1459 1547 constituta
1493 1517 1535 1547 ut

200 1572 338 1612 ceteris
368 1572 597 1611 formidines
625 1571 810 1610 similium
841 1571 1186 1611 incommodorum
1218 1581 1336 1624 atque
1357 1575 1536 1625 exempla

201 1638 461 1688 periculorum
485 1645 731 1688 proponeret.
794 1637 968 1676 Primum
991 1637 1232 1677 insimulatio
1253 1646 1309 1677 est
1331 1641 1535 1689 repentina

200 1703 376 1755 capitalis
414 1711 534 1754 atque
582 1703 765 1741 invidiosi
815 1703 1240 1751 criminis,——statuite
1280 1705 1415 1754 quanti
1457 1706 1533 1743 hoc

200 1769 344 1819 putetis
384 1776 421 1807 et
459 1782 578 1819 quam
620 1770 764 1806 multos
804 1769 1045 1818 redemisse,
1087 1771 1232 1808 deinde
1267 1770 1414 1808 crimen
1448 1772 1532 1810 sine
1553 1781 1589 1814 25

199 1843 436 1882 accusatore,
478 1834 672 1873 sententia
711 1834 794 1873 sine
829 1835 1006 1883 consilio,
1040 1835 1243 1874 damnatio
1277 1835 1361 1875 sine
1402 1837 1533 1875 defen-

200 1900 583 1948 sione,-aestimate
613 1902 749 1939 harum
782 1901 960 1940 omnium
991 1915 1117 1940 rerum
1147 1901 1269 1951 pretia
1297 1908 1335 1940 et
1365 1901 1533 1952 cogitate

200 1967 238 2005 in
280 1968 340 2005 his
379 1966 650 2016 iniquitatibus
691 1981 814 2005 unum
859 1967 1032 2005 haesisse
1070 1967 1340 2017 Apollonium,
1382 1975 1532 2006 ceteros

201 2035 377 2083 profecto
408 2034 552 2071 multos
588 2047 634 2072 ex
666 2032 726 2071 his
762 2032 1026 2071 incommodis
1056 2032 1224 2083 pecunia
1252 2046 1294 2070 se
1324 2033 1532 2080 liberasse3

201 2106 400 2148 postremo
440 2099 637 2145 tenebrae,
676 2099 814 2144 vincla,
864 2111 1003 2144 carcer,
1053 2097 1247 2135 inclusum
1296 2099 1530 2148 supplicium
1549 2110 1589 2141 30

200 2173 318 2215 atque
348 2179 370 2203 a
399 2172 615 2215 conspectu
645 2164 864 2214 parentium
895 2177 941 2202 ac
971 2163 1149 2210 liberum,
1173 2164 1344 2213 denique
1365 2177 1387 2202 a
1408 2164 1531 2202 libero

202 2231 336 2281 spiritu
361 2239 479 2280 atque
509 2244 531 2268 a
561 2229 760 2268 communi
790 2231 878 2267 luce
908 2229 1271 2275 seclusum—baec
1296 2242 1398 2275 vero,
1430 2241 1530 2278 quae

251 2345 288 2372 19
311 2332 548 2371 recognoscite
571 2330 697 2364 qurm,
719 2330 789 2361 cdd.
957 2342 998 2370 23
1023 2332 1346 2372 proponerenturp5
1487 2340 1525 2368 31

203 2388 222 2407 a
247 2378 339 2415 (ante
363 2376 563 2416 conspectu)
591 2386 654 2406 om.
683 2374 778 2405 RSD
909 2376 1095 2414 parentium
1117 2375 1242 2406 RSD:
1267 2379 1442 2415 parentum
1460 2375 1528 2415 wpfi

204 2432 245 2460 32
270 2426 368 2459 atque
387 2431 405 2451 a
422 2420 485 2450 RS
500 2420 542 2451 al.
561 2431 566 2450 :
591 2430 628 2449 ac
649 2418 748 2457 GJL:
776 2423 808 2449 ct
821 2420 863 2458 ᾐδ
