1715 2734
170 141 437 181 ACTIONIS
459 144 521 183 IN
541 145 586 184 C.
610 146 852 182 VERREM
873 145 1173 184 SECVNDAE
1196 147 1297 183 LIB.
1323 147 1381 183 IV
1440 155 1493 192 42
1513 160 1551 191 92

166 252 244 291 hoc
263 255 370 303 apud
391 267 459 293 vos
480 254 684 305 Zosippus,
708 263 746 293 et
765 254 967 302 Ismenias,
997 255 1178 294 homines
1200 255 1432 294 nobilissimi
1454 263 1491 294 et

165 317 361 368 principes
382 319 672 368 Tyndaritanae
693 319 869 358 civitatis.

220 382 360 430 Quid?
415 382 628 433 Agrigento
658 398 791 423 nonne
829 384 1006 423 eiusdem
1045 387 1087 422 P.
1121 384 1315 435 Scipionis
1355 398 1491 423 monu-

164 454 351 493 mentum,
375 447 528 497 signum
563 449 758 498 Apollinis
788 448 1105 499 pulcherrimum,
1133 449 1243 487 cuius
1273 449 1313 487 in
1343 451 1490 488 femore

125 522 141 551 5
162 511 296 550 litteris
318 511 476 550 minutis
497 513 689 562 argenteis
710 527 856 553 nomen
879 513 1056 563 Myronis
1078 522 1157 552 erat
1179 514 1420 564 inscriptum,
1444 528 1490 552 ex

161 576 371 626 Aesculapi
409 576 698 626 religiosissimo
746 580 838 617 fano
885 579 1103 617 sustulisti?
1159 581 1280 628 Quod
1314 579 1486 629 quidem,

160 640 320 687 iudices,
354 654 443 678 cum
471 641 544 679 iste
571 644 671 680 clam
698 643 864 690 fecisset,
895 657 986 681 cum
1016 644 1067 681 ad
1094 657 1209 682 suum
1239 645 1365 682 scelus
1393 644 1488 682 illud

159 706 384 755 furtumque
428 706 617 744 nefarium
657 709 850 756 quosdam
890 708 1070 747 homines
1122 708 1323 759 improbos
1366 710 1487 748 duces

158 776 276 819 atque
314 769 512 809 adiutores
547 771 802 819 adhibuisset,
834 773 1087 811 vehementer
1121 781 1321 812 commota
1352 773 1486 812 civitas

102 848 139 869 10
158 841 226 871 est.
293 836 384 872 Vno
414 835 519 873 enirn
550 843 726 886 tempore
756 836 1000 886 Agrigentini
1031 837 1268 876 beneficium
1298 838 1484 886 Africani,

158 897 386 948 religionem
426 900 696 947 domesticam,
738 909 1013 940 ornamentum
1053 902 1170 949 urbis,
1207 902 1396 941 indicium
1435 903 1485 942 vi-

156 963 314 1012 ctoriae,
329 964 597 1003 testimonium
615 965 811 1004 societatis
829 966 1088 1016 requirebant.
1136 968 1276 1017 Itaque
1292 968 1342 1005 ab
1356 967 1400 1006 iis
1417 968 1484 1018 qui

155 1028 349 1079 principes
377 1029 416 1068 in
441 1043 488 1068 ea
514 1029 670 1068 civitate
697 1038 805 1069 erant
829 1031 1064 1081 praecipitur
1090 1038 1127 1070 et
1148 1032 1349 1081 negotium
1370 1034 1484 1071 datur

155 1094 427 1144 quaestoribus
448 1102 486 1133 et
512 1095 705 1134 aedilibus
735 1103 778 1133 ut
807 1103 927 1134 noctu
952 1095 1099 1146 vigilias
1125 1104 1284 1146 agerent
1303 1098 1354 1136 ad
1374 1097 1482 1135 aedis

97 1172 134 1203 15
154 1173 291 1198 sacras.
354 1160 511 1199 Etenim
534 1160 605 1199 iste
618 1160 995 1211 Agrigenti—credo
1017 1169 1174 1211 propter
1188 1161 1480 1200 multitudinem

152 1223 306 1263 illorum
341 1225 547 1264 hominum
579 1233 697 1275 atque
731 1225 924 1273 virtutem,
954 1233 992 1264 et
1023 1227 1131 1276 quod
1161 1226 1264 1264 cives
1295 1226 1481 1274 Romani,

151 1288 220 1327 viri
258 1291 376 1328 fortes
423 1298 541 1340 atque
576 1289 741 1337 honesti,
782 1290 964 1340 permulti
1011 1289 1051 1328 in
1090 1290 1156 1329 illo
1194 1290 1343 1341 oppido
1391 1304 1480 1329 con-

151 1354 396 1394 iunctissimo
420 1355 554 1394 animo
581 1369 671 1394 cum
702 1354 795 1405 ipsis
822 1355 1085 1405 Agrigentinis
1112 1355 1247 1393 vivunt
1267 1369 1313 1394 ac
1334 1355 1479 1405 negoti-

150 1428 399 1458 antur—non
425 1421 598 1459 audebat
628 1422 756 1471 palam
783 1433 945 1470 poscere
969 1428 1035 1458 aut
1060 1422 1194 1459 tollere
1224 1434 1324 1470 quae
1354 1422 1479 1471 place-

93 1499 133 1521 20
152 1485 256 1524 bant.
331 1486 514 1524 Herculis
536 1488 727 1537 templum
749 1493 807 1524 est
827 1486 933 1536 apud
955 1485 1231 1535 Agrigentinos
1253 1499 1333 1524 non
1362 1487 1478 1536 longe
1496 1499 1539 1530 94

149 1563 172 1588 a
204 1552 298 1597 foro,
322 1564 414 1589 sane
435 1558 615 1589 sanctum
640 1552 746 1601 apud
776 1550 862 1588 illos
891 1558 928 1588 et
957 1549 1190 1600 religiosum.
1252 1549 1314 1588 Ibi
1344 1558 1401 1588 est
1431 1564 1476 1588 ex

148 1628 236 1653 aere
270 1615 520 1654 simulacrum
556 1615 676 1666 ipsius
710 1615 905 1662 Herculis,
941 1628 1020 1664 quo
1054 1629 1133 1654 non
1166 1615 1278 1653 facile
1312 1615 1474 1654 dixerim

147 1679 359 1729 quicquam
389 1694 452 1719 me
482 1680 625 1719 vidisse
654 1680 1066 1730 pulchrius—tametsi
1096 1694 1175 1719 non
1206 1688 1284 1718 tam
1307 1682 1473 1719 multum

147 1743 187 1781 in
208 1743 288 1782 istis
316 1745 431 1783 rebus
458 1744 642 1795 intellego
663 1759 783 1795 quam
805 1747 928 1783 multa
948 1744 1208 1794 vidi—usque
1229 1759 1287 1791 eo,
1311 1745 1474 1794 iudices,

89 1824 128 1856 25
147 1815 189 1846 ut
215 1807 355 1847 rictum
376 1808 458 1847 eius
478 1823 524 1848 ac
545 1817 722 1848 mentum
743 1811 861 1860 paulo
882 1810 929 1847 sit
950 1809 1127 1856 attritius,
1150 1811 1257 1859 quod
1288 1809 1326 1847 in
1353 1811 1473 1859 preci-

147 1872 219 1911 bus
251 1881 288 1911 et
311 1873 635 1924 gratulationibus
663 1888 743 1913 non
773 1875 901 1912 solum
931 1873 971 1912 id
997 1873 1169 1912 venerari
1190 1888 1323 1912 verum
1354 1875 1470 1913 etiam

145 1937 310 1975 osculari
327 1939 464 1976 solent.
523 1939 588 1977 Ad
609 1940 685 1976 hoc
707 1940 909 1988 templum,
932 1952 1022 1977 cum
1044 1946 1144 1977 esset
1165 1937 1236 1976 iste
1256 1939 1470 1989 Agrigenti,

145 2002 246 2039 duce
274 2001 525 2041 Timarchide
546 2011 705 2053 repente
727 2011 843 2042 nocte
864 2003 1100 2053 intempesta
1121 2016 1318 2042 servorum
1349 2018 1469 2043 arma-

145 2073 273 2103 torum
305 2068 346 2104 fit
378 2080 590 2106 concursus
624 2075 742 2117 atque
781 2068 960 2118 impetus.
1033 2070 1191 2108 Clamor
1229 2081 1251 2106 a
1289 2068 1467 2118 vigilibus

86 2145 126 2175 30
144 2131 302 2181 sanique
333 2132 563 2171 custodibus
598 2132 768 2180 tollitur3
816 2132 881 2183 qui
921 2132 1046 2182 primo
1080 2147 1170 2171 cum
1205 2132 1394 2172 obsistere
1422 2148 1467 2172 ac

144 2196 355 2234 defendere
404 2204 646 2244 conarentur,
689 2199 789 2235 male
837 2197 995 2235 mulcati
1044 2197 1159 2235 clavis
1207 2211 1253 2236 ac
1300 2198 1466 2236 fustibus

1508 364 1558 402 43

187 2308 207 2336 3
233 2310 297 2329 non
314 2311 333 2338 q
464 2311 485 2339 9
510 2306 706 2332 commotast
725 2301 842 2331 civitas
860 2300 1017 2331 Zielinski
1150 2310 1187 2340 13
1213 2302 1418 2341 praecipitur
1433 2306 1465 2332 ct

144 2342 211 2371 secl.
233 2341 356 2372 Rinkes
490 2354 524 2382 17
552 2349 651 2383 atque
672 2353 722 2384 tac
743 2346 773 2384 δ)
792 2345 920 2375 strenui
940 2349 973 2375 et
992 2344 1123 2374 honesti
1140 2345 1177 2374 πδ
1310 2355 1352 2374 20
1376 2346 1463 2384 apud

144 2384 260 2425 Agrig.
282 2386 388 2416 abesse
407 2387 501 2417 nvzalit
513 2387 638 2426 Jacoby
1317 2430 1377 2463 23*
