1715 2734
212 101 276 140 39
625 92 680 129 M.
713 92 881 129 TVLLI
914 92 1220 131 CICERONIS

254 214 332 250 que
365 200 545 239 ordinem
581 200 821 239 senatorium
856 208 898 239 ut
936 201 1122 240 arbitratu
1158 202 1240 241 eius
1272 202 1506 253 deligeretur
1539 217 1586 241 ex

254 273 390 304 senatu
413 265 479 316 qui
508 280 595 304 reus
623 267 742 312 fieret,
765 265 843 315 qui,
867 267 962 304 dum
991 266 1054 305 hic
1075 280 1177 317 quae
1204 281 1305 318 opus
1329 275 1460 306 essent
1481 281 1585 306 corn-

252 338 415 380 pararet,
439 344 597 369 causam
620 330 768 368 interea
788 339 879 368 ante
900 344 990 368 eum
1012 330 1168 369 diceret.

196 409 233 430 10
308 395 465 444 Quibus
511 409 583 445 ego
629 395 745 433 rebus
785 395 881 445 quid
924 395 996 434 iste
1041 404 1169 446 speret
1210 405 1248 435 et
1287 411 1367 447 quo
1405 396 1583 435 animum

251 460 430 499 intendat
461 460 574 498 facile
606 460 801 510 perspicio
819 475 828 508 5
867 474 986 510 quam
1016 461 1069 499 ob
1099 475 1179 500 rem
1210 476 1300 500 vero
1335 476 1376 501 se
1408 463 1583 501 confidat

248 526 398 576 aliquid
423 527 612 576 proficere
638 538 755 575 posse
784 527 860 563 hoc
886 533 1064 576 praetore
1090 534 1127 564 et
1152 528 1228 565 hoc
1249 527 1414 566 consilio
1435 527 1582 566 intelle-

246 605 336 641 gere
375 605 455 630 non
496 604 668 640 possum.
728 592 862 628 Vnum
903 591 1000 629 illud
1035 591 1230 641 intellego,
1267 594 1375 642 quod
1410 593 1580 642 populus

248 658 454 694 Romanus
494 656 531 693 in
573 655 785 694 reiectione
825 655 1001 694 iudicum
1044 656 1240 703 iudicavit,
1277 671 1323 696 ea
1357 670 1425 707 spe
1460 657 1578 696 istum

245 721 363 759 fuisse
403 721 623 771 praeditum
665 729 706 758 ut
746 734 906 759 omnem
942 721 1132 760 rationem
1169 721 1302 760 salutis
1336 722 1375 760 in
1410 722 1578 772 pecunia

244 786 509 833 constitueret,
554 787 631 824 hoc
674 794 812 835 erepto
856 785 1053 835 praesidio
1099 793 1140 824 ut
1184 788 1332 824 nullam
1377 787 1452 825 sibi
1495 801 1575 825 rem

197 862 223 900 4
243 850 474 889 adiumento
508 852 591 888 fore
622 850 882 888 arbitraretur.
948 850 1107 889 Etenim
1140 852 1249 901 quod
1283 859 1340 889 est
1375 851 1575 901 ingenium

241 923 406 963 tanturn,
434 929 535 966 quae
565 923 674 953 tanta
703 917 866 953 facultas
897 915 1056 954 dicendi
1087 924 1155 954 aut
1185 916 1309 966 copia,
1337 930 1438 966 quae
1466 917 1575 954 istius

240 980 360 1018 vitam
386 989 443 1019 tot
463 980 565 1018 vitiis
592 979 827 1030 flagitiisque
854 980 1089 1028 convictam,
1113 980 1190 1018 iam
1219 981 1369 1031 pridem
1395 981 1573 1019 omnium

239 1047 441 1083 voluntate
481 1045 708 1094 iudicioque
751 1045 994 1093 damnatam,
1031 1045 1163 1096 aliqua
1201 1060 1247 1084 ex
1298 1053 1406 1095 parte
1451 1046 1573 1095 possit

182 1125 214 1146 11
239 1112 483 1149 defendere?
540 1110 663 1149 Cuius
685 1117 726 1148 ut
747 1110 1041 1149 adulescentiae
1064 1112 1237 1149 maculas
1258 1110 1572 1161 ignominiasque

237 1184 493 1226 praeteream,
523 1184 741 1226 quaestura,
775 1175 925 1226 primus
955 1177 1098 1226 gradus
1131 1176 1302 1224 honoris,
1335 1176 1431 1226 quid
1464 1176 1571 1215 aliud

236 1242 356 1280 habet
386 1242 426 1279 in
455 1255 498 1280 se
527 1241 600 1279 nisi
623 1242 695 1280 Cn.
721 1241 946 1280 Carbonem
978 1241 1188 1291 spoliatum
1218 1255 1242 1280 a
1261 1249 1469 1292 quaestore
1498 1255 1570 1280 suo

236 1306 404 1357 pecunia
430 1306 599 1357 publica,
625 1307 817 1344 nudatum
844 1314 881 1344 et
909 1306 1109 1356 proditum
1131 1308 1346 1354 consulem,
1370 1307 1568 1345 desertum

233 1372 459 1419 exercitum,
489 1370 663 1409 relictam
695 1371 949 1421 provinciam,
980 1371 1093 1409 sortis
1124 1371 1457 1410 necessitudinem
1487 1372 1570 1410 reli-

231 1438 471 1487 gionemque
492 1437 707 1475 violatam?
736 1436 847 1475 cuius
870 1437 1013 1486 legatio
1036 1436 1196 1475 exitium
1218 1437 1289 1475 fuit
1310 1437 1427 1475 Asiae
1447 1437 1567 1475 totius

231 1511 268 1541 et
292 1502 557 1553 Pamphyliae,
581 1502 725 1552 quibus
746 1502 785 1539 in
808 1501 1017 1552 provinciis
1042 1504 1183 1540 multas
1204 1503 1356 1549 domos,
1380 1502 1566 1552 plurimas

230 1568 347 1614 urbis,
377 1568 511 1607 omnia
541 1569 630 1605 fana
660 1569 916 1617 depeculatus
948 1576 1016 1613 est,
1046 1575 1128 1605 turn
1160 1581 1251 1605 cum
1282 1567 1321 1605 in
1352 1568 1424 1607 Cn.
1450 1569 1566 1606 Dola-

230 1636 373 1673 bellam
395 1648 510 1672 suum
538 1635 665 1672 scelus
694 1633 789 1671 illud
820 1633 1026 1682 pristinum
1057 1633 1256 1671 renovavit
1279 1641 1317 1671 et
1338 1633 1564 1670 instauravit

229 1699 507 1750 quaestorium,
544 1713 634 1737 cum
670 1712 772 1745 eum,
807 1698 869 1736 cui
909 1706 947 1736 et
987 1700 1136 1748 legatus
1175 1706 1213 1736 et
1252 1712 1323 1748 pro
1357 1707 1564 1748 quaestore

229 1765 373 1811 fuisset,
407 1772 444 1803 et
475 1765 514 1802 in
549 1764 737 1802 invidiam
774 1763 853 1802 suis
889 1763 1092 1802 maleficiis
1126 1763 1300 1809 adduxit,
1333 1771 1370 1801 et
1400 1763 1439 1800 in
1470 1763 1563 1813 ipsis

229 1829 410 1880 periculis
454 1843 534 1867 non
581 1831 708 1866 solum
749 1828 931 1875 deseruit,
973 1829 1043 1867 sed
1082 1828 1199 1867 etiam
1238 1827 1479 1878 oppugnavit
1517 1842 1564 1867 ac

172 1911 207 1932 12
229 1894 428 1944 prodidit;
474 1894 585 1932 cuius
632 1886 1008 1963 praeturasurbana
1031 1890 1208 1947 saedium
1256 1906 1451 1931 sacrarum
1491 1893 1563 1931 fuit

270 2001 291 2028 6
316 1999 378 2029 hoc
407 2004 563 2037 praetore
591 1998 692 2028 Asa:
728 2002 884 2036 praetore
911 2008 976 2028 om.
1002 1997 1076 2037 pq¹5
1110 1996 1197 2036 (add.
1229 2009 1255 2028 s.
1281 1997 1301 2027 l.
1325 1997 1362 2037 ρ’
1389 1997 1562 2036 glabrione

228 2054 258 2081 p.
279 2043 324 2081 r.)
344 2054 351 2072 :
378 2043 440 2072 hoc
459 2042 642 2072 Glabrione
667 2041 730 2071 ΒΨ
752 2042 798 2071 ἰἰι
817 2052 884 2081 mg.
906 2041 939 2070 D
961 2044 1132 2080 praetore)
1153 2053 1159 2071 :
1177 2042 1238 2071 hoc
1263 2041 1446 2071 Glabrione
1465 2051 1560 2080 prae-

227 2092 301 2115 tore
330 2096 347 2114 ν
373 2086 413 2116 al.
573 2095 589 2123 7
616 2086 693 2126 Π
722 2084 799 2124 Dp:
840 2085 984 2124 populus
1013 2085 1186 2115 Romanus
1216 2083 1361 2122 G,2KZ:
1387 2090 1521 2123 praetor
1545 2096 1564 2114 r

226 2129 318 2168 Asa,
335 2129 404 2160 edd.
534 2139 572 2160 10
595 2128 807 2159 constituerit
826 2127 881 2167 Dp
897 2133 926 2158 et
938 2129 1016 2168 pler.
1161 2138 1197 2158 12
1222 2133 1278 2158 aut
1296 2128 1382 2157 Βψπ
1397 2139 1404 2157 :
1428 2134 1461 2158 et
1479 2128 1497 2157 b
1512 2128 1559 2159 ed.

226 2172 327 2203 Rom.
424 2183 460 2210 13
485 2173 671 2203 convictam
684 2173 748 2211 pa:
773 2172 987 2202 coniunctam
1007 2171 1041 2201 D
1057 2171 1100 2203 al.
1228 2173 1266 2201 16
1286 2172 1412 2210 primus
1435 2172 1560 2209 gradus

227 2216 365 2245 honoris
377 2216 479 2248 codd..
496 2215 672 2246 Diomedes
688 2227 694 2245 ε
717 2215 784 2245 secl.
799 2214 868 2245 edd.
943 2225 985 2245 22
1003 2214 1224 2254 depeculatus
1238 2227 1258 2243 π
1269 2214 1375 2246 Schol.
1393 2215 1536 2245 Gronov.
1553 2227 1559 2245 :

226 2259 451 2299 depopulatus
470 2259 533 2289 ΒΨ
699 2259 731 2288 ὶη
750 2258 811 2289 Cn.
832 2258 1040 2289 Dolabellam
1058 2259 1125 2290 secl.
1145 2257 1247 2297 Kays.
1269 2257 1381 2288 Muell.
1518 2269 1558 2297 24

229 2303 280 2333 cui
306 2309 339 2333 et
363 2303 492 2341 legatus
518 2315 559 2332 πε
584 2304 637 2332 cui
664 2303 672 2332 l
699 2303 830 2340 legatus
857 2303 921 2340 62:
957 2304 1008 2332 cui
1032 2303 1086 2332 ille
1113 2303 1177 2340 leg.
1211 2301 1244 2331 D
1271 2302 1324 2331 al:
1359 2302 1410 2331 cui
1442 2301 1472 2332 .l.
1504 2303 1558 2333 ille

227 2347 291 2385 leg.
313 2346 349 2376 K

1601 802 1639 824 10

1590 1451 1629 1472 20

1585 1775 1624 1807 25
