1715 2734
166 127 214 166 57
240 126 299 156 128
604 123 660 159 M.
693 123 861 160 TVLLI
894 122 1202 162 CICERONIS

165 207 216 289 {8
235 238 496 268 consecratus.
558 232 693 269 Iovem
717 238 848 269 autem
880 232 1162 281 Imperatorem
1186 239 1336 282 quanto
1356 233 1507 271 honore
1528 232 1567 271 in

156 277 214 309 ¹⁶9
235 308 307 332 suo
344 297 492 345 templo
533 296 650 334 fuisse
688 296 960 334 arbitramini?
1017 296 1210 336 Conicere
1244 297 1417 348 potestis,
1452 297 1483 335 si
1515 312 1569 336 re-

234 360 386 400 cordari
417 361 614 399 volueritis
646 370 793 411 quanta
823 361 1009 412 religione
1044 362 1158 400 fuerit
1194 363 1332 401 eadem
1364 362 1494 412 specie
1521 376 1568 401 ac

236 429 360 465 forma
381 426 534 477 signum
558 427 653 465 illud
675 428 783 477 quod
805 441 851 466 ex
873 427 1113 466 Macedonia
1133 435 1290 478 captum
1314 427 1352 465 in
1370 427 1567 477 Capitolio

129 491 214 542 (58)
234 500 417 543 posuerat
452 494 493 530 T
531 492 784 530 Flamininus.
847 492 1006 530 Etenim
1042 492 1113 530 tria
1146 493 1368 531 ferebantur
1402 492 1441 530 in
1472 492 1568 531 orbe
1588 505 1604 536 5

234 565 421 596 terrarum
443 557 552 607 signa
576 557 680 596 Iovis
703 557 956 607 Imperatoris
978 572 1057 596 uno
1079 558 1116 596 in
1143 572 1285 608 genere
1306 558 1567 608 pulcherrime

233 625 344 670 facta,
369 636 492 661 unum
515 622 610 661 illud
635 623 943 661 Macedonicum
966 624 1074 673 quod
1102 623 1139 660 in
1164 623 1362 673 Capitolio
1383 623 1564 670 vidimus,

232 691 396 728 alterum
428 688 467 726 in
499 688 614 727 Ponti
646 702 712 727 ore
743 696 779 726 et
809 688 1009 738 angustiis,
1043 688 1197 726 tertium
1229 690 1339 738 quod
1369 689 1567 738 Syracusis

233 763 324 794 ante
344 757 506 793 Verrem
529 761 745 804 praetorem
770 753 851 792 fuit.
914 755 1019 792 Illud
1049 753 1292 792 Flamininus
1321 753 1374 792 ita
1401 767 1446 792 ex
1469 755 1568 792 aede

233 834 304 858 sua
332 818 488 857 sustulit
517 826 559 857 ut
589 818 627 856 in
660 818 868 869 Capitolio,
901 820 977 857 hoc
1007 827 1065 857 est
1096 819 1133 856 in
1167 818 1334 857 terrestri
1365 818 1567 858 domicilio
1592 832 1626 854 10

154 897 214 928 130
236 884 340 923 Iovis
380 891 553 934 poneret.
615 885 736 932 Quod
775 891 907 922 autem
943 891 1000 922 est
1034 884 1085 922 ad
1120 883 1320 921 introitum
1354 882 1481 929 Ponti,
1514 883 1565 930 id,

233 964 324 988 cum
355 957 434 988 tam
469 951 592 987 multa
623 963 669 987 ex
697 949 764 987 illo
797 948 891 986 mari
925 949 1027 987 bella
1062 948 1300 996 emerserint,
1334 955 1412 986 tam
1447 950 1569 986 multa

233 1028 348 1065 porro
370 1014 408 1052 in
433 1016 603 1052 Pontum
626 1014 781 1052 invecta
801 1013 888 1060 sint,
906 1027 1030 1063 usque
1051 1014 1102 1052 ad
1124 1015 1226 1052 hanc
1248 1013 1353 1052 diem
1374 1012 1566 1063 integrum

233 1079 545 1128 inviolatumque
566 1086 761 1117 servatum
782 1085 850 1117 est.
912 1080 1005 1116 Hoc
1034 1078 1201 1124 tertium,
1228 1079 1336 1127 quod
1358 1085 1438 1116 erat
1460 1080 1567 1127 Syra-

232 1144 344 1191 cusis,
379 1145 487 1194 quod
520 1146 576 1182 M.
610 1146 821 1183 Marcellus
851 1151 1022 1182 armatus
1053 1151 1090 1182 et
1121 1144 1244 1182 victor
1264 1143 1424 1190 viderat,
1457 1145 1565 1193 quod
1590 1156 1626 1187 ¹5

231 1209 408 1259 religioni
456 1216 715 1255 concesserat,
767 1210 876 1258 quod
925 1208 1029 1247 cives
1071 1216 1190 1259 atque
1231 1208 1384 1247 incolae
1425 1210 1563 1255 colere,

230 1275 408 1313 advenae
438 1288 517 1312 non
547 1275 674 1312 solum
705 1273 827 1312 visere
855 1287 988 1312 verum
1021 1274 1138 1313 etiam
1169 1273 1343 1313 venerari
1373 1274 1567 1322 solebant,

152 1352 207 1382 131
231 1338 271 1377 id
294 1340 337 1378 C.
362 1341 503 1377 Verres
525 1353 570 1377 ex
592 1340 740 1389 templo
765 1338 869 1377 Iovis
898 1339 1063 1377 sustulit.
1129 1341 1182 1377 Vt
1211 1338 1366 1389 saepius
1391 1340 1442 1377 ad
1465 1341 1567 1377 Mar-

230 1406 374 1443 cellum
409 1412 586 1451 revertar,
624 1404 785 1451 iudices,
819 1404 873 1442 sic
905 1406 1103 1453 habetote,
1138 1404 1257 1455 pluris
1293 1418 1378 1443 esse
1407 1419 1430 1443 a
1460 1408 1567 1455 Syra-

230 1469 385 1507 cusanis
407 1468 516 1507 istius
537 1470 710 1507 adventu
741 1470 837 1508 deos
860 1484 978 1519 quam
1000 1470 1161 1509 victoria
1185 1470 1362 1509 Marcelli
1385 1470 1565 1509 homines
1588 1486 1626 1507 20

230 1534 484 1573 desideratos.
518 1534 675 1573 Etenim
693 1534 756 1573 ille
772 1535 978 1584 requisisse
993 1536 1109 1574 etiam
1126 1536 1267 1575 dicitur
1284 1535 1565 1575 Archimedem

230 1600 352 1647 illum,
388 1614 545 1638 summo
579 1599 737 1650 ingenio
768 1601 969 1639 hominem
1000 1616 1045 1640 ac
1076 1601 1295 1652 disciplina,
1327 1615 1444 1651 quem
1475 1615 1565 1639 cum
1713 1605 1715 1647 g

229 1665 403 1704 audisset
443 1664 690 1703 interfectum
721 1667 956 1714 permoleste
989 1666 1146 1705 tulisse:
1189 1666 1261 1705 iste
1297 1665 1431 1704 omnia
1464 1679 1566 1715 quae

233 1730 443 1780 requisivit,
467 1744 546 1768 non
568 1737 610 1768 ut
631 1738 879 1769 conservaret
897 1745 1030 1770 verum
1049 1739 1090 1769 ut
1113 1738 1328 1781 asportaret
1350 1729 1560 1780 requisivit.

159 1813 213 1850 59
289 1798 373 1834 Iam
405 1795 469 1833 illa
498 1808 599 1845 quae
631 1795 776 1834 leviora
801 1796 1041 1835 videbuntur
1074 1795 1164 1834 ideo
1195 1794 1426 1846 praeteribo,
1455 1795 1563 1844 quod
1587 1810 1624 1840 25

234 1875 389 1900 mensas
412 1860 626 1911 Delphicas
648 1875 668 1899 e
690 1876 894 1907 marmore,
912 1870 1078 1900 crateras
1101 1876 1146 1900 ex
1166 1875 1254 1900 aere
1272 1860 1563 1911 pulcherrimas,

233 1926 309 1964 vim
343 1926 551 1964 maximam
574 1940 755 1964 vasorum
784 1927 1079 1965 Corinthiorum
1113 1941 1158 1965 ex
1186 1926 1371 1965 omnibus
1399 1924 1564 1964 aedibus

156 2007 210 2038 ¹32
233 1992 349 2030 sacris
370 1992 531 2031 abstulit
552 1990 760 2042 Syracusis.
824 1994 975 2042 Itaque,
998 1991 1159 2039 iudices,
1183 1991 1206 2029 ii
1229 1991 1294 2042 qui
1316 1990 1491 2040 hospites
1513 1990 1562 2028 ad

233 2072 278 2096 ea
317 2072 417 2107 quae
458 2057 619 2095 visenda
660 2065 750 2095 sunt
798 2059 924 2096 solent
964 2058 1108 2095 ducere
1148 2065 1184 2095 et
1225 2070 1346 2094 unum
1388 2055 1563 2105 quidque

277 2175 293 2201 4
320 2168 451 2203 captum
467 2170 489 2204 p
507 2164 548 2195 al.
566 2176 572 2194 :
598 2165 703 2202 capud
725 2163 754 2193 l?
772 2175 777 2193 :
803 2168 865 2204 cas)
883 2163 911 2193 S
1000 2173 1018 2201 5
1043 2162 1079 2192 T.
1101 2161 1175 2192 add.
1194 2159 1366 2191 Ebrrlmrd
1447 2159 1561 2189 Flami-

233 2209 307 2237 nius
324 2208 411 2239 sodd.
548 2218 564 2245 7
589 2208 744 2238 videmus
762 2207 848 2237 codd.
990 2217 1026 2243 ¹4
1052 2206 1138 2244 quod
1157 2210 1227 2235 erat
1246 2205 1321 2243 Syr.
1339 2203 1447 2233 abesse
1463 2203 1566 2233 voluit

229 2251 353 2290 jacob-1·
491 2252 529 2281 16
553 2251 678 2281 incolae
699 2250 904 2289 Syracusani
923 2249 1010 2279 codd.
1031 2261 1037 2279 :
1063 2250 1138 2288 Syr.
1158 2248 1216 2278 dcl.
1234 2248 1325 2277 Bake
1460 2247 1498 2276 18
1522 2246 1559 2276 C.

234 2305 297 2325 om.
319 2296 334 2323 δ
425 2295 468 2326 Μ.
490 2295 684 2325 Marcellum
705 2295 720 2323 δ
854 2304 893 2323 22
919 2303 1061 2331 eumque
1080 2302 1153 2322 cum
1171 2292 1319 2322 audisset
1340 2292 1382 2331 ρδ
1521 2298 1562 2327 25

235 2337 290 2368 illa
310 2339 387 2377 quia
401 2340 442 2378 7>ss
598 2340 639 2368 28
667 2338 743 2376 Syr.
764 2337 901 2367 abstulit
914 2337 1061 2376 p5.f0rt.
1081 2339 1157 2366 recle
