1769 2739
731 86 1051 125 PRAEFATIO

272 190 312 230 iii
342 193 459 241 §220
492 193 597 231 denis
635 206 709 231 non
743 194 847 231 licere
878 195 987 233 VcO:
1031 207 1109 234 om.
1140 209 1187 234 ex
1225 197 1548 236 homoeoteleuto

218 258 335 296 ceteri
356 259 474 297 codd.

272 321 312 360 iii
332 323 350 371 ξ
377 337 450 373 199
471 337 564 372 quos
583 337 657 361 non
678 329 821 361 exarat
848 325 957 362 VcO:
987 337 1064 363 om.
1088 326 1168 364 rell.

273 387 311 425 iii
333 388 351 437 ξ
375 402 445 426 221
480 389 546 426 ubi
583 389 686 426 tanti
703 418 711 426 .
735 420 742 426 .
766 419 774 427 .
796 390 1013 427 aestimabit
1042 391 1177 429 videtis
1211 391 1359 430 habent
1389 399 1420 442 p
1455 393 1548 435 rell..

219 452 346 491 verbis
385 467 487 503 quae
527 453 566 491 in
606 453 738 492 medio
774 455 976 494 debebant
1023 469 1108 495 esse
1147 456 1302 495 omissis
1341 465 1379 496 et
1417 471 1439 496 e
1481 457 1551 496 VO

219 519 467 568 recuperatis.
876 516 879 519 ’

273 583 351 621 Sed
373 583 469 620 mira
496 583 594 621 inter
615 584 712 622 haec
741 598 800 622 res
828 585 1056 623 observatur
1077 587 1199 635 quod,
1223 600 1312 624 cum
1339 600 1407 636 per
1432 585 1551 624 libros

219 647 314 685 ii—iii
362 647 401 685 in
440 647 552 686 variis
601 648 837 687 lectionibus
882 664 1037 700 prorsus
1081 651 1181 690 inter
1221 665 1262 689 se
1301 650 1550 689 consentiant

230 714 354 752 VCcO
373 712 438 763 (cf.
460 715 608 764 Anas.
631 715 704 752 Plz.
725 716 823 761 xxvi,
847 729 911 765 pp.
934 730 1077 763 420-1‚
1102 730 1190 766 423,
1215 716 1320 768 428),
1349 718 1388 754 in
1418 717 1550 754 conlo·

219 779 374 818 catione
413 779 619 817 verborum
670 779 806 830 incipit
852 782 1048 830 quaedam
1097 795 1284 832 apparere
1332 781 1552 820 differentia

218 855 338 893 atque
358 843 574 882 diversitas».
636 845 668 882 E
689 845 846 894 triginta
870 846 948 884 fere
975 846 1063 884 libri
1094 847 1258 885 secundi
1285 846 1380 885 locis
1410 846 1448 883 in
1470 846 1552 896 qui-

220 909 293 946 bus
332 907 490 946 codices
530 907 629 946 inter
667 921 709 947 se
747 909 964 959 comparari
1003 919 1181 961 possunt,
1215 918 1253 950 et
1287 913 1353 961 qui
1387 910 1551 949 alicuius

219 973 411 1012 momenti
439 973 613 1012 habendi
641 981 742 1020 sunt,
772 974 940 1013 discedit
966 977 1000 1015 Ο
1019 989 1041 1013 a
1072 978 1112 1023 V,
1135 978 1244 1026 quod
1272 977 1322 1015 ad
1343 977 1549 1015 verborum

219 1038 400 1077 ordinem
421 1039 572 1085 attinet,
596 1039 703 1078 haud
725 1038 880 1089 saepius
901 1053 1021 1090 quam
1042 1040 1203 1080 viciens.
1247 1043 1296 1078 Et
1321 1055 1388 1091 per
1409 1041 1551 1078 librum

219 1105 376 1143 tertium
405 1103 544 1142 crescit
573 1105 671 1142 haec
698 1104 974 1155 discrepantia,
995 1106 1174 1155 quamvis
1205 1106 1243 1144 in
1268 1108 1407 1145 ceteris
1436 1106 1552 1144 rebus

220 1170 320 1207 inter
348 1181 390 1207 se
419 1170 651 1219 plerumque
682 1177 899 1218 congruant
930 1171 1047 1209 codd.
1082 1172 1119 1208 V
1139 1178 1177 1209 et
1211 1172 1255 1210 O.
1327 1170 1553 1221 Nonaginta

220 1241 310 1271 sunt
331 1235 410 1272 fere
437 1232 614 1272 eiusdem
645 1233 797 1283 generis
827 1233 902 1272 loci
933 1235 972 1271 in
1000 1235 1143 1284 quibus
1174 1235 1263 1273 licet
1295 1237 1433 1273 chm
1458 1236 1493 1274 O
1513 1234 1552 1272 in

221 1298 429 1338 verborum
459 1298 722 1336 collocatione
751 1312 1003 1349 comparare:
1036 1299 1074 1337 in
1106 1300 1165 1338 his
1195 1300 1373 1350 congruit
1398 1302 1433 1339 O
1461 1314 1552 1338 cum

231 1365 268 1401 V
290 1370 443 1401 tantum
483 1362 750 1409 undeviciens,
786 1363 825 1400 in
860 1363 999 1402 ceteris
1035 1364 1221 1402 omnibus
1256 1365 1351 1403 locis
1385 1365 1553 1403 discedit

219 1441 242 1466 a
274 1429 314 1465 V.
372 1429 465 1465 Non
496 1427 779 1477 improbandus
810 1436 868 1466 est
898 1430 996 1467 ordo
1028 1429 1235 1467 verborum
1267 1429 1305 1466 in
1338 1431 1374 1466 V
1389 1429 1549 1479 positus,

221 1492 399 1543 quamvis
438 1500 628 1542 repugnet
655 1494 698 1539 O,
734 1493 773 1530 in
805 1493 914 1531 hisce
947 1493 1069 1531 locis:
1111 1494 1149 1531 iii
1173 1495 1212 1543 ἕξ
1237 1508 1295 1544 23,
1326 1507 1384 1544 25,
1419 1498 1478 1541 26,
1505 1509 1552 1545 29

221 1557 406 1608 (bis)‚47‚
432 1559 492 1603 68,
522 1570 605 1605 130,
634 1569 718 1606 175,
748 1560 819 1607 183
841 1557 948 1609 (bis),
977 1572 1059 1608 193,
1087 1573 1172 1608 ²13·

277 1624 410 1671 Quare
431 1622 590 1660 miretur
620 1636 738 1660 nemo
760 1637 822 1661 me
847 1623 886 1660 in
913 1624 986 1661 hac
1014 1624 1188 1662 editione
1209 1626 1255 1664 C.
1281 1626 1321 1662 F.
1346 1626 1403 1662 W.
1429 1625 1551 1662 Muel-

221 1689 345 1726 lerum
385 1700 465 1725 non
505 1700 589 1725 esse
629 1695 807 1725 secutum
846 1689 913 1737 qui
954 1702 1021 1738 per
1060 1689 1179 1727 libros
1219 1689 1314 1726 ii—iii
1344 1689 1552 1728 verborum

222 1751 540 1791 conlocationem
562 1751 601 1789 in
627 1754 662 1791 Ο
682 1752 851 1803 positam
873 1767 1028 1804 semper
1049 1755 1127 1793 fere
1149 1754 1188 1792 in
1210 1762 1359 1793 textum
1380 1755 1551 1805 recepit.¹

223 1817 369 1867 Quaeri
390 1825 518 1867 potest
541 1831 634 1855 num
663 1820 750 1856 cod.
774 1820 809 1857 O
828 1818 867 1856 in
889 1819 962 1857 hac
984 1833 1023 1858 re
1051 1820 1272 1870 improbare
1302 1820 1407 1859 idern
1429 1822 1554 1859 valeat

221 1884 330 1933 quod
350 1883 621 1921 auctoritatem
644 1885 764 1933 ipsius
779 1883 1290 1924 Cluniacensis‘detrectare
1310 1901 1317 1925 :
1347 1885 1436 1924 vide
1452 1900 1553 1936 quae

222 1948 357 1998 scripsi
379 1949 419 1986 in
439 1950 587 1998 Anas.
611 1950 683 1986 Pla.
708 1948 834 1996 xxviii,
858 1963 922 1999 pp.
943 1964 1015 1999 149
1037 1963 1120 2000 sqq.
1193 1953 1285 1989 Non
1306 1951 1432 1989 ausim
1454 1952 1493 1988 in
1515 1964 1554 1989 re

222 2012 343 2051 dubia
363 2021 481 2062 atque
502 2012 661 2060 difficili,
685 2026 786 2063 quae
807 2013 881 2051 nisi
904 2027 1006 2052 nova
1026 2016 1128 2053 nacti
1155 2015 1299 2054 erimus
1326 2016 1555 2055 adiumenta

222 2077 357 2116 critica
388 2091 468 2116 non
503 2079 644 2128 poterit
683 2080 800 2128 plane
835 2078 1052 2127 diiudicari,
1091 2080 1308 2130 quidquam
1344 2095 1414 2131 pro
1447 2089 1555 2119 certo

222 2144 436 2182 affirmare:
467 2145 535 2181 sed
554 2145 707 2182 videtur
727 2144 823 2181 mihi
845 2145 1005 2193 quidem
1028 2145 1206 2183 librarius
1227 2148 1314 2184 cod.
1337 2148 1382 2189 O,
1401 2159 1555 2184 Summa

223 2207 370 2258 alioqui
406 2208 592 2257 religione
631 2215 669 2246 et
702 2209 778 2246 fide
819 2209 1092 2256 transcribens,
1129 2211 1335 2248 verborum
1375 2210 1553 2249 ordinem

267 2305 277 2325 ¹
305 2306 372 2336 Sed
390 2305 429 2337 cs.
447 2316 533 2344 quac
550 2306 684 2345 scripsit
701 2306 732 2344 J,
750 2305 829 2345 May
846 2306 878 2336 in
899 2306 1054 2345 Bursian,
1069 2306 1322 2346 Jahresbericlzt,
1342 2307 1406 2338 cliii
1444 2308 1552 2347 1911),

227 2361 260 2390 P·
279 2360 329 2388 54·

859 2419 918 2443 XV!
