<?xml version="1.0" encoding="UTF-8"?>
<!DOCTYPE html PUBLIC "-//W3C//DTD XHTML 1.0 Transitional//EN"
    "http://www.w3.org/TR/xhtml1/DTD/xhtml1-transitional.dtd">
<html xmlns="http://www.w3.org/1999/xhtml" xml:lang="en" lang="en">
 <head>
  <title>
</title>
<meta http-equiv="Content-Type" content="text/html;charset=utf-8" />
  <meta name='ocr-system' content='tesseract 3.04.00' />
  <meta name='ocr-capabilities' content='ocr_page ocr_carea ocr_par ocr_line ocrx_word'/>
</head>
<body>
  <div class='ocr_page' id='page_1' title='image "./orationesrecogno03ciceuoft/orationesrecogno03ciceuoft_0049.png"; bbox 0 0 1715 2734; ppageno 0'>
   <div class='ocr_carea' id='block_1_1' title="bbox 429 109 1517 157">
    <p class='ocr_par' dir='ltr' id='par_1_1' title="bbox 429 109 1517 157">
     <span class='ocr_line' id='line_1_1' title="bbox 429 109 1517 157; baseline -0.001 -10"><span class='ocrx_word' id='word_1_1' title='bbox 429 110 490 147; x_wconf 96' lang='lat' dir='ltr'>IN</span> <span class='ocrx_word' id='word_1_2' title='bbox 520 110 568 157; x_wconf 85' lang='lat' dir='ltr'>Q.</span> <span class='ocrx_word' id='word_1_3' title='bbox 602 109 921 148; x_wconf 87' lang='lat' dir='ltr'><strong>CAECILIVM</strong></span> <span class='ocrx_word' id='word_1_4' title='bbox 952 109 1168 148; x_wconf 88' lang='lat' dir='ltr'><strong>ORATIO</strong></span> <span class='ocrx_word' id='word_1_5' title='bbox 1412 120 1457 147; x_wconf 86' lang='lat'>21</span> <span class='ocrx_word' id='word_1_6' title='bbox 1476 115 1517 157; x_wconf 82' lang='lat'>67</span> 
     </span>
    </p>
   </div>
   <div class='ocr_carea' id='block_1_2' title="bbox 74 218 1518 2150">
    <p class='ocr_par' dir='ltr' id='par_1_2' title="bbox 74 218 1518 2150">
     <span class='ocr_line' id='line_1_2' title="bbox 133 218 1459 269; baseline 0.001 -12"><span class='ocrx_word' id='word_1_7' title='bbox 133 220 230 257; x_wconf 92' lang='lat' dir='ltr'>tudo</span> <span class='ocrx_word' id='word_1_8' title='bbox 270 221 387 269; x_wconf 86' lang='lat' dir='ltr'>longo</span> <span class='ocrx_word' id='word_1_9' title='bbox 421 218 625 257; x_wconf 90' lang='lat' dir='ltr'>intervallo</span> <span class='ocrx_word' id='word_1_10' title='bbox 659 219 823 268; x_wconf 84' lang='lat' dir='ltr'>repetita</span> <span class='ocrx_word' id='word_1_11' title='bbox 855 232 901 257; x_wconf 91' lang='lat' dir='ltr'>ac</span> <span class='ocrx_word' id='word_1_12' title='bbox 936 220 1065 265; x_wconf 82' lang='lat' dir='ltr'>relata,</span> <span class='ocrx_word' id='word_1_13' title='bbox 1104 219 1299 257; x_wconf 90' lang='lat' dir='ltr'>sociorum</span> <span class='ocrx_word' id='word_1_14' title='bbox 1335 220 1459 269; x_wconf 86' lang='lat' dir='ltr'>queri-</span> 
     </span>
     <span class='ocr_line' id='line_1_3' title="bbox 132 283 1458 335; baseline 0.002 -14"><span class='ocrx_word' id='word_1_15' title='bbox 132 284 287 322; x_wconf 88' lang='lat' dir='ltr'>moniae</span> <span class='ocrx_word' id='word_1_16' title='bbox 316 285 468 322; x_wconf 80' lang='lat' dir='ltr'>delatae</span> <span class='ocrx_word' id='word_1_17' title='bbox 499 285 549 322; x_wconf 93' lang='lat' dir='ltr'>ad</span> <span class='ocrx_word' id='word_1_18' title='bbox 582 283 783 322; x_wconf 90' lang='lat' dir='ltr'>hominem</span> <span class='ocrx_word' id='word_1_19' title='bbox 814 298 894 322; x_wconf 90' lang='lat' dir='ltr'>non</span> <span class='ocrx_word' id='word_1_20' title='bbox 931 283 1221 330; x_wconf 83' lang='lat' dir='ltr'>inertissimum,</span> <span class='ocrx_word' id='word_1_21' title='bbox 1254 293 1458 335; x_wconf 76' lang='lat' dir='ltr'>susceptae</span> 
     </span>
     <span class='ocr_line' id='line_1_4' title="bbox 130 348 1458 399; baseline 0.001 -13"><span class='ocrx_word' id='word_1_22' title='bbox 130 349 180 387; x_wconf 90' lang='lat' dir='ltr'>ab</span> <span class='ocrx_word' id='word_1_23' title='bbox 208 362 256 386; x_wconf 91' lang='lat' dir='ltr'>eo</span> <span class='ocrx_word' id='word_1_24' title='bbox 276 348 343 398; x_wconf 89' lang='lat' dir='ltr'>qui</span> <span class='ocrx_word' id='word_1_25' title='bbox 368 348 573 387; x_wconf 89' lang='lat' dir='ltr'>videbatur</span> <span class='ocrx_word' id='word_1_26' title='bbox 600 362 735 386; x_wconf 90' lang='lat' dir='ltr'>eorum</span> <span class='ocrx_word' id='word_1_27' title='bbox 767 350 941 387; x_wconf 75' lang='lat' dir='ltr'>fortunas</span> <span class='ocrx_word' id='word_1_28' title='bbox 972 350 1050 387; x_wconf 85' lang='lat' dir='ltr'>fide</span> <span class='ocrx_word' id='word_1_29' title='bbox 1079 348 1359 399; x_wconf 79' lang='lat' dir='ltr'>diligentiaque</span> <span class='ocrx_word' id='word_1_30' title='bbox 1389 364 1458 387; x_wconf 90' lang='lat' dir='ltr'>sua</span> 
     </span>
     <span class='ocr_line' id='line_1_5' title="bbox 131 413 1518 463; baseline 0.001 -12"><span class='ocrx_word' id='word_1_31' title='bbox 131 427 247 463; x_wconf 91' lang='lat' dir='ltr'>posse</span> <span class='ocrx_word' id='word_1_32' title='bbox 274 415 496 452; x_wconf 87' lang='lat' dir='ltr'>defendere.</span> <span class='ocrx_word' id='word_1_33' title='bbox 558 415 651 451; x_wconf 91' lang='lat' dir='ltr'>Hoc</span> <span class='ocrx_word' id='word_1_34' title='bbox 678 414 817 452; x_wconf 86' lang='lat' dir='ltr'>timent</span> <span class='ocrx_word' id='word_1_35' title='bbox 847 413 1041 460; x_wconf 81' lang='lat' dir='ltr'>homines,</span> <span class='ocrx_word' id='word_1_36' title='bbox 1063 415 1139 451; x_wconf 90' lang='lat' dir='ltr'>hoc</span> <span class='ocrx_word' id='word_1_37' title='bbox 1169 414 1357 459; x_wconf 83' lang='lat' dir='ltr'>laborant,</span> <span class='ocrx_word' id='word_1_38' title='bbox 1382 415 1457 451; x_wconf 90' lang='lat' dir='ltr'>hoc</span> <span class='ocrx_word' id='word_1_39' title='bbox 1479 422 1518 452; x_wconf 88' lang='lat'>68</span> 
     </span>
     <span class='ocr_line' id='line_1_6' title="bbox 94 477 1459 527; baseline 0 -11"><span class='ocrx_word' id='word_1_40' title='bbox 94 488 111 519; x_wconf 88' lang='lat'><strong>5</strong></span> <span class='ocrx_word' id='word_1_41' title='bbox 132 477 280 516; x_wconf 88' lang='lat' dir='ltr'>institui</span> <span class='ocrx_word' id='word_1_42' title='bbox 309 486 427 527; x_wconf 91' lang='lat' dir='ltr'>atque</span> <span class='ocrx_word' id='word_1_43' title='bbox 456 479 557 516; x_wconf 89' lang='lat' dir='ltr'>adeo</span> <span class='ocrx_word' id='word_1_44' title='bbox 587 478 808 516; x_wconf 88' lang='lat' dir='ltr'>institutum</span> <span class='ocrx_word' id='word_1_45' title='bbox 844 478 972 516; x_wconf 89' lang='lat' dir='ltr'>referri</span> <span class='ocrx_word' id='word_1_46' title='bbox 1007 492 1051 516; x_wconf 89' lang='lat' dir='ltr'>ac</span> <span class='ocrx_word' id='word_1_47' title='bbox 1087 478 1262 516; x_wconf 83' lang='lat' dir='ltr'>renovari</span> <span class='ocrx_word' id='word_1_48' title='bbox 1294 480 1459 516; x_wconf 76' lang='lat' dir='ltr'>moleste</span> 
     </span>
     <span class='ocr_line' id='line_1_7' title="bbox 132 543 1458 593; baseline 0.002 -14"><span class='ocrx_word' id='word_1_49' title='bbox 132 543 284 589; x_wconf 76' lang='lat' dir='ltr'>ferunt3</span> <span class='ocrx_word' id='word_1_50' title='bbox 313 550 452 592; x_wconf 82' lang='lat' dir='ltr'>putant</span> <span class='ocrx_word' id='word_1_51' title='bbox 473 544 553 581; x_wconf 88' lang='lat' dir='ltr'>fore</span> <span class='ocrx_word' id='word_1_52' title='bbox 575 550 628 589; x_wconf 85' lang='lat' dir='ltr'>ut,</span> <span class='ocrx_word' id='word_1_53' title='bbox 652 543 681 581; x_wconf 87' lang='lat' dir='ltr'>si</span> <span class='ocrx_word' id='word_1_54' title='bbox 709 543 895 593; x_wconf 79' lang='lat' dir='ltr'>paulatim</span> <span class='ocrx_word' id='word_1_55' title='bbox 918 544 1014 580; x_wconf 88' lang='lat' dir='ltr'>haec</span> <span class='ocrx_word' id='word_1_56' title='bbox 1036 544 1284 581; x_wconf 81' lang='lat' dir='ltr'>consuetudo</span> <span class='ocrx_word' id='word_1_57' title='bbox 1305 556 1458 592; x_wconf 83' lang='lat' dir='ltr'>serpere</span> 
     </span>
     <span class='ocr_line' id='line_1_8' title="bbox 131 607 1458 657; baseline 0.002 -13"><span class='ocrx_word' id='word_1_58' title='bbox 131 620 177 644; x_wconf 90' lang='lat' dir='ltr'>ac</span> <span class='ocrx_word' id='word_1_59' title='bbox 214 607 368 656; x_wconf 89' lang='lat' dir='ltr'>prodire</span> <span class='ocrx_word' id='word_1_60' title='bbox 403 608 585 657; x_wconf 88' lang='lat' dir='ltr'>coeperit,</span> <span class='ocrx_word' id='word_1_61' title='bbox 623 621 690 657; x_wconf 88' lang='lat' dir='ltr'>per</span> <span class='ocrx_word' id='word_1_62' title='bbox 725 608 905 646; x_wconf 86' lang='lat' dir='ltr'>homines</span> <span class='ocrx_word' id='word_1_63' title='bbox 944 607 1243 645; x_wconf 89' lang='lat' dir='ltr'>honestissimos</span> <span class='ocrx_word' id='word_1_64' title='bbox 1277 607 1458 657; x_wconf 89' lang='lat' dir='ltr'>virosque</span> 
     </span>
     <span class='ocr_line' id='line_1_9' title="bbox 132 671 1457 722; baseline 0.002 -14"><span class='ocrx_word' id='word_1_65' title='bbox 132 671 372 717; x_wconf 83' lang='lat' dir='ltr'>fortissimos,</span> <span class='ocrx_word' id='word_1_66' title='bbox 406 686 485 709; x_wconf 89' lang='lat' dir='ltr'>non</span> <span class='ocrx_word' id='word_1_67' title='bbox 521 672 721 722; x_wconf 86' lang='lat' dir='ltr'>imperitos</span> <span class='ocrx_word' id='word_1_68' title='bbox 756 673 1075 710; x_wconf 89' lang='lat' dir='ltr'>adulescentulos</span> <span class='ocrx_word' id='word_1_69' title='bbox 1110 680 1176 710; x_wconf 89' lang='lat' dir='ltr'>aut</span> <span class='ocrx_word' id='word_1_70' title='bbox 1213 672 1313 710; x_wconf 88' lang='lat' dir='ltr'>illius</span> <span class='ocrx_word' id='word_1_71' title='bbox 1349 674 1457 711; x_wconf 88' lang='lat' dir='ltr'>modi</span> 
     </span>
     <span class='ocr_line' id='line_1_10' title="bbox 131 737 1518 787; baseline 0.001 -13"><span class='ocrx_word' id='word_1_72' title='bbox 131 738 454 786; x_wconf 81' lang='lat' dir='ltr'>quadruplatores</span> <span class='ocrx_word' id='word_1_73' title='bbox 475 738 578 787; x_wconf 83' lang='lat' dir='ltr'>leges</span> <span class='ocrx_word' id='word_1_74' title='bbox 600 737 824 786; x_wconf 86' lang='lat' dir='ltr'>iudiciaque</span> <span class='ocrx_word' id='word_1_75' title='bbox 845 737 1175 775; x_wconf 83' lang='lat' dir='ltr'>administrentur.</span> <span class='ocrx_word' id='word_1_76' title='bbox 1228 738 1350 777; x_wconf 88' lang='lat' dir='ltr'>Cuius</span> <span class='ocrx_word' id='word_1_77' title='bbox 1368 752 1458 776; x_wconf 89' lang='lat' dir='ltr'>con·</span> <span class='ocrx_word' id='word_1_78' title='bbox 1477 743 1518 785; x_wconf 85' lang='lat'>69</span> 
     </span>
     <span class='ocr_line' id='line_1_11' title="bbox 78 801 1457 851; baseline 0.001 -13"><span class='ocrx_word' id='word_1_79' title='bbox 78 818 113 839; x_wconf 82' lang='lat'>10</span> <span class='ocrx_word' id='word_1_80' title='bbox 132 801 350 839; x_wconf 90' lang='lat' dir='ltr'>suetudinis</span> <span class='ocrx_word' id='word_1_81' title='bbox 389 810 507 851; x_wconf 87' lang='lat' dir='ltr'>atque</span> <span class='ocrx_word' id='word_1_82' title='bbox 542 802 709 840; x_wconf 90' lang='lat' dir='ltr'>instituti</span> <span class='ocrx_word' id='word_1_83' title='bbox 744 810 871 851; x_wconf 91' lang='lat' dir='ltr'>patres</span> <span class='ocrx_word' id='word_1_84' title='bbox 908 801 1154 851; x_wconf 87' lang='lat' dir='ltr'>maioresque</span> <span class='ocrx_word' id='word_1_85' title='bbox 1187 810 1341 841; x_wconf 89' lang='lat' dir='ltr'>nostros</span> <span class='ocrx_word' id='word_1_86' title='bbox 1377 817 1457 842; x_wconf 91' lang='lat' dir='ltr'>non</span> 
     </span>
     <span class='ocr_line' id='line_1_12' title="bbox 131 857 1458 916; baseline 0.002 -14"><span class='ocrx_word' id='word_1_87' title='bbox 131 865 357 914; x_wconf 84' lang='lat' dir='ltr'>paenitebat</span> <span class='ocrx_word' id='word_1_88' title='bbox 388 874 470 904; x_wconf 89' lang='lat' dir='ltr'>tum</span> <span class='ocrx_word' id='word_1_89' title='bbox 501 880 591 905; x_wconf 91' lang='lat' dir='ltr'>cum</span> <span class='ocrx_word' id='word_1_90' title='bbox 623 869 664 904; x_wconf 88' lang='lat' dir='ltr'>P.</span> <span class='ocrx_word' id='word_1_91' title='bbox 698 868 900 913; x_wconf 84' lang='lat' dir='ltr'>Lentulus,</span> <span class='ocrx_word' id='word_1_92' title='bbox 933 866 963 904; x_wconf 92' lang='lat' dir='ltr'>is</span> <span class='ocrx_word' id='word_1_93' title='bbox 992 866 1059 915; x_wconf 93' lang='lat' dir='ltr'>qui</span> <span class='ocrx_word' id='word_1_94' title='bbox 1089 866 1269 916; x_wconf 91' lang='lat' dir='ltr'>princeps</span> <span class='ocrx_word' id='word_1_95' title='bbox 1300 857 1458 905; x_wconf 82' lang='lat' dir='ltr'>senatus</span> 
     </span>
     <span class='ocr_line' id='line_1_13' title="bbox 132 929 1456 981; baseline 0.002 -14"><span class='ocrx_word' id='word_1_96' title='bbox 132 929 212 976; x_wconf 85' lang='lat' dir='ltr'>fuit,</span> <span class='ocrx_word' id='word_1_97' title='bbox 236 932 447 969; x_wconf 87' lang='lat' dir='ltr'>accusabat</span> <span class='ocrx_word' id='word_1_98' title='bbox 479 933 545 969; x_wconf 74' lang='grc' dir='ltr'>Μ’.</span> <span class='ocrx_word' id='word_1_99' title='bbox 570 931 773 981; x_wconf 87' lang='lat' dir='ltr'>Aquilium</span> <span class='ocrx_word' id='word_1_100' title='bbox 802 931 1065 980; x_wconf 80' lang='lat' dir='ltr'>subscriptore</span> <span class='ocrx_word' id='word_1_101' title='bbox 1088 933 1131 970; x_wconf 90' lang='lat' dir='ltr'>C.</span> <span class='ocrx_word' id='word_1_102' title='bbox 1157 932 1307 970; x_wconf 91' lang='lat' dir='ltr'>Rutilio</span> <span class='ocrx_word' id='word_1_103' title='bbox 1339 934 1456 978; x_wconf 92' lang='lat' dir='ltr'>Rufo,</span> 
     </span>
     <span class='ocr_line' id='line_1_14' title="bbox 131 997 1458 1047; baseline 0.002 -14"><span class='ocrx_word' id='word_1_104' title='bbox 131 1003 197 1033; x_wconf 85' lang='lat' dir='ltr'>aut</span> <span class='ocrx_word' id='word_1_105' title='bbox 227 1009 316 1034; x_wconf 90' lang='lat' dir='ltr'>curn</span> <span class='ocrx_word' id='word_1_106' title='bbox 349 999 389 1034; x_wconf 90' lang='lat' dir='ltr'>P.</span> <span class='ocrx_word' id='word_1_107' title='bbox 414 997 631 1043; x_wconf 79' lang='lat' dir='ltr'>Africanus,</span> <span class='ocrx_word' id='word_1_108' title='bbox 662 999 785 1035; x_wconf 86' lang='lat' dir='ltr'>homo</span> <span class='ocrx_word' id='word_1_109' title='bbox 806 997 956 1043; x_wconf 87' lang='lat' dir='ltr'>virtute,</span> <span class='ocrx_word' id='word_1_110' title='bbox 988 999 1155 1044; x_wconf 72' lang='lat' dir='ltr'>fortuna,</span> <span class='ocrx_word' id='word_1_111' title='bbox 1182 997 1313 1047; x_wconf 84' lang='lat' dir='ltr'>gloria,</span> <span class='ocrx_word' id='word_1_112' title='bbox 1343 999 1458 1036; x_wconf 88' lang='lat' dir='ltr'>rebus</span> 
     </span>
     <span class='ocr_line' id='line_1_15' title="bbox 131 1061 1456 1111; baseline 0.002 -14"><span class='ocrx_word' id='word_1_113' title='bbox 131 1061 248 1109; x_wconf 87' lang='lat' dir='ltr'>gestis</span> <span class='ocrx_word' id='word_1_114' title='bbox 272 1061 548 1111; x_wconf 86' lang='lat' dir='ltr'>amplissimus,</span> <span class='ocrx_word' id='word_1_115' title='bbox 572 1069 829 1111; x_wconf 86' lang='lat' dir='ltr'>posteaquam</span> <span class='ocrx_word' id='word_1_116' title='bbox 856 1061 914 1099; x_wconf 90' lang='lat' dir='ltr'>bis</span> <span class='ocrx_word' id='word_1_117' title='bbox 945 1063 1082 1099; x_wconf 89' lang='lat' dir='ltr'>consu]</span> <span class='ocrx_word' id='word_1_118' title='bbox 1105 1069 1143 1100; x_wconf 91' lang='lat' dir='ltr'>et</span> <span class='ocrx_word' id='word_1_119' title='bbox 1163 1075 1302 1100; x_wconf 86' lang='lat' dir='ltr'>censor</span> <span class='ocrx_word' id='word_1_120' title='bbox 1323 1064 1456 1108; x_wconf 90' lang='lat' dir='ltr'>fuerat,</span> 
     </span>
     <span class='ocr_line' id='line_1_16' title="bbox 76 1126 1459 1176; baseline 0.001 -13"><span class='ocrx_word' id='word_1_121' title='bbox 76 1141 113 1173; x_wconf 84' lang='lat'>15</span> <span class='ocrx_word' id='word_1_122' title='bbox 134 1127 176 1162; x_wconf 93' lang='lat' dir='ltr'>L.</span> <span class='ocrx_word' id='word_1_123' title='bbox 201 1126 360 1164; x_wconf 89' lang='lat' dir='ltr'>Cottam</span> <span class='ocrx_word' id='word_1_124' title='bbox 388 1126 426 1163; x_wconf 90' lang='lat' dir='ltr'>in</span> <span class='ocrx_word' id='word_1_125' title='bbox 455 1126 643 1164; x_wconf 91' lang='lat' dir='ltr'>iudicium</span> <span class='ocrx_word' id='word_1_126' title='bbox 665 1127 842 1164; x_wconf 88' lang='lat' dir='ltr'>vocabat.</span> <span class='ocrx_word' id='word_1_127' title='bbox 908 1128 997 1164; x_wconf 87' lang='lat' dir='ltr'>Iure</span> <span class='ocrx_word' id='word_1_128' title='bbox 1025 1134 1107 1164; x_wconf 93' lang='lat' dir='ltr'>tum</span> <span class='ocrx_word' id='word_1_129' title='bbox 1133 1127 1296 1164; x_wconf 87' lang='lat' dir='ltr'>florebat</span> <span class='ocrx_word' id='word_1_130' title='bbox 1324 1127 1459 1176; x_wconf 91' lang='lat' dir='ltr'>populi</span> 
     </span>
     <span class='ocr_line' id='line_1_17' title="bbox 134 1190 1459 1241; baseline 0.001 -13"><span class='ocrx_word' id='word_1_131' title='bbox 134 1190 306 1228; x_wconf 78' lang='lat' dir='ltr'>Romani</span> <span class='ocrx_word' id='word_1_132' title='bbox 340 1204 498 1237; x_wconf 88' lang='lat' dir='ltr'>nornen,</span> <span class='ocrx_word' id='word_1_133' title='bbox 532 1191 614 1229; x_wconf 90' lang='lat' dir='ltr'>iure</span> <span class='ocrx_word' id='word_1_134' title='bbox 647 1191 857 1229; x_wconf 84' lang='lat' dir='ltr'>auctoritas</span> <span class='ocrx_word' id='word_1_135' title='bbox 893 1191 1008 1229; x_wconf 90' lang='lat' dir='ltr'>huius</span> <span class='ocrx_word' id='word_1_136' title='bbox 1044 1191 1181 1240; x_wconf 91' lang='lat' dir='ltr'>imperi</span> <span class='ocrx_word' id='word_1_137' title='bbox 1213 1191 1459 1241; x_wconf 85' lang='lat' dir='ltr'>civitatisque</span> 
     </span>
     <span class='ocr_line' id='line_1_18' title="bbox 132 1255 1459 1305; baseline 0.002 -13"><span class='ocrx_word' id='word_1_138' title='bbox 132 1255 313 1293; x_wconf 89' lang='lat' dir='ltr'>maiestas</span> <span class='ocrx_word' id='word_1_139' title='bbox 347 1256 471 1305; x_wconf 82' lang='lat' dir='ltr'>gravis</span> <span class='ocrx_word' id='word_1_140' title='bbox 507 1257 735 1294; x_wconf 87' lang='lat' dir='ltr'>habebatur.</span> <span class='ocrx_word' id='word_1_141' title='bbox 796 1258 927 1295; x_wconf 90' lang='lat' dir='ltr'>Nemo</span> <span class='ocrx_word' id='word_1_142' title='bbox 960 1256 1173 1294; x_wconf 86' lang='lat' dir='ltr'>mirabatur</span> <span class='ocrx_word' id='word_1_143' title='bbox 1202 1256 1241 1293; x_wconf 89' lang='lat' dir='ltr'>in</span> <span class='ocrx_word' id='word_1_144' title='bbox 1272 1256 1459 1295; x_wconf 85' lang='lat' dir='ltr'>Africano</span> 
     </span>
     <span class='ocr_line' id='line_1_19' title="bbox 132 1319 1459 1372; baseline 0.002 -16"><span class='ocrx_word' id='word_1_145' title='bbox 132 1319 208 1372; x_wconf 82' lang='lat' dir='ltr'>illo,</span> <span class='ocrx_word' id='word_1_146' title='bbox 232 1321 340 1369; x_wconf 93' lang='lat' dir='ltr'>quod</span> <span class='ocrx_word' id='word_1_147' title='bbox 370 1320 410 1358; x_wconf 92' lang='lat' dir='ltr'>in</span> <span class='ocrx_word' id='word_1_148' title='bbox 442 1334 505 1359; x_wconf 90' lang='lat' dir='ltr'>me</span> <span class='ocrx_word' id='word_1_149' title='bbox 536 1335 652 1368; x_wconf 78' lang='lat' dir='ltr'>nunc,</span> <span class='ocrx_word' id='word_1_150' title='bbox 676 1321 836 1360; x_wconf 87' lang='lat' dir='ltr'>homine</span> <span class='ocrx_word' id='word_1_151' title='bbox 866 1321 993 1371; x_wconf 85' lang='lat' dir='ltr'>parvis</span> <span class='ocrx_word' id='word_1_152' title='bbox 1023 1321 1166 1371; x_wconf 90' lang='lat' dir='ltr'>opibus</span> <span class='ocrx_word' id='word_1_153' title='bbox 1195 1335 1241 1359; x_wconf 90' lang='lat' dir='ltr'>ac</span> <span class='ocrx_word' id='word_1_154' title='bbox 1272 1322 1459 1359; x_wconf 89' lang='lat' dir='ltr'>facultati-</span> 
     </span>
     <span class='ocr_line' id='line_1_20' title="bbox 132 1385 1458 1435; baseline 0.002 -12"><span class='ocrx_word' id='word_1_155' title='bbox 132 1385 204 1423; x_wconf 91' lang='lat' dir='ltr'>bus</span> <span class='ocrx_word' id='word_1_156' title='bbox 239 1386 427 1435; x_wconf 73' lang='lat' dir='ltr'>praedsto,</span> <span class='ocrx_word' id='word_1_157' title='bbox 464 1386 649 1424; x_wconf 84' lang='lat' dir='ltr'>simulant</span> <span class='ocrx_word' id='word_1_158' title='bbox 683 1400 767 1425; x_wconf 89' lang='lat' dir='ltr'>sese</span> <span class='ocrx_word' id='word_1_159' title='bbox 802 1387 943 1433; x_wconf 85' lang='lat' dir='ltr'>mirari,</span> <span class='ocrx_word' id='word_1_160' title='bbox 979 1400 1067 1425; x_wconf 91' lang='lat' dir='ltr'>cum</span> <span class='ocrx_word' id='word_1_161' title='bbox 1105 1388 1269 1425; x_wconf 88' lang='lat' dir='ltr'>moleste</span> <span class='ocrx_word' id='word_1_162' title='bbox 1307 1388 1458 1425; x_wconf 87' lang='lat' dir='ltr'>ferunt:</span> 
     </span>
     <span class='ocr_line' id='line_1_21' title="bbox 74 1450 1518 1501; baseline -0.001 -11"><span class='ocrx_word' id='word_1_163' title='bbox 74 1468 113 1490; x_wconf 87' lang='lat'>20</span> <span class='ocrx_word' id='word_1_164' title='bbox 136 1454 144 1470; x_wconf 86' lang='lat'>‘</span> <span class='ocrx_word' id='word_1_165' title='bbox 159 1450 266 1499; x_wconf 85' lang='lat' dir='ltr'>Quid</span> <span class='ocrx_word' id='word_1_166' title='bbox 288 1451 361 1489; x_wconf 87' lang='lat' dir='ltr'>sibi</span> <span class='ocrx_word' id='word_1_167' title='bbox 383 1451 454 1489; x_wconf 89' lang='lat' dir='ltr'>iste</span> <span class='ocrx_word' id='word_1_168' title='bbox 475 1453 585 1489; x_wconf 86' lang='lat' dir='ltr'>vult?</span> <span class='ocrx_word' id='word_1_169' title='bbox 613 1460 936 1490; x_wconf 86' lang='lat' dir='ltr'>accusatoremne</span> <span class='ocrx_word' id='word_1_170' title='bbox 957 1465 997 1490; x_wconf 87' lang='lat' dir='ltr'>se</span> <span class='ocrx_word' id='word_1_171' title='bbox 1018 1451 1237 1497; x_wconf 84' lang='lat' dir='ltr'>existimari,</span> <span class='ocrx_word' id='word_1_172' title='bbox 1256 1451 1323 1501; x_wconf 92' lang='lat' dir='ltr'>qui</span> <span class='ocrx_word' id='word_1_173' title='bbox 1343 1460 1459 1490; x_wconf 88' lang='lat' dir='ltr'>antea</span> <span class='ocrx_word' id='word_1_174' title='bbox 1481 1464 1518 1499; x_wconf 88' lang='lat'>70</span> 
     </span>
     <span class='ocr_line' id='line_1_22' title="bbox 131 1516 1458 1567; baseline 0.001 -14"><span class='ocrx_word' id='word_1_175' title='bbox 131 1516 343 1553; x_wconf 88' lang='lat' dir='ltr'>defendere</span> <span class='ocrx_word' id='word_1_176' title='bbox 373 1524 591 1563; x_wconf 84' lang='lat' dir='ltr'>consuerat,</span> <span class='ocrx_word' id='word_1_177' title='bbox 620 1530 726 1555; x_wconf 89' lang='lat' dir='ltr'>nunc</span> <span class='ocrx_word' id='word_1_178' title='bbox 757 1516 994 1567; x_wconf 84' lang='lat' dir='ltr'>praesertim,</span> <span class='ocrx_word' id='word_1_179' title='bbox 1024 1530 1069 1554; x_wconf 90' lang='lat' dir='ltr'>ea</span> <span class='ocrx_word' id='word_1_180' title='bbox 1100 1516 1175 1554; x_wconf 90' lang='lat' dir='ltr'>iam</span> <span class='ocrx_word' id='word_1_181' title='bbox 1206 1523 1343 1562; x_wconf 82' lang='lat' dir='ltr'>aetate,</span> <span class='ocrx_word' id='word_1_182' title='bbox 1367 1530 1458 1554; x_wconf 91' lang='lat' dir='ltr'>cum</span> 
     </span>
     <span class='ocr_line' id='line_1_23' title="bbox 131 1580 1459 1632; baseline 0.001 -14"><span class='ocrx_word' id='word_1_183' title='bbox 131 1580 370 1618; x_wconf 88' lang='lat' dir='ltr'>aedilitatem</span> <span class='ocrx_word' id='word_1_184' title='bbox 400 1583 559 1631; x_wconf 87' lang='lat' dir='ltr'>petat?&#39;</span> <span class='ocrx_word' id='word_1_185' title='bbox 618 1584 702 1632; x_wconf 84' lang='lat' dir='ltr'>Ego</span> <span class='ocrx_word' id='word_1_186' title='bbox 729 1596 821 1620; x_wconf 88' lang='lat' dir='ltr'>vero</span> <span class='ocrx_word' id='word_1_187' title='bbox 850 1590 889 1620; x_wconf 89' lang='lat' dir='ltr'>et</span> <span class='ocrx_word' id='word_1_188' title='bbox 917 1581 1055 1620; x_wconf 85' lang='lat' dir='ltr'>aetatis</span> <span class='ocrx_word' id='word_1_189' title='bbox 1085 1595 1165 1620; x_wconf 92' lang='lat' dir='ltr'>non</span> <span class='ocrx_word' id='word_1_190' title='bbox 1197 1583 1317 1620; x_wconf 92' lang='lat' dir='ltr'>modo</span> <span class='ocrx_word' id='word_1_191' title='bbox 1348 1596 1459 1620; x_wconf 89' lang='lat' dir='ltr'>meae</span> 
     </span>
     <span class='ocr_line' id='line_1_24' title="bbox 132 1646 1459 1696; baseline 0.002 -14"><span class='ocrx_word' id='word_1_192' title='bbox 132 1646 201 1683; x_wconf 90' lang='lat' dir='ltr'>sed</span> <span class='ocrx_word' id='word_1_193' title='bbox 223 1647 346 1684; x_wconf 91' lang='lat' dir='ltr'>multo</span> <span class='ocrx_word' id='word_1_194' title='bbox 367 1646 483 1684; x_wconf 89' lang='lat' dir='ltr'>etiam</span> <span class='ocrx_word' id='word_1_195' title='bbox 506 1646 724 1696; x_wconf 85' lang='lat' dir='ltr'>superioris,</span> <span class='ocrx_word' id='word_1_196' title='bbox 748 1655 786 1685; x_wconf 92' lang='lat' dir='ltr'>et</span> <span class='ocrx_word' id='word_1_197' title='bbox 815 1646 975 1685; x_wconf 88' lang='lat' dir='ltr'>honoris</span> <span class='ocrx_word' id='word_1_198' title='bbox 1002 1646 1232 1696; x_wconf 84' lang='lat' dir='ltr'>amplissimi</span> <span class='ocrx_word' id='word_1_199' title='bbox 1256 1653 1353 1695; x_wconf 89' lang='lat' dir='ltr'>puto</span> <span class='ocrx_word' id='word_1_200' title='bbox 1375 1661 1459 1685; x_wconf 87' lang='lat' dir='ltr'>esse</span> 
     </span>
     <span class='ocr_line' id='line_1_25' title="bbox 132 1711 1455 1761; baseline 0.002 -14"><span class='ocrx_word' id='word_1_201' title='bbox 132 1718 170 1747; x_wconf 88' lang='lat' dir='ltr'>et</span> <span class='ocrx_word' id='word_1_202' title='bbox 190 1724 373 1749; x_wconf 88' lang='lat' dir='ltr'>accusare</span> <span class='ocrx_word' id='word_1_203' title='bbox 397 1711 598 1761; x_wconf 89' lang='lat' dir='ltr'>improbos</span> <span class='ocrx_word' id='word_1_204' title='bbox 626 1719 663 1749; x_wconf 90' lang='lat' dir='ltr'>et</span> <span class='ocrx_word' id='word_1_205' title='bbox 693 1711 855 1750; x_wconf 90' lang='lat' dir='ltr'>miseros</span> <span class='ocrx_word' id='word_1_206' title='bbox 884 1711 1212 1760; x_wconf 85' lang='lat' dir='ltr'>calamitososque</span> <span class='ocrx_word' id='word_1_207' title='bbox 1233 1713 1455 1750; x_wconf 86' lang='lat' dir='ltr'>defendere.</span> 
     </span>
     <span class='ocr_line' id='line_1_26' title="bbox 74 1776 1458 1826; baseline 0.002 -14"><span class='ocrx_word' id='word_1_208' title='bbox 74 1791 113 1822; x_wconf 87' lang='lat'>25</span> <span class='ocrx_word' id='word_1_209' title='bbox 135 1776 185 1812; x_wconf 90' lang='lat' dir='ltr'>Et</span> <span class='ocrx_word' id='word_1_210' title='bbox 214 1777 390 1825; x_wconf 89' lang='lat' dir='ltr'>profecto</span> <span class='ocrx_word' id='word_1_211' title='bbox 423 1784 490 1813; x_wconf 92' lang='lat' dir='ltr'>aut</span> <span class='ocrx_word' id='word_1_212' title='bbox 520 1777 596 1814; x_wconf 94' lang='lat' dir='ltr'>hoc</span> <span class='ocrx_word' id='word_1_213' title='bbox 627 1776 845 1815; x_wconf 87' lang='lat' dir='ltr'>remedium</span> <span class='ocrx_word' id='word_1_214' title='bbox 874 1784 931 1814; x_wconf 90' lang='lat' dir='ltr'>est</span> <span class='ocrx_word' id='word_1_215' title='bbox 965 1784 1145 1826; x_wconf 81' lang='lat' dir='ltr'>aegrotae</span> <span class='ocrx_word' id='word_1_216' title='bbox 1177 1790 1222 1814; x_wconf 87' lang='lat' dir='ltr'>ac</span> <span class='ocrx_word' id='word_1_217' title='bbox 1249 1789 1370 1826; x_wconf 88' lang='lat' dir='ltr'>prope</span> <span class='ocrx_word' id='word_1_218' title='bbox 1395 1778 1458 1815; x_wconf 94' lang='lat' dir='ltr'>de-</span> 
     </span>
     <span class='ocr_line' id='line_1_27' title="bbox 133 1840 1459 1891; baseline 0.002 -14"><span class='ocrx_word' id='word_1_219' title='bbox 133 1848 309 1890; x_wconf 86' lang='lat' dir='ltr'>speratae</span> <span class='ocrx_word' id='word_1_220' title='bbox 338 1840 391 1878; x_wconf 94' lang='lat' dir='ltr'>rei</span> <span class='ocrx_word' id='word_1_221' title='bbox 421 1840 602 1890; x_wconf 91' lang='lat' dir='ltr'>publicae</span> <span class='ocrx_word' id='word_1_222' title='bbox 633 1840 866 1891; x_wconf 89' lang='lat' dir='ltr'>iudiciisque</span> <span class='ocrx_word' id='word_1_223' title='bbox 891 1841 1082 1891; x_wconf 87' lang='lat' dir='ltr'>corruptis</span> <span class='ocrx_word' id='word_1_224' title='bbox 1112 1849 1150 1878; x_wconf 89' lang='lat' dir='ltr'>et</span> <span class='ocrx_word' id='word_1_225' title='bbox 1182 1841 1459 1880; x_wconf 87' lang='lat' dir='ltr'>contaminatis</span> 
     </span>
     <span class='ocr_line' id='line_1_28' title="bbox 132 1905 1460 1956; baseline 0.002 -13"><span class='ocrx_word' id='word_1_226' title='bbox 132 1919 346 1955; x_wconf 91' lang='lat' dir='ltr'>paucorum</span> <span class='ocrx_word' id='word_1_227' title='bbox 368 1905 462 1944; x_wconf 89' lang='lat' dir='ltr'>vitio</span> <span class='ocrx_word' id='word_1_228' title='bbox 492 1919 536 1944; x_wconf 92' lang='lat' dir='ltr'>ac</span> <span class='ocrx_word' id='word_1_229' title='bbox 566 1905 818 1956; x_wconf 88' lang='lat' dir='ltr'>turpitudine,</span> <span class='ocrx_word' id='word_1_230' title='bbox 844 1906 1024 1945; x_wconf 89' lang='lat' dir='ltr'>homines</span> <span class='ocrx_word' id='word_1_231' title='bbox 1054 1907 1105 1944; x_wconf 87' lang='lat' dir='ltr'>ad</span> <span class='ocrx_word' id='word_1_232' title='bbox 1135 1908 1263 1956; x_wconf 82' lang='lat' dir='ltr'>legum</span> <span class='ocrx_word' id='word_1_233' title='bbox 1293 1907 1460 1945; x_wconf 91' lang='lat' dir='ltr'>defensi-</span> 
     </span>
     <span class='ocr_line' id='line_1_29' title="bbox 132 1970 1459 2022; baseline 0.002 -14"><span class='ocrx_word' id='word_1_234' title='bbox 132 1983 249 2008; x_wconf 89' lang='lat' dir='ltr'>onem</span> <span class='ocrx_word' id='word_1_235' title='bbox 271 1970 585 2020; x_wconf 88' lang='lat' dir='ltr'>iudiciorumque</span> <span class='ocrx_word' id='word_1_236' title='bbox 606 1971 878 2010; x_wconf 86' lang='lat' dir='ltr'>auctoritatem</span> <span class='ocrx_word' id='word_1_237' title='bbox 893 1986 1011 2022; x_wconf 88' lang='lat' dir='ltr'>quam</span> <span class='ocrx_word' id='word_1_238' title='bbox 1034 1971 1332 2010; x_wconf 87' lang='lat' dir='ltr'>honestissimos</span> <span class='ocrx_word' id='word_1_239' title='bbox 1350 1980 1388 2010; x_wconf 90' lang='lat' dir='ltr'>et</span> <span class='ocrx_word' id='word_1_240' title='bbox 1405 1972 1459 2010; x_wconf 89' lang='lat' dir='ltr'>in-</span> 
     </span>
     <span class='ocr_line' id='line_1_30' title="bbox 132 2035 1457 2086; baseline 0.002 -14"><span class='ocrx_word' id='word_1_241' title='bbox 132 2035 356 2085; x_wconf 87' lang='lat' dir='ltr'>tegerrimos</span> <span class='ocrx_word' id='word_1_242' title='bbox 371 2035 769 2086; x_wconf 83' lang='lat' dir='ltr'>diligentissimosque</span> <span class='ocrx_word' id='word_1_243' title='bbox 783 2038 988 2084; x_wconf 86' lang='lat' dir='ltr'>accedere;</span> <span class='ocrx_word' id='word_1_244' title='bbox 1009 2044 1086 2083; x_wconf 81' lang='lat' dir='ltr'>aut,</span> <span class='ocrx_word' id='word_1_245' title='bbox 1098 2036 1128 2074; x_wconf 91' lang='lat' dir='ltr'>si</span> <span class='ocrx_word' id='word_1_246' title='bbox 1143 2050 1192 2074; x_wconf 90' lang='lat' dir='ltr'>ne</span> <span class='ocrx_word' id='word_1_247' title='bbox 1206 2038 1282 2074; x_wconf 87' lang='lat' dir='ltr'>hoc</span> <span class='ocrx_word' id='word_1_248' title='bbox 1296 2036 1457 2086; x_wconf 90' lang='lat' dir='ltr'>quidem</span> 
     </span>
     <span class='ocr_line' id='line_1_31' title="bbox 74 2100 1458 2150; baseline 0.001 -12"><span class='ocrx_word' id='word_1_249' title='bbox 74 2113 112 2143; x_wconf 81' lang='lat'>30</span> <span class='ocrx_word' id='word_1_250' title='bbox 132 2102 318 2150; x_wconf 87' lang='lat' dir='ltr'>prodesse</span> <span class='ocrx_word' id='word_1_251' title='bbox 348 2100 501 2150; x_wconf 89' lang='lat' dir='ltr'>poterit,</span> <span class='ocrx_word' id='word_1_252' title='bbox 524 2102 700 2150; x_wconf 89' lang='lat' dir='ltr'>profecto</span> <span class='ocrx_word' id='word_1_253' title='bbox 730 2102 836 2139; x_wconf 89' lang='lat' dir='ltr'>nulla</span> <span class='ocrx_word' id='word_1_254' title='bbox 865 2115 1052 2150; x_wconf 88' lang='lat' dir='ltr'>umquam</span> <span class='ocrx_word' id='word_1_255' title='bbox 1084 2100 1281 2139; x_wconf 86' lang='lat' dir='ltr'>medicina</span> <span class='ocrx_word' id='word_1_256' title='bbox 1311 2101 1370 2139; x_wconf 93' lang='lat' dir='ltr'>his</span> <span class='ocrx_word' id='word_1_257' title='bbox 1401 2109 1458 2140; x_wconf 89' lang='lat' dir='ltr'>tot</span> 
     </span>
    </p>
   </div>
   <div class='ocr_carea' id='block_1_3' title="bbox 131 2204 1458 2331">
    <p class='ocr_par' dir='ltr' id='par_1_3' title="bbox 131 2204 1458 2331">
     <span class='ocr_line' id='line_1_32' title="bbox 174 2204 1457 2244; baseline 0.002 -10"><span class='ocrx_word' id='word_1_258' title='bbox 174 2215 193 2242; x_wconf 91' lang='lat'><strong>4</strong></span> <span class='ocrx_word' id='word_1_259' title='bbox 218 2205 373 2235; x_wconf 89' lang='lat' dir='ltr'>homines</span> <span class='ocrx_word' id='word_1_260' title='bbox 390 2204 457 2235; x_wconf 76' lang='lat' dir='ltr'>secl.</span> <span class='ocrx_word' id='word_1_261' title='bbox 474 2204 519 2234; x_wconf 84' lang='lat' dir='ltr'>A.</span> <span class='ocrx_word' id='word_1_262' title='bbox 537 2204 709 2235; x_wconf 73' lang='lat' dir='ltr'>Eberhard</span> <span class='ocrx_word' id='word_1_263' title='bbox 801 2207 821 2235; x_wconf 88' lang='grc'>6</span> <span class='ocrx_word' id='word_1_264' title='bbox 845 2206 891 2235; x_wconf 86' lang='lat' dir='ltr'>uti</span> <span class='ocrx_word' id='word_1_265' title='bbox 912 2205 951 2244; x_wconf 81' lang='lat' dir='ltr'>Gl</span> <span class='ocrx_word' id='word_1_266' title='bbox 969 2206 1012 2236; x_wconf 79' lang='lat' dir='ltr'>al.</span> <span class='ocrx_word' id='word_1_267' title='bbox 1117 2215 1154 2235; x_wconf 88' lang='lat'>21</span> <span class='ocrx_word' id='word_1_268' title='bbox 1183 2211 1362 2236; x_wconf 84' lang='lat' dir='ltr'>consuerat</span> <span class='ocrx_word' id='word_1_269' title='bbox 1379 2206 1457 2237; x_wconf 83' lang='lat' dir='ltr'>Drr:</span> 
     </span>
     <span class='ocr_line' id='line_1_33' title="bbox 131 2247 1457 2289; baseline 0.002 -12"><span class='ocrx_word' id='word_1_270' title='bbox 131 2253 350 2278; x_wconf 82' lang='lat' dir='ltr'>consueverat</span> <span class='ocrx_word' id='word_1_271' title='bbox 364 2247 430 2277; x_wconf 84' lang='lat' dir='ltr'>KZ</span> <span class='ocrx_word' id='word_1_272' title='bbox 441 2248 484 2278; x_wconf 81' lang='lat' dir='ltr'>al.</span> <span class='ocrx_word' id='word_1_273' title='bbox 553 2258 593 2287; x_wconf 84' lang='lat'>25</span> <span class='ocrx_word' id='word_1_274' title='bbox 619 2252 757 2287; x_wconf 82' lang='lat' dir='ltr'>aegrote</span> <span class='ocrx_word' id='word_1_275' title='bbox 770 2248 936 2289; x_wconf 49' lang='lat' dir='ltr'>DGlKZp</span> <span class='ocrx_word' id='word_1_276' title='bbox 954 2261 959 2278; x_wconf 89' lang='lat'>:</span> <span class='ocrx_word' id='word_1_277' title='bbox 986 2253 1123 2288; x_wconf 87' lang='lat' dir='ltr'>egrotae</span> <span class='ocrx_word' id='word_1_278' title='bbox 1137 2249 1171 2278; x_wconf 81' lang='lat' dir='ltr'>rb</span> <span class='ocrx_word' id='word_1_279' title='bbox 1190 2260 1196 2278; x_wconf 89' lang='lat'>:</span> <span class='ocrx_word' id='word_1_280' title='bbox 1221 2251 1391 2288; x_wconf 80' lang='lat' dir='ltr'>egrotanti</span> <span class='ocrx_word' id='word_1_281' title='bbox 1407 2250 1433 2280; x_wconf 91' lang='lat' dir='ltr'><em>L</em></span> <span class='ocrx_word' id='word_1_282' title='bbox 1452 2263 1457 2280; x_wconf 90' lang='lat'>:</span> 
     </span>
     <span class='ocr_line' id='line_1_34' title="bbox 132 2290 1458 2331; baseline 0.002 -11"><span class='ocrx_word' id='word_1_283' title='bbox 132 2296 327 2329; x_wconf 85' lang='lat' dir='ltr'>aegrotante</span> <span class='ocrx_word' id='word_1_284' title='bbox 348 2290 389 2328; x_wconf 77' lang='lat' dir='ltr'>G2</span> <span class='ocrx_word' id='word_1_285' title='bbox 536 2294 578 2322; x_wconf 83' lang='lat'>26</span> <span class='ocrx_word' id='word_1_286' title='bbox 602 2297 636 2322; x_wconf 89' lang='lat' dir='ltr'>et</span> <span class='ocrx_word' id='word_1_287' title='bbox 653 2296 799 2323; x_wconf 87' lang='lat' dir='ltr'>contam.</span> <span class='ocrx_word' id='word_1_288' title='bbox 820 2291 906 2331; x_wconf 75' lang='lat' dir='ltr'>Lq²r</span> <span class='ocrx_word' id='word_1_289' title='bbox 921 2292 998 2323; x_wconf 77' lang='lat' dir='ltr'>Asc.</span> <span class='ocrx_word' id='word_1_290' title='bbox 1021 2305 1027 2323; x_wconf 78' lang='lat' dir='ltr'><strong><em>z</em></strong></span> <span class='ocrx_word' id='word_1_291' title='bbox 1052 2303 1090 2323; x_wconf 88' lang='lat' dir='ltr'>ac</span> <span class='ocrx_word' id='word_1_292' title='bbox 1108 2297 1250 2323; x_wconf 87' lang='lat' dir='ltr'>contam.</span> <span class='ocrx_word' id='word_1_293' title='bbox 1274 2292 1311 2331; x_wconf 85' lang='lat' dir='ltr'>G¹</span> <span class='ocrx_word' id='word_1_294' title='bbox 1330 2294 1371 2323; x_wconf 85' lang='lat' dir='ltr'>al.</span> <span class='ocrx_word' id='word_1_295' title='bbox 1391 2305 1397 2325; x_wconf 87' lang='grc'>;</span> <span class='ocrx_word' id='word_1_296' title='bbox 1424 2298 1458 2323; x_wconf 87' lang='lat' dir='ltr'>et</span> 
     </span>
    </p>
   </div>
   <div class='ocr_carea' id='block_1_4' title="bbox 133 2333 588 2374">
    <p class='ocr_par' dir='ltr' id='par_1_4' title="bbox 133 2333 588 2374">
     <span class='ocr_line' id='line_1_35' title="bbox 133 2333 588 2374; baseline 0.007 -12"><span class='ocrx_word' id='word_1_297' title='bbox 133 2334 405 2364; x_wconf 85' lang='lat' dir='ltr'>incontaminatis</span> <span class='ocrx_word' id='word_1_298' title='bbox 421 2333 456 2364; x_wconf 93' lang='lat' dir='ltr'><em>D</em></span> <span class='ocrx_word' id='word_1_299' title='bbox 472 2333 514 2365; x_wconf 85' lang='lat' dir='ltr'>al.</span> <span class='ocrx_word' id='word_1_300' title='bbox 529 2335 588 2374; x_wconf 82' lang='lat' dir='ltr'>pq¹</span> 
     </span>
    </p>
   </div>
   <div class='ocr_carea' id='block_1_5' title="bbox 0 0 17 2734">
    <p class='ocr_par' dir='ltr' id='par_1_5' title="bbox 0 0 17 2734">
     <span class='ocr_line' id='line_1_36' title="bbox 0 0 17 2734; baseline 0 0"><span class='ocrx_word' id='word_1_301' title='bbox 0 0 17 2734; x_wconf 95' lang='lat' dir='ltr'> </span> 
     </span>
    </p>
   </div>
  </div>
 </body>
</html>
