1715 2734
133 80 180 109 10
202 77 241 108 26
568 71 622 106 M.
655 69 824 107 TVLLI
857 68 1165 118 CICERONIS

140 654 178 688 ²7

145 979 179 1005 11

198 181 309 220 cuius
331 181 394 220 hic
415 181 511 220 situs
538 189 657 231 atque
685 181 784 219 haec
814 187 953 218 natura
981 192 1067 218 esse
1093 178 1170 219 loci
1195 180 1372 230 caelique
1394 179 1536 219 dicitur

198 254 241 285 ut
262 248 391 285 nullus
408 260 597 297 umquam
620 246 703 285 dies
726 254 806 284 tam
828 258 970 295 magna
990 258 1037 283 ac
1058 244 1285 283 turbulenta
1304 252 1538 295 tempestate

199 312 311 350 fuerit
333 311 428 362 quin
450 313 583 362 aliquo
605 319 783 360 tempore
804 311 887 349 eius
908 309 987 348 diei
1009 311 1134 348 solem
1155 309 1337 348 homines
1357 309 1535 348 viderint.

200 377 281 416 Hic
310 377 363 415 ita
391 377 547 415 vivebat
577 375 649 414 iste
670 376 800 414 bonus
830 375 1041 425 imperator
1070 374 1244 413 hibernis
1273 375 1475 413 mensibus
1496 382 1538 413 ut

198 456 290 481 eum
312 456 392 481 non
414 442 526 480 facile
548 454 629 480 non
651 442 773 479 modo
795 449 902 479 extra
922 448 1082 487 tectum,
1105 441 1174 478 sed
1196 453 1245 478 ne
1267 447 1373 478 extra
1393 441 1538 479 lectum
1559 457 1577 489 5

199 508 361 557 quidem
383 507 593 558 quisquam
613 506 754 545 viderit
771 521 781 554 3
810 506 864 544 ita
891 507 969 545 diei
999 504 1167 544 brevitas
1188 504 1389 553 conviviis,
1412 505 1538 545 noctis

199 574 406 625 longitudo
428 573 570 623 stupris
592 579 630 610 et
652 571 806 622 flagitiis
827 571 1115 610 continebatur.

255 641 357 679 Cum
393 646 526 677 autem
560 652 626 677 ver
657 651 743 676 esse
779 636 1131 688 coeperat—cuius
1167 636 1323 675 initium
1358 636 1430 675 iste
1458 651 1538 676 non

198 719 221 743 a
244 706 419 742 Favonio
448 717 578 753 neque
608 704 660 742 ab
688 702 822 752 aliquo
850 710 956 740 astro
985 702 1159 749 notabat,
1191 703 1262 741 sed
1291 715 1382 740 curn
1411 715 1538 741 rosam

199 770 348 808 viderat
397 777 481 807 turn
522 768 696 818 incipere
735 782 801 806 ver
840 767 1276 807 arbitrabatur—dabat
1326 780 1367 806 se
1415 768 1539 807 labori
1561 784 1599 806 10

198 843 316 885 atque
338 834 567 882 itineribu53
596 834 636 872 in
654 834 798 884 quibus
820 847 868 872 eo
889 847 1014 884 usque
1035 847 1076 872 se
1093 833 1307 883 praebebat
1323 833 1538 884 patientem

199 909 318 951 atque
340 900 550 951 impigrum
582 907 624 938 ut
653 914 745 939 eum
776 913 895 938 nemo
926 913 1115 949 umquam
1146 899 1185 937 in
1208 913 1312 950 equo
1333 901 1538 939 sedentem

200 965 348 1005 viderit.
410 967 525 1013 Nam,
550 972 592 1003 ut
622 979 708 1003 mos
739 966 810 1003 fuit
842 964 1050 1014 Bithyniae
1080 965 1246 1015 regibus,
1271 964 1409 1004 lectica
1437 973 1539 1004 octa-

201 1033 326 1082 phoro
348 1031 558 1078 serebatur,
575 1030 614 1068 in
646 1044 724 1080 qua
749 1030 933 1080 pulvinus
964 1037 1044 1068 erat
1070 1029 1295 1079 perlucidus
1319 1029 1540 1068 Melitensis

201 1110 288 1134 rosa
316 1098 464 1144 fartus;
494 1097 577 1146 ipse
606 1103 739 1133 autern
769 1108 958 1133 coronam
988 1094 1161 1133 habebat
1190 1109 1309 1133 unam
1332 1094 1372 1132 in
1400 1095 1537 1145 capite,
1562 1107 1599 1140 ¹5

200 1163 361 1200 alteram
395 1161 435 1199 in
475 1162 589 1208 collo,
627 1160 915 1210 reticulumque
955 1160 1006 1198 ad
1047 1160 1149 1197 naris
1189 1159 1263 1198 sibi
1302 1159 1541 1199 admovebat

202 1227 435 1265 tenuissimo
464 1228 557 1274 lino,
590 1226 752 1265 minutis
783 1227 958 1273 maculis,
991 1226 1153 1276 plenum
1176 1239 1297 1264 rosae.
1357 1225 1420 1263 Sic
1450 1238 1541 1263 con·

202 1294 305 1331 fecto
322 1292 458 1330 itincre
475 1306 566 1330 curn
587 1293 638 1331 ad
660 1292 822 1342 aliquod
839 1291 1032 1342 oppidum
1049 1298 1219 1338 venerat,
1242 1292 1382 1329 eadem
1404 1290 1542 1328 lectica

203 1371 327 1408 usque
356 1359 394 1395 in
424 1358 652 1396 cubiculum
681 1357 939 1396 deferebatur.
1000 1359 1061 1396 Eo
1082 1356 1294 1395 veniebant
1320 1356 1541 1395 Siculorum

204 1422 460 1473 magistratus,
485 1423 698 1461 veniebant
728 1421 879 1472 equites
911 1421 1094 1468 Romani,
1124 1423 1163 1461 id
1193 1423 1303 1472 quod
1333 1436 1379 1460 ex
1409 1421 1541 1460 multis
1563 1436 1601 1457 20

205 1488 336 1527 iuratis
369 1490 564 1537 audistis3
592 1489 882 1527 controversiae
917 1495 1068 1527 secreto
1103 1489 1390 1534 deferebantur,
1423 1489 1542 1538 paulo

205 1563 293 1605 post
314 1557 443 1606 palam
473 1556 632 1594 decreta
663 1554 951 1592 auferebantur.
1013 1553 1170 1592 Deinde
1196 1553 1263 1591 ubi
1286 1553 1482 1604 paulisper
1502 1555 1543 1592 in

205 1621 390 1660 cubiculo
438 1620 564 1671 pretio
612 1633 693 1658 non
736 1619 934 1669 aequitate
978 1619 1060 1657 iura
1096 1619 1354 1669 discripserat,
1397 1618 1542 1658 Veneri

149 1702 186 1730 28
206 1689 283 1725 iarn
305 1695 343 1726 et
370 1687 514 1725 Libero
544 1685 739 1735 reliquum
770 1693 926 1735 tempus
957 1683 1091 1723 deberi
1120 1684 1388 1722 arbitrabatur.
1450 1684 1542 1730 Quo

205 1755 295 1791 loco
318 1766 397 1791 non
421 1751 515 1789 mihi
538 1749 887 1801 praetermittenda
908 1749 1062 1788 videtur
1082 1748 1268 1799 praeclari
1299 1749 1542 1799 imperatoris
1563 1762 1600 1795 25

206 1818 358 1868 egregia
378 1831 423 1856 ac
452 1815 655 1866 singularis
678 1815 891 1866 diligentia.
953 1817 1057 1853 Nam
1084 1816 1223 1853 scitote
1245 1814 1436 1865 oppidum
1459 1828 1542 1853 esse

206 1883 246 1921 in
276 1883 406 1921 Sicilia
436 1883 587 1920 nullum
619 1895 665 1919 ex
695 1880 740 1919 iis
771 1881 927 1931 oppidis
958 1881 997 1917 in
1028 1879 1172 1929 quibus
1203 1880 1416 1918 consistere
1438 1892 1543 1930 prae-

207 1956 309 1987 tores
330 1956 368 1986 et
389 1955 629 1986 conventum
650 1960 765 1996 agere
786 1948 947 1992 soleant,
973 1959 1052 1995 quo
1074 1945 1112 1983 in
1135 1945 1283 1996 oppido
1313 1958 1393 1983 non
1415 1944 1475 1983 isti
1496 1959 1542 1983 ex

206 2016 335 2064 aliqua
357 2013 504 2052 familia
525 2026 605 2050 non
627 2011 790 2061 ignobili
812 2013 965 2050 delecta
981 2012 1031 2049 ad
1049 2011 1254 2049 libidinem
1273 2010 1411 2049 mulier
1428 2018 1539 2049 esset.

209 2081 348 2130 Itaque
370 2093 450 2117 non
472 2081 601 2117 nullae
623 2092 668 2116 ex
689 2091 737 2115 eo
758 2090 923 2115 numero
945 2076 983 2114 in
1006 2076 1230 2114 convivium
1251 2075 1543 2114 adhibebantur
1562 2090 1601 2121 30

251 2194 271 2222 3
295 2185 450 2215 viderent
466 2184 495 2215 S
649 2185 668 2213 6
692 2182 812 2213 viderit
829 2181 1014 2214 Kornz'tzer.
1034 2180 1192 2211 Zielinski
1208 2180 1262 2220 (p.
1285 2179 1357 2219 197‘12
1378 2191 1384 2210 :
1409 2179 1540 2210 videret

207 2228 310 2267 codd„
330 2228 400 2259 edd.
505 2238 521 2266 7
547 2227 786 2258 conterebatur
800 2227 844 2266 ῥδ
915 2235 936 2264 9
961 2229 1053 2255 astro
1071 2223 1116 2254 ed.
1131 2224 1270 2255 Ascens.
1291 2233 1370 2262 1511
1392 2234 1398 2253 ε
1423 2228 1539 2254 austro

208 2271 294 2301 codd.
433 2281 471 2301 10
494 2277 576 2302 tunc
593 2271 609 2299 δ
746 2280 782 2308 13
807 2270 937 2299 videret
953 2269 968 2298 δ
1104 2278 1141 2307 19
1166 2278 1272 2307 usque
1289 2267 1330 2297 ad
1349 2268 1393 2308 p&
1498 2276 1539 2305 23

209 2315 429 2353 discripserat
446 2314 573 2346 Halm:
601 2314 764 2353 dcscrips.
784 2311 873 2342 codd.
1007 2321 1046 2350 27
1074 2311 1125 2341 his
1146 2310 1224 2350 RSp
1363 2310 1403 2340 28
1427 2308 1539 2341 solent

205 2359 246 2399 ῥδ
379 2368 422 2397 29
445 2358 570 2389 dilecta
587 2356 650 2389 RS
779 2367 822 2395 30
846 2355 958 2395 Atque
976 2365 1043 2386 non
1067 2354 1217 2386 lVet'dner
