1715 2734
190 97 458 137 ACTIONIS
489 98 548 135 IN
581 97 626 136 C.
648 98 889 136 VERREM
922 97 1219 136 SECVNDAE
1253 97 1357 134 LIB.
1378 98 1415 133 V
1461 106 1578 143 2975

189 210 313 247 securi
343 210 472 247 statim
503 210 706 259 percussis,
737 208 829 258 ipsis
859 208 990 258 piratis
1020 209 1116 246 lucis
1146 221 1301 246 usuram
1335 216 1413 246 tam
1434 209 1516 246 diu-

188 280 342 312 turnam
372 273 548 312 dedisti?
603 276 750 312 Verum
781 280 875 320 esto,
907 274 954 311 sit
984 272 1054 311 tibi
1085 274 1180 311 illud
1206 272 1370 311 liberum
1396 287 1514 312 omne
1539 276 1578 318 76

188 345 343 388 ternpus
364 340 496 388 quoad
512 351 602 377 cum
619 338 783 389 imperio
799 338 903 376 fuisti
923 354 929 376 :
962 338 1132 376 etiamne
1148 337 1330 388 privatus,
1346 338 1516 377 etiamne

187 416 285 449 reus,
325 403 495 441 etiamne
528 416 653 453 paene
687 405 895 441 damnatus
935 402 1106 441 hostium
1143 404 1264 441 duces
1298 403 1445 452 privata
1477 404 1515 440 in

150 483 167 513 5
185 468 308 506 domo
338 467 559 506 retinuisti?
615 470 760 515 Vnum,
793 469 957 506 alterum
994 480 1183 515 mensem,
1217 481 1339 517 prope
1365 481 1513 505 annum

185 532 358 581 denique
378 531 487 570 domi
515 539 605 570 tuae
625 534 771 582 piratae
793 546 816 571 a
836 546 916 582 quo
938 539 1114 582 ternpore
1140 532 1244 582 capti
1265 539 1366 579 sunt,
1382 534 1515 582 quoad

186 610 254 647 per
274 610 337 635 me
358 596 505 634 licitum
529 605 597 644 est,
621 598 788 644 fuerunt,
814 598 889 635 hoc
917 604 975 635 est
996 599 1127 647 quoad
1159 611 1226 646 per
1247 599 1315 635 M'.
1339 596 1514 635 Glabrio-

184 675 275 699 nem
297 662 445 699 licitum
460 669 529 708 est,
544 661 610 711 qui
626 663 848 711 postulante
863 675 925 700 me
941 662 1105 711 produci
1127 670 1245 712 atque
1262 662 1301 700 in
1317 675 1512 701 carcerem

184 726 303 765 condi
332 726 546 776 imperavit.
606 729 726 775 Quod
757 735 815 765 est
844 727 1006 765 huiusce
1036 729 1088 765 rei
1119 728 1188 774 ius,
1220 741 1321 777 quae
1351 741 1512 766 consue·
1531 741 1587 778 30

127 807 165 829 10
183 792 292 838 tudo,
314 793 421 841 quod
442 793 694 841 exemplum?
752 794 922 830 Hostem
950 792 1181 831 acerrimum
1207 800 1326 842 atque
1350 791 1514 830 infestis-

184 858 326 894 simum
373 857 509 907 populi
550 857 721 895 Romani
760 871 828 896 seu
877 859 1006 907 potius
1055 871 1308 896 communem
1358 859 1512 896 hostem

182 923 357 971 gentium
374 922 658 972 nationumque
674 923 853 961 omnium
870 923 1076 973 quisquam
1093 923 1271 961 omnium
1289 923 1511 961 mortalium

182 988 353 1036 privatus
382 987 482 1026 intra
511 987 667 1025 moenia
696 987 805 1026 domi
835 1001 928 1026 suae
958 988 1123 1026 retinere
1147 988 1316 1037 poterit?
1374 988 1512 1037 Quid?
1534 998 1574 1034 77

182 1051 213 1089 si
234 1051 358 1101 pridie
378 1066 496 1102 quam
517 1065 540 1090 a
560 1066 622 1090 me
644 1060 685 1090 tu
707 1060 867 1090 coactus
888 1066 929 1091 es
950 1053 1126 1091 confiteri
1147 1052 1296 1092 civibus
1319 1054 1510 1091 Romanis

127 1131 160 1161 ¹5
183 1118 306 1154 securi
337 1118 529 1167 percussis
561 1118 803 1167 praedonum
841 1119 983 1156 ducem
1019 1118 1158 1166 vivere,
1194 1118 1370 1157 habitare
1403 1120 1510 1169 apud

181 1184 331 1230 te‚—si,
367 1182 538 1232 inquam,
576 1182 699 1232 pridie
733 1184 855 1221 domo
887 1191 954 1221 tua
993 1183 1236 1233 profugisset,
1270 1184 1301 1222 si
1338 1184 1509 1234 aliquam

181 1260 342 1286 manum
363 1256 499 1286 contra
520 1261 600 1286 rem
622 1247 820 1298 publicam
844 1249 970 1286 facere
992 1248 1193 1298 potuisset,
1215 1248 1311 1298 quid
1332 1248 1511 1287 diceres?

182 1314 327 1362 ‘Apud
357 1326 420 1350 me
450 1312 649 1360 habitavit,
681 1326 836 1351 mecum
867 1313 966 1360 fuit3
997 1326 1070 1363 ego
1100 1314 1209 1351 illum
1237 1314 1289 1351 ad
1320 1313 1508 1352 iudicium

181 1391 325 1425 meum,
365 1390 444 1427 quo
483 1377 632 1416 facilius
671 1377 818 1416 crimen
865 1377 1112 1416 inimicorum
1152 1379 1301 1416 diluere
1338 1390 1508 1428 possem,

122 1459 161 1480 20
180 1445 311 1483 vivum
343 1451 461 1493 atque
498 1443 737 1482 incolumem
770 1442 984 1481 reservavi.'
1044 1444 1156 1481 Itane
1194 1445 1316 1481 vero?
1362 1450 1403 1480 tu
1443 1450 1508 1481 tua

179 1510 350 1560 pericula
388 1508 590 1547 communi
628 1508 805 1559 periculo
843 1508 1063 1546 defendes?
1110 1515 1151 1545 tu
1186 1507 1376 1557 supplicia
1407 1521 1508 1558 quae

177 1577 372 1616 debentur
412 1575 591 1615 hostibus
629 1575 740 1614 victis
778 1575 828 1613 ad
868 1582 991 1621 tuum,
1031 1586 1111 1611 non
1150 1574 1200 1611 ad
1239 1572 1292 1611 rei
1326 1573 1508 1623 publicae

178 1650 333 1693 tempus
372 1645 580 1682 conferes?
618 1640 754 1692 populi
794 1640 965 1677 Romani
1006 1637 1129 1675 hostis
1168 1637 1304 1687 privati
1335 1637 1507 1677 hominis

178 1708 366 1747 custodiis
404 1707 700 1747 adservabitur?
755 1707 807 1743 At
846 1704 962 1743 etiam
1002 1704 1068 1752 qui
1107 1703 1348 1751 triumphant
1379 1716 1506 1753 eoque

119 1781 158 1812 25
178 1772 323 1811 diutius
344 1773 451 1812 vivos
472 1772 642 1811 hostium
665 1772 786 1809 duces
807 1776 1012 1815 reservant,
1034 1775 1075 1806 ut
1097 1767 1156 1805 his
1177 1780 1244 1816 per
1264 1766 1505 1817 triumphum

177 1838 305 1876 ductis
352 1838 656 1888 pulcherrimum
706 1836 973 1885 spectaculum
1024 1834 1273 1881 fructumque
1321 1833 1505 1873 victoriae

175 1905 344 1952 populus
375 1905 580 1941 Romanus
600 1900 799 1952 percipere
826 1899 959 1949 possit,
982 1906 1113 1936 tamen
1149 1910 1241 1935 cum
1270 1899 1320 1936 de
1350 1899 1434 1936 foro
1463 1899 1503 1937 in

175 1969 413 2019 Capitolium
435 1981 568 2006 currus
597 1968 753 2005 flectere
783 1963 975 2014 incipiunt
1006 1965 1091 2000 illos
1123 1963 1214 2001 duci
1246 1962 1285 2000 in
1308 1975 1501 2001 carcerem

174 2034 321 2081 iubent,
354 2034 540 2083 idemque
577 2033 661 2070 dies
700 2038 737 2068 et
772 2029 984 2068 victoribus
1017 2029 1152 2078 imperi
1185 2035 1223 2065 et
1259 2027 1369 2065 victis
1401 2029 1502 2066 vitae

114 2109 154 2140 30
174 2099 293 2137 finem
313 2098 415 2136 facit.

215 2213 234 2233 2
258 2203 301 2234 sit
317 2202 433 2241 tibip:
458 2201 512 2231 siti
531 2200 564 2230 R
582 2211 589 2230 τ
612 2200 639 2230 si
658 2199 714 2229 tibi
733 2199 797 2230 SD
931 2208 950 2237 3
977 2199 1088 2238 quoad
1107 2198 1212 2238 RSp:
1237 2198 1324 2238 quod
1342 2200 1359 2228 δ
1479 2200 1499 2228 6

174 2258 193 2277 a
209 2256 275 2285 quo
293 2250 445 2285 tempore
462 2244 550 2282 capti
568 2248 647 2272 sunt
665 2242 768 2273 Riclzl.
787 2246 916 2272 auclore
931 2242 989 2272 dcl.
1009 2242 1167 2272 Zielinski
1312 2251 1328 2279 7
1352 2240 1498 2272 Acilium

174 2290 249 2320 add.
270 2291 286 2319 δ
443 2297 478 2317 12
499 2287 673 2325 quisquam
690 2286 838 2315 omnium
851 2286 917 2324 pk:
941 2295 1006 2315 om.
1025 2284 1118 2315 st
1277 2295 1313 2323 14
1338 2285 1499 2324 postridie

175 2332 268 2363 ΕΞΨ
404 2341 440 2369 17
465 2335 578 2361 contra
596 2329 755 2368 populum
774 2339 946 2358 romanum
958 2330 1002 2369 pb*
