<?xml version="1.0" encoding="UTF-8"?>
<!DOCTYPE html PUBLIC "-//W3C//DTD XHTML 1.0 Transitional//EN"
    "http://www.w3.org/TR/xhtml1/DTD/xhtml1-transitional.dtd">
<html xmlns="http://www.w3.org/1999/xhtml" xml:lang="en" lang="en">
 <head>
  <title>
</title>
<meta http-equiv="Content-Type" content="text/html;charset=utf-8" />
  <meta name='ocr-system' content='tesseract 3.04.00' />
  <meta name='ocr-capabilities' content='ocr_page ocr_carea ocr_par ocr_line ocrx_word'/>
</head>
<body>
  <div class='ocr_page' id='page_1' title='image "./orationesrecogno03ciceuoft/orationesrecogno03ciceuoft_0028.png"; bbox 0 0 1769 2739; ppageno 0'>
   <div class='ocr_carea' id='block_1_1' title="bbox 223 52 1226 102">
    <p class='ocr_par' dir='ltr' id='par_1_1' title="bbox 223 52 1226 102">
     <span class='ocr_line' id='line_1_1' title="bbox 223 52 1226 102; baseline 0 -11"><span class='ocrx_word' id='word_1_1' title='bbox 223 61 242 91; x_wconf 87' lang='lat'>1</span> <span class='ocrx_word' id='word_1_2' title='bbox 261 70 279 102; x_wconf 81' lang='lat'><strong>3</strong></span> <span class='ocrx_word' id='word_1_3' title='bbox 629 55 687 93; x_wconf 92' lang='lat' dir='ltr'><strong>M.</strong></span> <span class='ocrx_word' id='word_1_4' title='bbox 717 55 886 93; x_wconf 93' lang='lat' dir='ltr'><strong>TVLLI</strong></span> <span class='ocrx_word' id='word_1_5' title='bbox 919 52 1226 94; x_wconf 88' lang='lat' dir='ltr'>CICERONIS</span> 
     </span>
    </p>
   </div>
   <div class='ocr_carea' id='block_1_2' title="bbox 217 164 1650 1975">
    <p class='ocr_par' dir='ltr' id='par_1_2' title="bbox 257 164 1626 673">
     <span class='ocr_line' id='line_1_2' title="bbox 259 164 1590 217; baseline -0.001 -12"><span class='ocrx_word' id='word_1_6' title='bbox 259 166 483 217; x_wconf 89' lang='lat' dir='ltr'><strong>provinciae</strong></span> <span class='ocrx_word' id='word_1_7' title='bbox 512 168 767 207; x_wconf 83' lang='lat' dir='ltr'><strong>defenderem</strong></span> <span class='ocrx_word' id='word_1_8' title='bbox 783 181 793 215; x_wconf 79' lang='lat'><em>3</em></span> <span class='ocrx_word' id='word_1_9' title='bbox 827 179 912 205; x_wconf 91' lang='lat' dir='ltr'><strong>sese</strong></span> <span class='ocrx_word' id='word_1_10' title='bbox 941 165 1018 204; x_wconf 91' lang='lat' dir='ltr'><strong>iam</strong></span> <span class='ocrx_word' id='word_1_11' title='bbox 1048 179 1099 205; x_wconf 91' lang='lat' dir='ltr'><strong>ne</strong></span> <span class='ocrx_word' id='word_1_12' title='bbox 1127 167 1224 204; x_wconf 89' lang='lat' dir='ltr'><strong>deos</strong></span> <span class='ocrx_word' id='word_1_13' title='bbox 1249 165 1410 216; x_wconf 91' lang='lat' dir='ltr'><strong>quidem</strong></span> <span class='ocrx_word' id='word_1_14' title='bbox 1440 164 1480 203; x_wconf 93' lang='lat' dir='ltr'><strong>in</strong></span> <span class='ocrx_word' id='word_1_15' title='bbox 1509 164 1590 204; x_wconf 90' lang='lat' dir='ltr'><strong>suis</strong></span> 
     </span>
     <span class='ocr_line' id='line_1_3' title="bbox 259 230 1591 282; baseline -0.001 -13"><span class='ocrx_word' id='word_1_16' title='bbox 259 231 421 270; x_wconf 89' lang='lat' dir='ltr'>urbibus</span> <span class='ocrx_word' id='word_1_17' title='bbox 441 233 492 271; x_wconf 88' lang='lat' dir='ltr'><strong>ad</strong></span> <span class='ocrx_word' id='word_1_18' title='bbox 513 245 614 282; x_wconf 90' lang='lat' dir='ltr'><strong>quos</strong></span> <span class='ocrx_word' id='word_1_19' title='bbox 635 233 892 282; x_wconf 87' lang='lat' dir='ltr'><strong>confugerent</strong></span> <span class='ocrx_word' id='word_1_20' title='bbox 912 231 1070 278; x_wconf 86' lang='lat' dir='ltr'><strong>habere,</strong></span> <span class='ocrx_word' id='word_1_21' title='bbox 1090 232 1200 280; x_wconf 90' lang='lat' dir='ltr'><strong>quod</strong></span> <span class='ocrx_word' id='word_1_22' title='bbox 1223 244 1359 269; x_wconf 91' lang='lat' dir='ltr'><strong>eorum</strong></span> <span class='ocrx_word' id='word_1_23' title='bbox 1383 230 1591 269; x_wconf 88' lang='lat' dir='ltr'><strong>simulacra</strong></span> 
     </span>
     <span class='ocr_line' id='line_1_4' title="bbox 258 294 1592 345; baseline -0.001 -11"><span class='ocrx_word' id='word_1_24' title='bbox 258 296 504 335; x_wconf 88' lang='lat' dir='ltr'><strong>sanctissima</strong></span> <span class='ocrx_word' id='word_1_25' title='bbox 525 298 569 336; x_wconf 92' lang='lat' dir='ltr'><strong>C.</strong></span> <span class='ocrx_word' id='word_1_26' title='bbox 592 298 734 335; x_wconf 87' lang='lat' dir='ltr'><strong>Verres</strong></span> <span class='ocrx_word' id='word_1_27' title='bbox 756 310 802 335; x_wconf 89' lang='lat' dir='ltr'><strong>ex</strong></span> <span class='ocrx_word' id='word_1_28' title='bbox 829 295 1002 334; x_wconf 85' lang='lat' dir='ltr'><strong>delubris</strong></span> <span class='ocrx_word' id='word_1_29' title='bbox 1027 294 1325 345; x_wconf 84' lang='lat' dir='ltr'><strong>religiosissimis</strong></span> <span class='ocrx_word' id='word_1_30' title='bbox 1345 294 1563 333; x_wconf 85' lang='lat' dir='ltr'><strong>sustulisset</strong></span> <span class='ocrx_word' id='word_1_31' title='bbox 1581 308 1592 341; x_wconf 66' lang='grc' dir='ltr'><strong><em>ς</em></strong></span> 
     </span>
     <span class='ocr_line' id='line_1_5' title="bbox 258 359 1591 412; baseline -0.002 -13"><span class='ocrx_word' id='word_1_32' title='bbox 258 374 355 411; x_wconf 89' lang='lat' dir='ltr'><strong>quas</strong></span> <span class='ocrx_word' id='word_1_33' title='bbox 376 375 435 400; x_wconf 91' lang='lat' dir='ltr'><strong>res</strong></span> <span class='ocrx_word' id='word_1_34' title='bbox 455 361 624 401; x_wconf 88' lang='lat' dir='ltr'><strong>luxuries</strong></span> <span class='ocrx_word' id='word_1_35' title='bbox 651 361 691 399; x_wconf 90' lang='lat' dir='ltr'><strong>in</strong></span> <span class='ocrx_word' id='word_1_36' title='bbox 719 361 883 412; x_wconf 84' lang='lat' dir='ltr'><strong>flagitiis,</strong></span> <span class='ocrx_word' id='word_1_37' title='bbox 908 359 1116 399; x_wconf 88' lang='lat' dir='ltr'><strong>crudelitas</strong></span> <span class='ocrx_word' id='word_1_38' title='bbox 1137 359 1177 397; x_wconf 90' lang='lat' dir='ltr'><strong>in</strong></span> <span class='ocrx_word' id='word_1_39' title='bbox 1197 359 1409 410; x_wconf 81' lang='lat' dir='ltr'><strong>suppliciis,</strong></span> <span class='ocrx_word' id='word_1_40' title='bbox 1430 359 1591 398; x_wconf 88' lang='lat' dir='ltr'><strong>avaritia</strong></span> 
     </span>
     <span class='ocr_line' id='line_1_6' title="bbox 258 424 1626 478; baseline -0.001 -14"><span class='ocrx_word' id='word_1_41' title='bbox 258 425 299 464; x_wconf 90' lang='lat' dir='ltr'><strong>in</strong></span> <span class='ocrx_word' id='word_1_42' title='bbox 332 427 487 477; x_wconf 84' lang='lat' dir='ltr'><strong>rapinis,</strong></span> <span class='ocrx_word' id='word_1_43' title='bbox 521 427 704 478; x_wconf 89' lang='lat' dir='ltr'><strong>superbia</strong></span> <span class='ocrx_word' id='word_1_44' title='bbox 742 426 782 464; x_wconf 94' lang='lat' dir='ltr'><strong>in</strong></span> <span class='ocrx_word' id='word_1_45' title='bbox 820 424 1069 464; x_wconf 90' lang='lat' dir='ltr'><strong>contumeliis</strong></span> <span class='ocrx_word' id='word_1_46' title='bbox 1103 425 1255 463; x_wconf 86' lang='lat' dir='ltr'><strong>efficere</strong></span> <span class='ocrx_word' id='word_1_47' title='bbox 1288 424 1491 475; x_wconf 90' lang='lat' dir='ltr'><strong>potuisset,</strong></span> <span class='ocrx_word' id='word_1_48' title='bbox 1524 437 1589 462; x_wconf 90' lang='lat' dir='ltr'><strong>eas</strong></span> <span class='ocrx_word' id='word_1_49' title='bbox 1609 441 1626 473; x_wconf 85' lang='lat'>5</span> 
     </span>
     <span class='ocr_line' id='line_1_7' title="bbox 257 489 1591 542; baseline -0.001 -13"><span class='ocrx_word' id='word_1_50' title='bbox 257 491 387 530; x_wconf 88' lang='lat' dir='ltr'><strong>omnis</strong></span> <span class='ocrx_word' id='word_1_51' title='bbox 429 506 514 531; x_wconf 91' lang='lat' dir='ltr'><strong>sese</strong></span> <span class='ocrx_word' id='word_1_52' title='bbox 555 495 631 531; x_wconf 91' lang='lat' dir='ltr'><strong>hoc</strong></span> <span class='ocrx_word' id='word_1_53' title='bbox 670 506 751 531; x_wconf 89' lang='lat' dir='ltr'><strong>uno</strong></span> <span class='ocrx_word' id='word_1_54' title='bbox 789 499 966 542; x_wconf 88' lang='lat' dir='ltr'><strong>praetore</strong></span> <span class='ocrx_word' id='word_1_55' title='bbox 1005 503 1073 541; x_wconf 93' lang='lat' dir='ltr'><strong>per</strong></span> <span class='ocrx_word' id='word_1_56' title='bbox 1112 489 1322 528; x_wconf 87' lang='lat' dir='ltr'><strong>triennium</strong></span> <span class='ocrx_word' id='word_1_57' title='bbox 1361 490 1591 540; x_wconf 89' lang='lat' dir='ltr'><strong>pertulisse;</strong></span> 
     </span>
     <span class='ocr_line' id='line_1_8' title="bbox 258 554 1592 606; baseline -0.001 -12"><span class='ocrx_word' id='word_1_58' title='bbox 258 568 392 606; x_wconf 91' lang='lat' dir='ltr'><strong>rogare</strong></span> <span class='ocrx_word' id='word_1_59' title='bbox 415 565 453 595; x_wconf 91' lang='lat' dir='ltr'><strong>et</strong></span> <span class='ocrx_word' id='word_1_60' title='bbox 480 571 589 596; x_wconf 88' lang='lat' dir='ltr'><strong>orare</strong></span> <span class='ocrx_word' id='word_1_61' title='bbox 615 571 665 596; x_wconf 91' lang='lat' dir='ltr'><strong>ne</strong></span> <span class='ocrx_word' id='word_1_62' title='bbox 692 557 779 595; x_wconf 92' lang='lat' dir='ltr'><strong>illos</strong></span> <span class='ocrx_word' id='word_1_63' title='bbox 809 555 1005 606; x_wconf 87' lang='lat' dir='ltr'><strong>supplices</strong></span> <span class='ocrx_word' id='word_1_64' title='bbox 1036 567 1262 604; x_wconf 84' lang='lat' dir='ltr'><strong>aspernarer</strong></span> <span class='ocrx_word' id='word_1_65' title='bbox 1282 567 1381 605; x_wconf 89' lang='lat' dir='ltr'><strong>quos</strong></span> <span class='ocrx_word' id='word_1_66' title='bbox 1403 568 1466 593; x_wconf 91' lang='lat' dir='ltr'><strong>me</strong></span> <span class='ocrx_word' id='word_1_67' title='bbox 1486 554 1592 593; x_wconf 92' lang='lat' dir='ltr'><strong>inco-</strong></span> 
     </span>
     <span class='ocr_line' id='line_1_9' title="bbox 257 621 1074 673; baseline -0.002 -14"><span class='ocrx_word' id='word_1_68' title='bbox 257 621 354 659; x_wconf 91' lang='lat' dir='ltr'><strong>lumi</strong></span> <span class='ocrx_word' id='word_1_69' title='bbox 375 622 523 660; x_wconf 90' lang='lat' dir='ltr'><strong>nemini</strong></span> <span class='ocrx_word' id='word_1_70' title='bbox 544 622 740 673; x_wconf 89' lang='lat' dir='ltr'><strong>supplices</strong></span> <span class='ocrx_word' id='word_1_71' title='bbox 760 634 846 660; x_wconf 89' lang='lat' dir='ltr'><strong>esse</strong></span> <span class='ocrx_word' id='word_1_72' title='bbox 866 628 1074 670; x_wconf 86' lang='lat' dir='ltr'><strong>oporteret.</strong></span> 
     </span>
    </p>

    <p class='ocr_par' dir='ltr' id='par_1_3' title="bbox 254 684 1650 1321">
     <span class='ocr_line' id='line_1_10' title="bbox 310 684 1590 737; baseline -0.002 -13"><span class='ocrx_word' id='word_1_73' title='bbox 310 686 403 725; x_wconf 92' lang='lat' dir='ltr'><strong>Tuli</strong></span> <span class='ocrx_word' id='word_1_74' title='bbox 422 687 587 737; x_wconf 86' lang='lat' dir='ltr'><strong>graviter</strong></span> <span class='ocrx_word' id='word_1_75' title='bbox 607 696 644 726; x_wconf 91' lang='lat' dir='ltr'><strong>et</strong></span> <span class='ocrx_word' id='word_1_76' title='bbox 665 688 816 734; x_wconf 83' lang='lat' dir='ltr'><strong>acerbe,</strong></span> <span class='ocrx_word' id='word_1_77' title='bbox 839 685 999 732; x_wconf 91' lang='lat' dir='ltr'><strong>iudices,</strong></span> <span class='ocrx_word' id='word_1_78' title='bbox 1023 685 1063 722; x_wconf 93' lang='lat' dir='ltr'><strong>in</strong></span> <span class='ocrx_word' id='word_1_79' title='bbox 1090 698 1180 723; x_wconf 89' lang='lat' dir='ltr'><strong>eum</strong></span> <span class='ocrx_word' id='word_1_80' title='bbox 1209 698 1272 724; x_wconf 90' lang='lat' dir='ltr'><strong>me</strong></span> <span class='ocrx_word' id='word_1_81' title='bbox 1291 687 1424 724; x_wconf 88' lang='lat' dir='ltr'><strong>locum</strong></span> <span class='ocrx_word' id='word_1_82' title='bbox 1444 684 1590 723; x_wconf 86' lang='lat' dir='ltr'><strong>adduci</strong></span> 
     </span>
     <span class='ocr_line' id='line_1_11' title="bbox 258 750 1650 802; baseline -0.003 -11"><span class='ocrx_word' id='word_1_83' title='bbox 258 758 300 790; x_wconf 90' lang='lat' dir='ltr'><strong>ut</strong></span> <span class='ocrx_word' id='word_1_84' title='bbox 332 759 399 790; x_wconf 84' lang='lat' dir='ltr'><strong>aut</strong></span> <span class='ocrx_word' id='word_1_85' title='bbox 433 765 500 791; x_wconf 92' lang='lat' dir='ltr'><strong>eos</strong></span> <span class='ocrx_word' id='word_1_86' title='bbox 535 752 716 791; x_wconf 88' lang='lat' dir='ltr'><strong>homines</strong></span> <span class='ocrx_word' id='word_1_87' title='bbox 750 765 838 802; x_wconf 92' lang='lat' dir='ltr'><strong>spes</strong></span> <span class='ocrx_word' id='word_1_88' title='bbox 877 752 1025 789; x_wconf 88' lang='lat' dir='ltr'><strong>falleret</strong></span> <span class='ocrx_word' id='word_1_89' title='bbox 1060 750 1126 799; x_wconf 86' lang='lat' dir='ltr'><strong>qui</strong></span> <span class='ocrx_word' id='word_1_90' title='bbox 1167 763 1284 800; x_wconf 90' lang='lat' dir='ltr'><strong>opem</strong></span> <span class='ocrx_word' id='word_1_91' title='bbox 1317 764 1340 788; x_wconf 89' lang='lat' dir='ltr'><strong>a</strong></span> <span class='ocrx_word' id='word_1_92' title='bbox 1374 763 1438 788; x_wconf 92' lang='lat' dir='ltr'><strong>me</strong></span> <span class='ocrx_word' id='word_1_93' title='bbox 1471 757 1650 799; x_wconf 80' lang='lat' dir='ltr'><strong>atquem</strong></span> 
     </span>
     <span class='ocr_line' id='line_1_12' title="bbox 257 816 1589 867; baseline -0.002 -13"><span class='ocrx_word' id='word_1_94' title='bbox 257 816 443 855; x_wconf 86' lang='lat' dir='ltr'><strong>auxilium</strong></span> <span class='ocrx_word' id='word_1_95' title='bbox 464 817 663 867; x_wconf 88' lang='lat' dir='ltr'><strong>petissent,</strong></span> <span class='ocrx_word' id='word_1_96' title='bbox 682 824 748 856; x_wconf 87' lang='lat' dir='ltr'><strong>aut</strong></span> <span class='ocrx_word' id='word_1_97' title='bbox 769 830 852 867; x_wconf 85' lang='lat' dir='ltr'><strong>ego,</strong></span> <span class='ocrx_word' id='word_1_98' title='bbox 868 816 935 866; x_wconf 91' lang='lat' dir='ltr'><strong>qui</strong></span> <span class='ocrx_word' id='word_1_99' title='bbox 958 829 1020 854; x_wconf 92' lang='lat' dir='ltr'><strong>me</strong></span> <span class='ocrx_word' id='word_1_100' title='bbox 1041 816 1091 853; x_wconf 90' lang='lat' dir='ltr'><strong>ad</strong></span> <span class='ocrx_word' id='word_1_101' title='bbox 1113 816 1388 853; x_wconf 89' lang='lat' dir='ltr'><strong>defendendos</strong></span> <span class='ocrx_word' id='word_1_102' title='bbox 1409 816 1589 853; x_wconf 89' lang='lat' dir='ltr'><strong>homines</strong></span> 
     </span>
     <span class='ocr_line' id='line_1_13' title="bbox 255 880 1590 929; baseline -0.001 -9"><span class='ocrx_word' id='word_1_103' title='bbox 255 883 307 921; x_wconf 90' lang='lat' dir='ltr'><strong>ab</strong></span> <span class='ocrx_word' id='word_1_104' title='bbox 344 882 506 921; x_wconf 89' lang='lat' dir='ltr'><strong>ineunte</strong></span> <span class='ocrx_word' id='word_1_105' title='bbox 543 882 811 921; x_wconf 78' lang='lat' dir='ltr'><strong>adulescentia</strong></span> <span class='ocrx_word' id='word_1_106' title='bbox 844 881 1053 927; x_wconf 85' lang='lat' dir='ltr'><strong>dedissem,</strong></span> <span class='ocrx_word' id='word_1_107' title='bbox 1093 887 1270 929; x_wconf 88' lang='lat' dir='ltr'><strong>tempore</strong></span> <span class='ocrx_word' id='word_1_108' title='bbox 1307 888 1427 929; x_wconf 89' lang='lat' dir='ltr'><strong>atque</strong></span> <span class='ocrx_word' id='word_1_109' title='bbox 1460 880 1590 919; x_wconf 86' lang='lat' dir='ltr'><strong>officio</strong></span> 
     </span>
     <span class='ocr_line' id='line_1_14' title="bbox 256 946 1589 986; baseline -0.001 -1"><span class='ocrx_word' id='word_1_110' title='bbox 256 955 416 986; x_wconf 89' lang='lat' dir='ltr'><strong>coactus</strong></span> <span class='ocrx_word' id='word_1_111' title='bbox 445 948 496 986; x_wconf 91' lang='lat' dir='ltr'><strong>ad</strong></span> <span class='ocrx_word' id='word_1_112' title='bbox 525 949 793 986; x_wconf 88' lang='lat' dir='ltr'><strong>accusandum</strong></span> <span class='ocrx_word' id='word_1_113' title='bbox 824 948 1055 985; x_wconf 84' lang='lat' dir='ltr'><strong>traducerer.</strong></span> <span class='ocrx_word' id='word_1_114' title='bbox 1118 946 1312 984; x_wconf 89' lang='lat' dir='ltr'><strong>Dicebam</strong></span> <span class='ocrx_word' id='word_1_115' title='bbox 1343 947 1487 985; x_wconf 93' lang='lat' dir='ltr'><strong>habere</strong></span> <span class='ocrx_word' id='word_1_116' title='bbox 1521 960 1589 984; x_wconf 91' lang='lat' dir='ltr'><strong>eos</strong></span> 
     </span>
     <span class='ocr_line' id='line_1_15' title="bbox 255 1011 1586 1061; baseline -0.002 -10"><span class='ocrx_word' id='word_1_117' title='bbox 255 1020 428 1051; x_wconf 86' lang='lat' dir='ltr'><strong>actorem</strong></span> <span class='ocrx_word' id='word_1_118' title='bbox 460 1013 508 1061; x_wconf 88' lang='lat' dir='ltr'><strong>Q.</strong></span> <span class='ocrx_word' id='word_1_119' title='bbox 541 1012 770 1059; x_wconf 88' lang='lat' dir='ltr'><strong>Caecilium,</strong></span> <span class='ocrx_word' id='word_1_120' title='bbox 797 1011 864 1061; x_wconf 93' lang='lat' dir='ltr'><strong>qui</strong></span> <span class='ocrx_word' id='word_1_121' title='bbox 895 1011 1121 1061; x_wconf 89' lang='lat' dir='ltr'><strong>praesertim</strong></span> <span class='ocrx_word' id='word_1_122' title='bbox 1157 1019 1340 1061; x_wconf 82' lang='lat' dir='ltr'><strong>quaestor</strong></span> <span class='ocrx_word' id='word_1_123' title='bbox 1374 1011 1413 1049; x_wconf 85' lang='lat' dir='ltr'><strong>in</strong></span> <span class='ocrx_word' id='word_1_124' title='bbox 1448 1012 1586 1050; x_wconf 86' lang='lat' dir='ltr'><strong>eadem</strong></span> 
     </span>
     <span class='ocr_line' id='line_1_16' title="bbox 254 1076 1647 1129; baseline -0.001 -13"><span class='ocrx_word' id='word_1_125' title='bbox 254 1077 455 1129; x_wconf 85' lang='lat' dir='ltr'><strong>provincia</strong></span> <span class='ocrx_word' id='word_1_126' title='bbox 475 1085 565 1127; x_wconf 88' lang='lat' dir='ltr'><strong>post</strong></span> <span class='ocrx_word' id='word_1_127' title='bbox 585 1091 648 1116; x_wconf 93' lang='lat' dir='ltr'><strong>me</strong></span> <span class='ocrx_word' id='word_1_128' title='bbox 669 1084 917 1127; x_wconf 85' lang='lat' dir='ltr'><strong>quaestorem</strong></span> <span class='ocrx_word' id='word_1_129' title='bbox 945 1076 1090 1115; x_wconf 89' lang='lat' dir='ltr'><strong>fuisset.</strong></span> <span class='ocrx_word' id='word_1_130' title='bbox 1151 1078 1243 1126; x_wconf 85' lang='lat' dir='ltr'><strong>Quo</strong></span> <span class='ocrx_word' id='word_1_131' title='bbox 1263 1090 1336 1126; x_wconf 85' lang='lat' dir='ltr'><strong>ego</strong></span> <span class='ocrx_word' id='word_1_132' title='bbox 1356 1077 1587 1115; x_wconf 88' lang='lat' dir='ltr'><strong>adiumento</strong></span> <span class='ocrx_word' id='word_1_133' title='bbox 1610 1094 1647 1126; x_wconf 84' lang='lat'><strong>15</strong></span> 
     </span>
     <span class='ocr_line' id='line_1_17' title="bbox 255 1141 1587 1193; baseline -0.002 -12"><span class='ocrx_word' id='word_1_134' title='bbox 255 1143 461 1193; x_wconf 90' lang='lat' dir='ltr'><strong>sperabam</strong></span> <span class='ocrx_word' id='word_1_135' title='bbox 492 1143 594 1180; x_wconf 89' lang='lat' dir='ltr'><strong>hanc</strong></span> <span class='ocrx_word' id='word_1_136' title='bbox 622 1155 645 1180; x_wconf 90' lang='lat' dir='ltr'><strong>a</strong></span> <span class='ocrx_word' id='word_1_137' title='bbox 680 1155 742 1180; x_wconf 92' lang='lat' dir='ltr'><strong>me</strong></span> <span class='ocrx_word' id='word_1_138' title='bbox 776 1154 891 1191; x_wconf 87' lang='lat' dir='ltr'><strong>posse</strong></span> <span class='ocrx_word' id='word_1_139' title='bbox 926 1141 1147 1179; x_wconf 86' lang='lat' dir='ltr'><strong>molestiam</strong></span> <span class='ocrx_word' id='word_1_140' title='bbox 1179 1141 1393 1189; x_wconf 85' lang='lat' dir='ltr'><strong>demoveri,</strong></span> <span class='ocrx_word' id='word_1_141' title='bbox 1422 1141 1462 1180; x_wconf 93' lang='lat' dir='ltr'><strong>id</strong></span> <span class='ocrx_word' id='word_1_142' title='bbox 1492 1141 1587 1179; x_wconf 86' lang='lat' dir='ltr'><strong>mihi</strong></span> 
     </span>
     <span class='ocr_line' id='line_1_18' title="bbox 255 1206 1588 1253; baseline -0.002 -7"><span class='ocrx_word' id='word_1_143' title='bbox 255 1215 335 1246; x_wconf 91' lang='lat' dir='ltr'><strong>erat</strong></span> <span class='ocrx_word' id='word_1_144' title='bbox 355 1206 620 1245; x_wconf 85' lang='lat' dir='ltr'><strong>adversarium</strong></span> <span class='ocrx_word' id='word_1_145' title='bbox 642 1206 810 1244; x_wconf 88' lang='lat' dir='ltr'><strong>maxime</strong></span> <span class='ocrx_word' id='word_1_146' title='bbox 825 1221 835 1253; x_wconf 77' lang='lat'>3</span> <span class='ocrx_word' id='word_1_147' title='bbox 874 1219 966 1244; x_wconf 87' lang='lat' dir='ltr'><strong>narn</strong></span> <span class='ocrx_word' id='word_1_148' title='bbox 994 1206 1048 1244; x_wconf 90' lang='lat' dir='ltr'><strong>illi</strong></span> <span class='ocrx_word' id='word_1_149' title='bbox 1079 1207 1203 1244; x_wconf 90' lang='lat' dir='ltr'><strong>multo</strong></span> <span class='ocrx_word' id='word_1_150' title='bbox 1225 1206 1320 1243; x_wconf 90' lang='lat' dir='ltr'><strong>mihi</strong></span> <span class='ocrx_word' id='word_1_151' title='bbox 1342 1207 1417 1244; x_wconf 91' lang='lat' dir='ltr'><strong>hoc</strong></span> <span class='ocrx_word' id='word_1_152' title='bbox 1439 1206 1588 1245; x_wconf 90' lang='lat' dir='ltr'><strong>facilius</strong></span> 
     </span>
     <span class='ocr_line' id='line_1_19' title="bbox 255 1271 1587 1321; baseline -0.002 -10"><span class='ocrx_word' id='word_1_153' title='bbox 255 1272 494 1311; x_wconf 89' lang='lat' dir='ltr'><strong>remisissent</strong></span> <span class='ocrx_word' id='word_1_154' title='bbox 533 1272 564 1310; x_wconf 89' lang='lat' dir='ltr'><strong>si</strong></span> <span class='ocrx_word' id='word_1_155' title='bbox 602 1271 720 1310; x_wconf 88' lang='lat' dir='ltr'><strong>istum</strong></span> <span class='ocrx_word' id='word_1_156' title='bbox 760 1285 840 1309; x_wconf 88' lang='lat' dir='ltr'><strong>non</strong></span> <span class='ocrx_word' id='word_1_157' title='bbox 880 1278 1052 1318; x_wconf 86' lang='lat' dir='ltr'><strong>nossent,</strong></span> <span class='ocrx_word' id='word_1_158' title='bbox 1088 1279 1155 1309; x_wconf 90' lang='lat' dir='ltr'><strong>aut</strong></span> <span class='ocrx_word' id='word_1_159' title='bbox 1195 1271 1225 1309; x_wconf 87' lang='lat' dir='ltr'><strong>si</strong></span> <span class='ocrx_word' id='word_1_160' title='bbox 1265 1271 1337 1309; x_wconf 89' lang='lat' dir='ltr'><strong>iste</strong></span> <span class='ocrx_word' id='word_1_161' title='bbox 1375 1273 1481 1321; x_wconf 84' lang='lat' dir='ltr'><strong>apud</strong></span> <span class='ocrx_word' id='word_1_162' title='bbox 1521 1285 1587 1309; x_wconf 83' lang='lat' dir='ltr'><strong>eos</strong></span> 
     </span>
    </p>

    <p class='ocr_par' dir='ltr' id='par_1_4' title="bbox 217 1336 1648 1649">
     <span class='ocr_line' id='line_1_20' title="bbox 217 1336 1583 1388; baseline -0.001 -12"><span class='ocrx_word' id='word_1_163' title='bbox 217 1355 234 1386; x_wconf 85' lang='lat'>5</span> <span class='ocrx_word' id='word_1_164' title='bbox 254 1345 438 1388; x_wconf 88' lang='lat' dir='ltr'><strong>quaestor</strong></span> <span class='ocrx_word' id='word_1_165' title='bbox 467 1351 548 1376; x_wconf 90' lang='lat' dir='ltr'><strong>non</strong></span> <span class='ocrx_word' id='word_1_166' title='bbox 578 1337 724 1376; x_wconf 89' lang='lat' dir='ltr'><strong>fuisset.</strong></span> <span class='ocrx_word' id='word_1_167' title='bbox 783 1338 994 1376; x_wconf 87' lang='lat' dir='ltr'><strong>Adductus</strong></span> <span class='ocrx_word' id='word_1_168' title='bbox 1022 1350 1120 1383; x_wconf 89' lang='lat' dir='ltr'><strong>sum,</strong></span> <span class='ocrx_word' id='word_1_169' title='bbox 1147 1336 1307 1383; x_wconf 87' lang='lat' dir='ltr'><strong>iudices,</strong></span> <span class='ocrx_word' id='word_1_170' title='bbox 1331 1337 1472 1383; x_wconf 89' lang='lat' dir='ltr'><strong>officio,</strong></span> <span class='ocrx_word' id='word_1_171' title='bbox 1495 1337 1583 1383; x_wconf 84' lang='lat' dir='ltr'><strong>fide,</strong></span> 
     </span>
     <span class='ocr_line' id='line_1_21' title="bbox 254 1402 1648 1451; baseline -0.001 -10"><span class='ocrx_word' id='word_1_172' title='bbox 254 1403 530 1451; x_wconf 89' lang='lat' dir='ltr'><strong>misericordia,</strong></span> <span class='ocrx_word' id='word_1_173' title='bbox 563 1404 776 1441; x_wconf 88' lang='lat' dir='ltr'><strong>multorum</strong></span> <span class='ocrx_word' id='word_1_174' title='bbox 811 1402 1005 1440; x_wconf 90' lang='lat' dir='ltr'><strong>bonorum</strong></span> <span class='ocrx_word' id='word_1_175' title='bbox 1036 1403 1228 1451; x_wconf 88' lang='lat' dir='ltr'><strong>exemplo,</strong></span> <span class='ocrx_word' id='word_1_176' title='bbox 1260 1409 1389 1440; x_wconf 91' lang='lat' dir='ltr'><strong>vetere</strong></span> <span class='ocrx_word' id='word_1_177' title='bbox 1423 1415 1585 1440; x_wconf 88' lang='lat' dir='ltr'><strong>consue·</strong></span> <span class='ocrx_word' id='word_1_178' title='bbox 1606 1417 1648 1439; x_wconf 86' lang='lat'><strong>20</strong></span> 
     </span>
     <span class='ocr_line' id='line_1_22' title="bbox 253 1466 1586 1518; baseline -0.002 -12"><span class='ocrx_word' id='word_1_179' title='bbox 253 1468 391 1506; x_wconf 87' lang='lat' dir='ltr'><strong>tudine</strong></span> <span class='ocrx_word' id='word_1_180' title='bbox 422 1468 681 1518; x_wconf 90' lang='lat' dir='ltr'><strong>institutoque</strong></span> <span class='ocrx_word' id='word_1_181' title='bbox 716 1467 920 1514; x_wconf 86' lang='lat' dir='ltr'><strong>maiorum,</strong></span> <span class='ocrx_word' id='word_1_182' title='bbox 949 1474 991 1504; x_wconf 86' lang='lat' dir='ltr'><strong>ut</strong></span> <span class='ocrx_word' id='word_1_183' title='bbox 1020 1480 1121 1505; x_wconf 90' lang='lat' dir='ltr'><strong>onus</strong></span> <span class='ocrx_word' id='word_1_184' title='bbox 1151 1466 1266 1504; x_wconf 92' lang='lat' dir='ltr'><strong>huius</strong></span> <span class='ocrx_word' id='word_1_185' title='bbox 1295 1466 1438 1505; x_wconf 89' lang='lat' dir='ltr'><strong>laboris</strong></span> <span class='ocrx_word' id='word_1_186' title='bbox 1467 1474 1586 1516; x_wconf 87' lang='lat' dir='ltr'><strong>atque</strong></span> 
     </span>
     <span class='ocr_line' id='line_1_23' title="bbox 253 1531 1587 1582; baseline -0.002 -10"><span class='ocrx_word' id='word_1_187' title='bbox 253 1533 356 1572; x_wconf 85' lang='lat' dir='ltr'><strong>offici</strong></span> <span class='ocrx_word' id='word_1_188' title='bbox 386 1547 467 1572; x_wconf 90' lang='lat' dir='ltr'><strong>non</strong></span> <span class='ocrx_word' id='word_1_189' title='bbox 497 1547 543 1572; x_wconf 88' lang='lat' dir='ltr'><strong>ex</strong></span> <span class='ocrx_word' id='word_1_190' title='bbox 573 1547 672 1581; x_wconf 88' lang='lat' dir='ltr'><strong>meo,</strong></span> <span class='ocrx_word' id='word_1_191' title='bbox 697 1535 766 1572; x_wconf 90' lang='lat' dir='ltr'><strong>sed</strong></span> <span class='ocrx_word' id='word_1_192' title='bbox 795 1547 841 1571; x_wconf 87' lang='lat' dir='ltr'><strong>ex</strong></span> <span class='ocrx_word' id='word_1_193' title='bbox 869 1545 1046 1571; x_wconf 89' lang='lat' dir='ltr'><strong>meorum</strong></span> <span class='ocrx_word' id='word_1_194' title='bbox 1075 1531 1382 1570; x_wconf 87' lang='lat' dir='ltr'><strong>necessariorum</strong></span> <span class='ocrx_word' id='word_1_195' title='bbox 1411 1540 1587 1582; x_wconf 86' lang='lat' dir='ltr'><strong>tempore</strong></span> 
     </span>
     <span class='ocr_line' id='line_1_24' title="bbox 254 1598 878 1649; baseline 0 -13"><span class='ocrx_word' id='word_1_196' title='bbox 254 1598 350 1636; x_wconf 87' lang='lat' dir='ltr'><strong>mihi</strong></span> <span class='ocrx_word' id='word_1_197' title='bbox 370 1598 666 1649; x_wconf 90' lang='lat' dir='ltr'><strong>suscipiendum</strong></span> <span class='ocrx_word' id='word_1_198' title='bbox 688 1606 878 1649; x_wconf 90' lang='lat' dir='ltr'><strong>putarem.</strong></span> 
     </span>
    </p>

    <p class='ocr_par' dir='ltr' id='par_1_5' title="bbox 252 1662 1643 1975">
     <span class='ocr_line' id='line_1_25' title="bbox 308 1662 1582 1714; baseline -0.002 -12"><span class='ocrx_word' id='word_1_199' title='bbox 308 1665 401 1713; x_wconf 85' lang='lat' dir='ltr'><strong>Quo</strong></span> <span class='ocrx_word' id='word_1_200' title='bbox 434 1664 473 1702; x_wconf 89' lang='lat' dir='ltr'><strong>in</strong></span> <span class='ocrx_word' id='word_1_201' title='bbox 509 1664 667 1714; x_wconf 84' lang='lat' dir='ltr'><strong>negotio</strong></span> <span class='ocrx_word' id='word_1_202' title='bbox 701 1671 833 1702; x_wconf 90' lang='lat' dir='ltr'><strong>tamen</strong></span> <span class='ocrx_word' id='word_1_203' title='bbox 867 1663 932 1701; x_wconf 91' lang='lat' dir='ltr'><strong>illa</strong></span> <span class='ocrx_word' id='word_1_204' title='bbox 961 1677 1025 1702; x_wconf 90' lang='lat' dir='ltr'><strong>me</strong></span> <span class='ocrx_word' id='word_1_205' title='bbox 1054 1676 1124 1710; x_wconf 87' lang='lat' dir='ltr'><strong>res,</strong></span> <span class='ocrx_word' id='word_1_206' title='bbox 1155 1662 1316 1709; x_wconf 85' lang='lat' dir='ltr'><strong>iudices,</strong></span> <span class='ocrx_word' id='word_1_207' title='bbox 1347 1664 1582 1710; x_wconf 84' lang='lat' dir='ltr'><strong>consolatur,</strong></span> 
     </span>
     <span class='ocr_line' id='line_1_26' title="bbox 253 1727 1643 1779; baseline -0.002 -12"><span class='ocrx_word' id='word_1_208' title='bbox 253 1730 362 1778; x_wconf 90' lang='lat' dir='ltr'><strong>quod</strong></span> <span class='ocrx_word' id='word_1_209' title='bbox 396 1730 492 1767; x_wconf 83' lang='lat' dir='ltr'><strong>haec</strong></span> <span class='ocrx_word' id='word_1_210' title='bbox 527 1743 628 1779; x_wconf 90' lang='lat' dir='ltr'><strong>quae</strong></span> <span class='ocrx_word' id='word_1_211' title='bbox 662 1729 815 1767; x_wconf 87' lang='lat' dir='ltr'><strong>videtur</strong></span> <span class='ocrx_word' id='word_1_212' title='bbox 853 1742 939 1767; x_wconf 92' lang='lat' dir='ltr'><strong>esse</strong></span> <span class='ocrx_word' id='word_1_213' title='bbox 975 1727 1175 1766; x_wconf 85' lang='lat' dir='ltr'><strong>accusatio</strong></span> <span class='ocrx_word' id='word_1_214' title='bbox 1213 1741 1301 1765; x_wconf 90' lang='lat' dir='ltr'><strong>mea</strong></span> <span class='ocrx_word' id='word_1_215' title='bbox 1339 1741 1419 1765; x_wconf 87' lang='lat' dir='ltr'><strong>non</strong></span> <span class='ocrx_word' id='word_1_216' title='bbox 1453 1727 1584 1777; x_wconf 89' lang='lat' dir='ltr'><strong>potius</strong></span> <span class='ocrx_word' id='word_1_217' title='bbox 1606 1740 1643 1771; x_wconf 85' lang='lat'><strong>25</strong></span> 
     </span>
     <span class='ocr_line' id='line_1_27' title="bbox 252 1792 1583 1845; baseline -0.003 -12"><span class='ocrx_word' id='word_1_218' title='bbox 252 1795 451 1833; x_wconf 83' lang='lat' dir='ltr'><strong>accusatio</strong></span> <span class='ocrx_word' id='word_1_219' title='bbox 480 1809 599 1845; x_wconf 83' lang='lat' dir='ltr'><strong>quam</strong></span> <span class='ocrx_word' id='word_1_220' title='bbox 634 1794 813 1833; x_wconf 89' lang='lat' dir='ltr'><strong>defensio</strong></span> <span class='ocrx_word' id='word_1_221' title='bbox 844 1802 902 1832; x_wconf 84' lang='lat' dir='ltr'><strong>est</strong></span> <span class='ocrx_word' id='word_1_222' title='bbox 932 1793 1203 1832; x_wconf 84' lang='lat' dir='ltr'><strong>existimanda.</strong></span> <span class='ocrx_word' id='word_1_223' title='bbox 1263 1793 1448 1830; x_wconf 88' lang='lat' dir='ltr'><strong>Defendo</strong></span> <span class='ocrx_word' id='word_1_224' title='bbox 1479 1792 1583 1830; x_wconf 89' lang='lat' dir='ltr'><strong>enim</strong></span> 
     </span>
     <span class='ocr_line' id='line_1_28' title="bbox 253 1857 1588 1908; baseline -0.002 -10"><span class='ocrx_word' id='word_1_225' title='bbox 253 1861 398 1898; x_wconf 84' lang='lat' dir='ltr'><strong>multos</strong></span> <span class='ocrx_word' id='word_1_226' title='bbox 420 1860 604 1907; x_wconf 81' lang='lat' dir='ltr'><strong>mortalis,</strong></span> <span class='ocrx_word' id='word_1_227' title='bbox 624 1862 765 1898; x_wconf 83' lang='lat' dir='ltr'><strong>multas</strong></span> <span class='ocrx_word' id='word_1_228' title='bbox 786 1859 973 1905; x_wconf 81' lang='lat' dir='ltr'><strong>civitates,</strong></span> <span class='ocrx_word' id='word_1_229' title='bbox 994 1857 1236 1908; x_wconf 86' lang='lat' dir='ltr'><strong>provinciam</strong></span> <span class='ocrx_word' id='word_1_230' title='bbox 1251 1858 1421 1896; x_wconf 88' lang='lat' dir='ltr'><strong>Siciliam</strong></span> <span class='ocrx_word' id='word_1_231' title='bbox 1438 1865 1561 1896; x_wconf 86' lang='lat' dir='ltr'><strong>totam</strong></span> <span class='ocrx_word' id='word_1_232' title='bbox 1579 1873 1588 1905; x_wconf 79' lang='lat'><em>3</em></span> 
     </span>
     <span class='ocr_line' id='line_1_29' title="bbox 253 1924 1584 1975; baseline -0.002 -12"><span class='ocrx_word' id='word_1_233' title='bbox 253 1938 372 1975; x_wconf 89' lang='lat' dir='ltr'><strong>quam</strong></span> <span class='ocrx_word' id='word_1_234' title='bbox 394 1926 446 1963; x_wconf 94' lang='lat' dir='ltr'><strong>ob</strong></span> <span class='ocrx_word' id='word_1_235' title='bbox 467 1939 559 1972; x_wconf 89' lang='lat' dir='ltr'><strong>rem,</strong></span> <span class='ocrx_word' id='word_1_236' title='bbox 576 1925 667 1975; x_wconf 86' lang='lat' dir='ltr'><strong>quia</strong></span> <span class='ocrx_word' id='word_1_237' title='bbox 688 1924 784 1962; x_wconf 80' lang='lat' dir='ltr'><strong>mihi</strong></span> <span class='ocrx_word' id='word_1_238' title='bbox 806 1938 908 1962; x_wconf 86' lang='lat' dir='ltr'><strong>unus</strong></span> <span class='ocrx_word' id='word_1_239' title='bbox 929 1932 987 1962; x_wconf 91' lang='lat' dir='ltr'><strong>est</strong></span> <span class='ocrx_word' id='word_1_240' title='bbox 1007 1924 1264 1969; x_wconf 90' lang='lat' dir='ltr'><strong>accusandus,</strong></span> <span class='ocrx_word' id='word_1_241' title='bbox 1282 1936 1404 1972; x_wconf 84' lang='lat' dir='ltr'><strong>prope</strong></span> <span class='ocrx_word' id='word_1_242' title='bbox 1422 1924 1584 1961; x_wconf 88' lang='lat' dir='ltr'><strong>modum</strong></span> 
     </span>
    </p>
   </div>
   <div class='ocr_carea' id='block_1_3' title="bbox 250 2025 1588 2372">
    <p class='ocr_par' dir='ltr' id='par_1_6' title="bbox 250 2025 1588 2372">
     <span class='ocr_line' id='line_1_30' title="bbox 297 2025 1582 2068; baseline -0.002 -10"><span class='ocrx_word' id='word_1_243' title='bbox 297 2039 315 2058; x_wconf 85' lang='lat'><strong>2</strong></span> <span class='ocrx_word' id='word_1_244' title='bbox 341 2039 423 2058; x_wconf 79' lang='lat' dir='ltr'><strong>mem</strong></span> <span class='ocrx_word' id='word_1_245' title='bbox 440 2029 527 2067; x_wconf 84' lang='lat' dir='ltr'><strong>quod</strong></span> <span class='ocrx_word' id='word_1_246' title='bbox 550 2029 712 2060; x_wconf 71' lang='lat' dir='ltr'><strong>deorum?</strong></span> <span class='ocrx_word' id='word_1_247' title='bbox 740 2029 797 2068; x_wconf 81' lang='lat' dir='ltr'><strong>(iv,</strong></span> <span class='ocrx_word' id='word_1_248' title='bbox 821 2031 835 2065; x_wconf 65' lang='grc' dir='ltr'>ξ</span> <span class='ocrx_word' id='word_1_249' title='bbox 858 2029 933 2066; x_wconf 49' lang='lat'><strong>1513</strong></span> <span class='ocrx_word' id='word_1_250' title='bbox 1052 2038 1089 2066; x_wconf 80' lang='lat'><strong>13</strong></span> <span class='ocrx_word' id='word_1_251' title='bbox 1115 2027 1241 2057; x_wconf 84' lang='lat' dir='ltr'><strong>habere</strong></span> <span class='ocrx_word' id='word_1_252' title='bbox 1262 2027 1390 2066; x_wconf 77' lang='lat' dir='ltr'><strong>eospr5</strong></span> <span class='ocrx_word' id='word_1_253' title='bbox 1412 2025 1523 2065; x_wconf 78' lang='lat' dir='ltr'><strong>Qm&#39;nl.</strong></span> <span class='ocrx_word' id='word_1_254' title='bbox 1540 2026 1582 2056; x_wconf 76' lang='lat' dir='ltr'><strong>ix.</strong></span> 
     </span>
     <span class='ocr_line' id='line_1_31' title="bbox 253 2069 1586 2111; baseline -0.003 -9"><span class='ocrx_word' id='word_1_255' title='bbox 253 2082 283 2102; x_wconf 89' lang='lat'><strong>2.</strong></span> <span class='ocrx_word' id='word_1_256' title='bbox 298 2081 359 2111; x_wconf 86' lang='lat'><strong>59:</strong></span> <span class='ocrx_word' id='word_1_257' title='bbox 386 2082 443 2102; x_wconf 71' lang='lat' dir='ltr'><strong>cos</strong></span> <span class='ocrx_word' id='word_1_258' title='bbox 462 2073 586 2103; x_wconf 84' lang='lat' dir='ltr'><strong>habere</strong></span> <span class='ocrx_word' id='word_1_259' title='bbox 600 2072 664 2102; x_wconf 76' lang='grc' dir='ltr'><strong>ΒΨ</strong></span> <span class='ocrx_word' id='word_1_260' title='bbox 758 2083 794 2110; x_wconf 84' lang='lat'><strong>14</strong></span> <span class='ocrx_word' id='word_1_261' title='bbox 819 2073 936 2101; x_wconf 79' lang='lat' dir='ltr'><strong>eadem</strong></span> <span class='ocrx_word' id='word_1_262' title='bbox 952 2071 1038 2110; x_wconf 65' lang='lat' dir='ltr'><strong>jv&#39;Gl</strong></span> <span class='ocrx_word' id='word_1_263' title='bbox 1055 2083 1061 2101; x_wconf 90' lang='lat'>:</span> <span class='ocrx_word' id='word_1_264' title='bbox 1086 2081 1147 2101; x_wconf 87' lang='lat' dir='ltr'><strong>sua</strong></span> <span class='ocrx_word' id='word_1_265' title='bbox 1163 2070 1226 2100; x_wconf 91' lang='lat' dir='ltr'><strong>DL</strong></span> <span class='ocrx_word' id='word_1_266' title='bbox 1241 2082 1247 2100; x_wconf 92' lang='lat'>:</span> <span class='ocrx_word' id='word_1_267' title='bbox 1272 2070 1327 2100; x_wconf 87' lang='lat' dir='ltr'><strong>illa</strong></span> <span class='ocrx_word' id='word_1_268' title='bbox 1344 2069 1586 2108; x_wconf 76' lang='lat' dir='ltr'><strong>Hirschfelder:</strong></span> 
     </span>
     <span class='ocr_line' id='line_1_32' title="bbox 253 2113 1587 2155; baseline -0.002 -10"><span class='ocrx_word' id='word_1_269' title='bbox 253 2115 366 2146; x_wconf 86' lang='lat' dir='ltr'><strong>Sicilia</strong></span> <span class='ocrx_word' id='word_1_270' title='bbox 388 2115 525 2146; x_wconf 62' lang='lat' dir='ltr'><strong>i&#39;blncllcr</strong></span> <span class='ocrx_word' id='word_1_271' title='bbox 625 2126 661 2155; x_wconf 81' lang='lat'><strong>15</strong></span> <span class='ocrx_word' id='word_1_272' title='bbox 687 2121 761 2155; x_wconf 87' lang='lat' dir='ltr'><strong>post</strong></span> <span class='ocrx_word' id='word_1_273' title='bbox 784 2127 835 2145; x_wconf 84' lang='lat' dir='ltr'><strong>mc</strong></span> <span class='ocrx_word' id='word_1_274' title='bbox 859 2120 1070 2154; x_wconf 79' lang='lat' dir='ltr'><strong>quaestorem</strong></span> <span class='ocrx_word' id='word_1_275' title='bbox 1092 2116 1150 2143; x_wconf 67' lang='grc' dir='ltr'><strong>πῆς</strong></span> <span class='ocrx_word' id='word_1_276' title='bbox 1175 2124 1239 2144; x_wconf 85' lang='lat' dir='ltr'><strong>om.</strong></span> <span class='ocrx_word' id='word_1_277' title='bbox 1262 2113 1336 2144; x_wconf 77' lang='grc' dir='ltr'><strong>ΒΨ.</strong></span> <span class='ocrx_word' id='word_1_278' title='bbox 1384 2113 1475 2142; x_wconf 75' lang='lat' dir='ltr'><strong>Haec</strong></span> <span class='ocrx_word' id='word_1_279' title='bbox 1493 2113 1587 2143; x_wconf 81' lang='lat' dir='ltr'><strong>verba</strong></span> 
     </span>
     <span class='ocr_line' id='line_1_33' title="bbox 252 2155 1587 2198; baseline -0.002 -10"><span class='ocrx_word' id='word_1_280' title='bbox 252 2160 407 2198; x_wconf 71' lang='lat' dir='ltr'><strong>requirere</strong></span> <span class='ocrx_word' id='word_1_281' title='bbox 431 2160 559 2190; x_wconf 70' lang='lat' dir='ltr'><strong>videtur</strong></span> <span class='ocrx_word' id='word_1_282' title='bbox 580 2160 773 2190; x_wconf 73' lang='lat' dir='ltr'><strong>vocabulum</strong></span> <span class='ocrx_word' id='word_1_283' title='bbox 801 2159 882 2188; x_wconf 67' lang='lat' dir='ltr'><strong>z&#39;llml</strong></span> <span class='ocrx_word' id='word_1_284' title='bbox 904 2158 1102 2196; x_wconf 79' lang='lat' dir='ltr'><strong>praesertim</strong></span> <span class='ocrx_word' id='word_1_285' title='bbox 1119 2169 1125 2187; x_wconf 84' lang='lat'><strong>:</strong></span> <span class='ocrx_word' id='word_1_286' title='bbox 1145 2157 1181 2195; x_wconf 92' lang='lat' dir='ltr'><strong>J.</strong></span> <span class='ocrx_word' id='word_1_287' title='bbox 1205 2157 1267 2187; x_wconf 73' lang='lat' dir='ltr'><strong>Ph.</strong></span> <span class='ocrx_word' id='word_1_288' title='bbox 1290 2166 1369 2190; x_wconf 69' lang='lat' dir='ltr'><strong>xxx.</strong></span> <span class='ocrx_word' id='word_1_289' title='bbox 1394 2166 1462 2194; x_wconf 81' lang='lat'><strong>173.</strong></span> <span class='ocrx_word' id='word_1_290' title='bbox 1509 2155 1587 2194; x_wconf 84' lang='lat' dir='ltr'><strong>Quo</strong></span> 
     </span>
     <span class='ocr_line' id='line_1_34' title="bbox 251 2200 1586 2243; baseline -0.002 -12"><span class='ocrx_word' id='word_1_291' title='bbox 251 2201 363 2232; x_wconf 65' lang='lat' dir='ltr'><strong>codd:</strong></span> <span class='ocrx_word' id='word_1_292' title='bbox 400 2204 458 2233; x_wconf 87' lang='lat' dir='ltr'><strong>sed</strong></span> <span class='ocrx_word' id='word_1_293' title='bbox 487 2214 554 2243; x_wconf 88' lang='lat' dir='ltr'><strong>quo</strong></span> <span class='ocrx_word' id='word_1_294' title='bbox 579 2206 658 2234; x_wconf 76' lang='lat' dir='ltr'><strong>cons.</strong></span> <span class='ocrx_word' id='word_1_295' title='bbox 683 2202 859 2233; x_wconf 62' lang='lat' dir='ltr'><strong>Rulmkm.</strong></span> <span class='ocrx_word' id='word_1_296' title='bbox 883 2202 956 2240; x_wconf 73' lang='lat' dir='ltr'><strong>for!</strong></span> <span class='ocrx_word' id='word_1_297' title='bbox 996 2206 1070 2231; x_wconf 63' lang='lat' dir='ltr'><strong>recle</strong></span> <span class='ocrx_word' id='word_1_298' title='bbox 1248 2201 1286 2230; x_wconf 90' lang='lat'><strong>16</strong></span> <span class='ocrx_word' id='word_1_299' title='bbox 1310 2200 1478 2230; x_wconf 78' lang='lat' dir='ltr'><strong>demoveri</strong></span> <span class='ocrx_word' id='word_1_300' title='bbox 1503 2200 1586 2239; x_wconf 72' lang='lat' dir='ltr'><strong>prlS:</strong></span> 
     </span>
     <span class='ocr_line' id='line_1_35' title="bbox 253 2242 1588 2285; baseline -0.001 -11"><span class='ocrx_word' id='word_1_301' title='bbox 253 2245 375 2276; x_wconf 84' lang='lat' dir='ltr'><strong>dimov.</strong></span> <span class='ocrx_word' id='word_1_302' title='bbox 397 2246 481 2285; x_wconf 59' lang='grc' dir='ltr'><strong>[ΗΥ]</strong></span> <span class='ocrx_word' id='word_1_303' title='bbox 500 2247 661 2282; x_wconf 33' lang='lat' dir='ltr'><strong>&amp;amoveri</strong></span> <span class='ocrx_word' id='word_1_304' title='bbox 682 2247 725 2284; x_wconf 64' lang='lat' dir='ltr'><strong>L)</strong></span> <span class='ocrx_word' id='word_1_305' title='bbox 804 2246 891 2275; x_wconf 76' lang='lat' dir='ltr'><strong>idern</strong></span> <span class='ocrx_word' id='word_1_306' title='bbox 915 2245 944 2274; x_wconf 90' lang='lat' dir='ltr'><strong>id</strong></span> <span class='ocrx_word' id='word_1_307' title='bbox 963 2244 1025 2273; x_wconf 67' lang='grc' dir='ltr'><strong>ΒΨ</strong></span> <span class='ocrx_word' id='word_1_308' title='bbox 1117 2254 1157 2283; x_wconf 90' lang='lat'><strong>19</strong></span> <span class='ocrx_word' id='word_1_309' title='bbox 1182 2243 1231 2277; x_wconf 73' lang='lat' dir='ltr'><strong>Ita</strong></span> <span class='ocrx_word' id='word_1_310' title='bbox 1248 2244 1411 2273; x_wconf 85' lang='lat' dir='ltr'><strong>adductus</strong></span> <span class='ocrx_word' id='word_1_311' title='bbox 1429 2242 1588 2283; x_wconf 61' lang='lat' dir='ltr'><strong>Plujggetzs</strong></span> 
     </span>
     <span class='ocr_line' id='line_1_36' title="bbox 252 2285 1587 2328; baseline -0.003 -9"><span class='ocrx_word' id='word_1_312' title='bbox 252 2298 296 2319; x_wconf 89' lang='lat'><strong>20</strong></span> <span class='ocrx_word' id='word_1_313' title='bbox 319 2291 424 2319; x_wconf 82' lang='lat' dir='ltr'><strong>veteri</strong></span> <span class='ocrx_word' id='word_1_314' title='bbox 443 2289 477 2319; x_wconf 90' lang='lat' dir='ltr'><em>D</em></span> <span class='ocrx_word' id='word_1_315' title='bbox 494 2291 534 2320; x_wconf 79' lang='lat' dir='ltr'><strong>nl.</strong></span> <span class='ocrx_word' id='word_1_316' title='bbox 557 2303 576 2319; x_wconf 93' lang='grc' dir='ltr'><em>π</em></span> <span class='ocrx_word' id='word_1_317' title='bbox 710 2301 748 2328; x_wconf 82' lang='lat'><strong>24</strong></span> <span class='ocrx_word' id='word_1_318' title='bbox 776 2290 832 2319; x_wconf 85' lang='lat' dir='ltr'><strong>illa</strong></span> <span class='ocrx_word' id='word_1_319' title='bbox 852 2299 903 2318; x_wconf 83' lang='lat' dir='ltr'><strong>me</strong></span> <span class='ocrx_word' id='word_1_320' title='bbox 924 2298 978 2318; x_wconf 85' lang='lat' dir='ltr'><strong>res</strong></span> <span class='ocrx_word' id='word_1_321' title='bbox 995 2287 1030 2317; x_wconf 91' lang='lat' dir='ltr'><em>D</em></span> <span class='ocrx_word' id='word_1_322' title='bbox 1045 2287 1090 2318; x_wconf 83' lang='lat' dir='ltr'><strong>al.</strong></span> <span class='ocrx_word' id='word_1_323' title='bbox 1111 2298 1153 2316; x_wconf 68' lang='lat' dir='ltr'><strong>vr:</strong></span> <span class='ocrx_word' id='word_1_324' title='bbox 1179 2286 1234 2317; x_wconf 90' lang='lat' dir='ltr'><strong>illa</strong></span> <span class='ocrx_word' id='word_1_325' title='bbox 1253 2297 1305 2317; x_wconf 86' lang='lat' dir='ltr'><strong>res</strong></span> <span class='ocrx_word' id='word_1_326' title='bbox 1323 2296 1374 2316; x_wconf 87' lang='lat' dir='ltr'><strong>me</strong></span> <span class='ocrx_word' id='word_1_327' title='bbox 1395 2285 1434 2323; x_wconf 80' lang='lat' dir='ltr'><strong>G3</strong></span> <span class='ocrx_word' id='word_1_328' title='bbox 1545 2285 1587 2316; x_wconf 87' lang='lat'><strong>28</strong></span> 
     </span>
     <span class='ocr_line' id='line_1_37' title="bbox 250 2332 925 2372; baseline -0.003 -8"><span class='ocrx_word' id='word_1_329' title='bbox 250 2332 327 2365; x_wconf 77' lang='lat' dir='ltr'><strong>auia</strong></span> <span class='ocrx_word' id='word_1_330' title='bbox 344 2332 407 2362; x_wconf 77' lang='grc' dir='ltr'><strong>ΒΨ</strong></span> <span class='ocrx_word' id='word_1_331' title='bbox 423 2338 511 2372; x_wconf 57' lang='lat' dir='ltr'><strong>(eum</strong></span> <span class='ocrx_word' id='word_1_332' title='bbox 533 2334 558 2362; x_wconf 89' lang='lat' dir='ltr'><em>L</em></span> <span class='ocrx_word' id='word_1_333' title='bbox 592 2345 596 2362; x_wconf 93' lang='lat'>:</span> <span class='ocrx_word' id='word_1_334' title='bbox 623 2335 649 2363; x_wconf 58' lang='lat' dir='ltr'><strong>ei</strong></span> <span class='ocrx_word' id='word_1_335' title='bbox 667 2335 721 2364; x_wconf 62' lang='lat' dir='ltr'><strong>ms</strong></span> <span class='ocrx_word' id='word_1_336' title='bbox 740 2333 886 2364; x_wconf 49' lang='lat' dir='ltr'><strong>retiamsi</strong></span> <span class='ocrx_word' id='word_1_337' title='bbox 899 2333 925 2368; x_wconf 69' lang='lat'><strong>2)</strong></span> 
     </span>
    </p>
   </div>
  </div>
 </body>
</html>
