1715 2734
143 115 186 152 18
204 129 246 161 45
572 114 628 150 M.
659 112 829 150 TVLLI
860 110 1167 151 CICERONIS

142 488 184 530 46

202 232 365 275 putaret.
399 223 507 271 Quid
524 223 628 262 enim
647 223 716 261 tibi
731 224 852 261 navi?
877 223 942 273 qui
957 224 987 260 si
1003 235 1083 272 quo
1095 222 1253 273 publice
1267 222 1532 272 proficisceris,

202 288 371 339 praesidi
403 296 441 327 et
473 295 654 327 vecturae
686 301 805 326 causa
843 294 1003 337 sumptu
1043 287 1204 338 publico
1242 287 1394 337 navigia
1431 301 1536 338 prae-

204 354 371 401 bentur3
400 352 580 403 privatim
610 359 741 390 autem
773 365 846 390 nec
876 351 1071 402 proficisci
1102 364 1303 401 quoquam
1331 360 1443 402 potes
1463 365 1537 390 nec

203 432 398 457 arcessere
428 432 487 457 res
517 417 795 456 transmarinas
825 431 871 455 ex
902 417 946 454 iis
977 417 1073 455 locis
1098 416 1137 454 in
1170 416 1313 466 quibus
1335 425 1373 455 te
1393 418 1538 456 habere

205 484 302 522 nihil
333 486 434 523 licet.
496 483 653 521 Deinde
691 496 760 521 cur
798 482 1011 532 quicquam
1051 490 1187 520 contra
1226 484 1330 532 leges
1364 483 1575 533 parasti?5

204 551 361 588 Valeret
391 551 468 587 hoc
498 548 645 587 crimen
676 548 716 586 in
741 548 806 586 illa
827 554 957 585 vetere
982 546 1186 586 severitate
1208 560 1254 585 ac
1275 547 1463 597 dignitate
1484 547 1537 585 rei

203 614 412 664 publicae3
442 627 549 651 nunc
579 627 661 651 non
692 613 814 651 modo
844 619 882 650 te
911 613 987 650 hoc
1019 612 1183 651 crimine
1207 625 1288 650 non
1316 625 1445 662 arguo,
1468 612 1538 650 sed

204 693 253 717 ne
278 679 342 717 illa
362 680 525 729 quidem
553 678 756 717 communi
777 677 1063 727 vituperatione
1085 678 1356 728 reprehendo:
1384 679 1447 715 Tu
1468 676 1538 715 tibi

203 745 280 782 hoc
320 756 537 793 numquam
581 751 704 793 turpe,
747 755 964 792 numquam
1013 741 1281 789 criminosum,
1321 755 1538 792 numquam

202 808 442 847 invidiosum
472 810 553 846 sore
583 807 740 859 putasti,
775 807 1032 847 celeberrimo
1063 809 1152 847 loco
1178 810 1307 858 palam
1337 808 1407 846 tibi
1436 807 1539 846 aedi·
1560 823 1599 846 10

202 874 308 912 ficari
339 873 557 912 onerariam
586 886 728 912 navem
758 872 799 911 in
829 872 1030 923 provincia
1051 886 1170 922 quam
1201 881 1243 911 tu
1264 886 1355 911 cum
1375 873 1541 924 imperio

202 938 446 977 obtinebas?
501 938 611 986 Quid
639 952 707 977 eos
737 939 846 989 loqui
876 938 943 989 qui
965 938 1163 986 videbant,
1197 939 1293 988 quid
1321 939 1540 978 existimare

203 1017 271 1043 eos
293 1004 359 1054 qui
379 1004 596 1044 audiebant
616 1005 886 1044 arbitrabare?
916 1005 1073 1044 inanem
1102 1012 1140 1043 te
1167 1019 1307 1043 navem
1329 1019 1413 1044 esse
1434 1007 1539 1044 illam

204 1069 244 1107 in
260 1069 415 1108 Italiam
429 1071 725 1109 adducturum?
755 1070 1044 1117 naviculariam,
1059 1083 1150 1108 cum
1166 1071 1336 1108 Romam
1355 1070 1538 1119 venisses,

204 1148 290 1174 esse
313 1137 507 1174 facturum
525 1138 543 1174 ?
598 1137 662 1174 Ne
693 1135 789 1174 illud
815 1135 976 1185 quidem
1003 1135 1212 1185 quisquam
1243 1144 1395 1186 poterat
1419 1136 1540 1187 suspi-
1561 1150 1599 1182 15

205 1201 295 1249 cari,
326 1209 363 1240 te
394 1201 433 1239 in
463 1201 577 1240 Italia
603 1201 843 1240 maritimum
875 1201 1019 1240 habere
1051 1202 1219 1239 fundum
1250 1209 1288 1239 et
1313 1202 1363 1239 ad
1393 1203 1539 1240 fructus

205 1268 473 1317 deportandos
522 1267 740 1306 onerariam
785 1280 925 1305 navem
974 1280 1211 1317 comparare.
1288 1267 1383 1305 Eius
1431 1269 1539 1306 modi

205 1331 361 1370 voluisti
383 1333 433 1371 de
454 1340 492 1370 te
515 1346 738 1371 sermonem
760 1346 846 1371 esse
867 1332 1045 1371 omnium
1070 1334 1199 1382 palam
1223 1339 1264 1370 ut
1287 1333 1541 1382 loquerentur

205 1404 244 1435 te
273 1397 378 1435 illam
409 1411 549 1436 navem
581 1411 716 1448 parare
745 1411 846 1448 quae
877 1399 1062 1448 praedam
1085 1412 1131 1437 ex
1153 1398 1283 1437 Sicilia
1303 1400 1537 1448 deportaret,

181 1470 243 1500 et
274 1463 325 1501 ad
358 1476 403 1501 ea
434 1464 534 1500 furta
566 1476 667 1513 quae
698 1462 920 1513 reliquisses
956 1471 1205 1502 commearet.
1262 1465 1410 1502 Verum
1443 1465 1540 1502 haec
1562 1477 1600 1499 20

204 1529 350 1576 omnia,
372 1528 403 1567 si
424 1530 544 1567 doces
566 1542 706 1567 navem
735 1530 785 1567 de
813 1536 879 1567 tua
909 1529 1076 1579 pecunia
1103 1529 1362 1576 aedificatam,
1385 1531 1540 1568 remitto

204 1601 323 1644 atque
355 1595 548 1632 concedo.
605 1594 682 1632 Sed
715 1594 803 1640 hoc,
836 1595 959 1631 homo
991 1594 1271 1641 amentissime,
1312 1608 1393 1632 non
1431 1594 1540 1632 intel-

204 1658 300 1709 legis
330 1658 457 1709 priore
485 1658 641 1697 actione
670 1658 721 1696 ab
751 1658 844 1708 ipsis
875 1658 957 1696 istis
987 1659 1246 1706 Mamertinis,
1270 1660 1346 1697 tuis
1366 1659 1541 1697 laudato-

205 1724 323 1771 ribus,
347 1738 432 1763 esse
452 1724 681 1762 sublatum?
738 1725 841 1762 Nam
868 1724 964 1763 dixit
990 1725 1130 1771 Heius,
1152 1725 1334 1775 princeps
1361 1723 1538 1770 civitatis,

206 1790 389 1840 princeps
410 1790 519 1828 istius
547 1789 750 1840 legationis
772 1803 874 1839 quae
903 1791 954 1828 ad
984 1797 1092 1828 tuam
1122 1789 1390 1828 laudationem
1421 1789 1539 1827 missa
1560 1802 1599 1832 ²5

207 1864 277 1904 est,
299 1869 439 1894 navem
470 1855 539 1894 tibi
569 1855 698 1905 operis
728 1854 896 1905 publicis
928 1854 1256 1893 Mamertinorum
1278 1867 1363 1892 esse
1383 1855 1536 1900 factam,

207 1921 323 1971 eique
344 1920 547 1959 faciendae
567 1928 787 1958 senatorem
821 1920 1104 1958 Mamertinum
1130 1919 1288 1969 publice
1315 1918 1538 1969 praefuisse.

210 1985 379 2035 Reliqua
418 1993 475 2023 est
515 1985 704 2023 materies.
780 1986 899 2023 Hanc
940 1984 1117 2035 Reginis,
1155 1992 1197 2022 ut
1236 1983 1309 2034 ipsi
1348 1983 1539 2021 dicunt—-

208 2050 364 2088 tametsi
402 2058 444 2088 tu
483 2063 624 2100 negare
663 2063 742 2088 non
782 2049 1121 2100 potes—publice,
1161 2049 1271 2098 quod
1311 2047 1537 2086 Mamertini

256 2165 270 2186 1
297 2154 372 2194 Quo
391 2155 479 2184 enim
500 2154 601 2184 Pm'sc.
686 2153 761 2184 navi
781 2154 899 2194 (nave)
925 2163 1009 2192 opus
1027 2153 1088 2184 suit
1104 2152 1205 2183 Prisc.
1220 2154 1237 2182 δ
1314 2151 1538 2192 proficisceris

207 2222 213 2228 .
237 2220 243 2227 .
262 2220 269 2226 .
290 2197 495 2236 praebentur
512 2208 553 2226 πε
578 2195 842 2234 proficiscereris
860 2220 866 2226 .
886 2219 893 2226 .
916 2221 921 2226 .
941 2195 1184 2235 praeberentur
1199 2195 1264 2226 RS
1350 2206 1369 2225 2
1394 2200 1428 2226 et
1445 2206 1537 2235 prae-

207 2240 337 2279 sidiisp
359 2251 366 2270 2
390 2244 422 2269 et
441 2238 602 2278 praesidii
622 2240 637 2267 δ
769 2249 787 2276 4
813 2248 986 2269 arcessere
1004 2250 1040 2269 n:
1066 2248 1240 2269 accersere
1257 2236 1338 2267 RS&
1355 2238 1413 2278 (iv,
1433 2242 1447 2275 ξ
1464 2240 1538 2277 ιῑ5)

207 2294 226 2322 9
251 2288 348 2322 turpe
367 2292 547 2322 numquam
566 2293 632 2312 om.
648 2283 710 2322 pfi:
737 2286 835 2321 turpe
854 2292 920 2314 om.
940 2282 982 2322 qk
1096 2292 1130 2312 11
1160 2282 1192 2311 in
1211 2292 1250 2312 ea
1261 2282 1305 2322 pb
1420 2291 1458 2321 14
1483 2283 1539 2314 de-

213 2327 388 2357 ducturum
405 2329 448 2369 ῥδ
514 2325 749 2356 naviculariam
768 2330 800 2355 te
818 2327 834 2354 δ
990 2334 1031 2363 23
1055 2325 1129 2356 istis
1148 2325 1230 2365 ipsis
1249 2326 1314 2356 tuis
1331 2325 1430 2356 Mam.
1449 2326 1536 2357 laud.

208 2371 272 2410 pk5
392 2381 432 2410 24
458 2371 617 2409 princeps
633 2368 776 2399 civitatis
788 2368 890 2408 prk6:
913 2379 978 2398 om.
996 2367 1091 2399 RSW
1111 2368 1158 2408 gii,
1182 2372 1196 2406 ξ
1219 2371 1272 2409 ¹3)
1396 2369 1438 2398 26
1463 2379 1538 2400 esse

212 2414 421 2444 aedificatam
435 2415 478 2452 p5
567 2422 607 2450 27
633 2417 784 2442 senatum
803 2411 915 2442 allone!
