1715 2734
189 107 324 145 50110
630 102 688 140 M.
719 102 889 140 TVLLI
921 100 1230 141 CICERONIS

260 208 420 260 civium,
451 211 490 250 in
520 225 600 262 quo
630 226 703 262 ego
737 226 827 250 cum
860 213 1040 262 loquerer
1074 212 1170 252 tanti
1201 212 1369 264 gemitus
1399 215 1593 265 fletusque

262 277 409 315 fiebant
440 285 481 316 ut
510 277 786 316 acerbissimus
817 284 899 316 tota
929 278 1026 316 urbe
1055 279 1183 317 luctus
1213 279 1354 317 versari
1384 279 1591 318 videretur.

184 358 237 379 111
262 342 356 380 Non
386 342 439 380 illi
478 343 736 381 decumarum
777 341 950 392 imperia,
991 356 1072 381 non
1108 343 1303 382 bonorum
1338 342 1590 394 direptiones,

261 419 342 444 non
377 405 512 457 iniqua
544 406 700 453 iudicia,
732 420 814 444 non
849 406 1094 456 importunas
1126 407 1236 446 istius
1274 407 1469 454 libidines,
1511 421 1592 447 non

260 470 350 519 vim,
375 485 455 509 non
477 473 737 510 contumelias
759 471 903 522 quibus
924 471 1050 511 vexati
1077 471 1334 522 oppressique
1364 480 1473 511 erant
1502 485 1592 511 con·
1612 485 1630 518 5

260 536 551 584 querebantur3
600 536 753 576 Cereris
788 549 946 583 numen,
989 550 1187 576 sacrorum
1226 545 1472 585 vetustatem,
1514 538 1592 576 fani

260 599 487 650 religionem
519 601 629 639 istius
657 601 943 640 sceleratissimi
969 610 1088 652 atque
1117 602 1369 641 audacissimi
1399 602 1593 653 supplicio

259 665 402 715 expiari
425 666 609 704 volebant
625 680 635 713 ,·
664 667 798 703 omnia
814 680 855 705 se
876 674 1005 705 cetera
1021 667 1100 716 pati
1114 680 1159 705 ac
1173 669 1376 717 neglegere
1392 668 1590 706 dicebant.

262 729 339 768 Hic
361 732 474 769 dolor
494 738 574 769 erat
597 738 727 769 tantus
748 738 790 769 ut
811 733 953 770 Verres
974 733 1070 770 alter
1084 732 1211 771 Orcus
1227 733 1380 771 venisse
1404 732 1591 770 Hennam

259 803 296 833 et
332 809 412 833 non
453 795 728 846 Proserpinam
758 804 979 847 asportasse
1011 797 1081 835 sed
1113 796 1239 846 ipsam
1271 796 1488 846 abripuisse
1521 798 1592 836 Ce-
1615 810 1652 833 10

258 873 380 898 rerem
416 861 621 898 videretur.
683 862 841 899 Etenim
872 861 964 899 urbs
994 860 1058 898 illa
1088 874 1167 899 non
1200 861 1292 899 urbs
1321 861 1484 907 videtur,
1522 863 1591 900 sed

259 927 394 964 fanum
416 925 569 965 Cereris
590 939 676 965 esse
690 941 700 974 3
731 925 908 964 habitare
928 926 1035 975 apud
1052 938 1137 964 sese
1152 926 1336 965 Cererem
1353 925 1592 964 Hennenses

257 991 503 1038 arbitrantur,
538 998 581 1028 ut
613 990 709 1029 mihi
745 1005 826 1029 non
859 990 962 1029 cives
1001 990 1104 1029 illius
1137 990 1314 1038 civitatis,
1351 992 1421 1030 sed
1453 1004 1592 1029 omnes

258 1057 494 1103 sacerdotes,
535 1069 674 1095 omnes
717 1058 876 1095 accolae
923 1063 1043 1106 atque
1081 1055 1274 1095 antistites
1315 1055 1467 1095 Cereris
1506 1068 1592 1094 esse

178 1137 234 1159 112
258 1120 474 1160 videantur.
536 1121 683 1160 Henna
713 1128 754 1160 tu
785 1121 1036 1160 simulacrum
1069 1121 1221 1161 Cereris
1246 1123 1382 1161 tollere
1401 1121 1589 1168 audebas,
1615 1134 1650 1165 ¹5

259 1188 407 1224 Henna
429 1193 469 1224 tu
491 1187 541 1225 de
562 1199 681 1225 manu
704 1187 856 1226 Cereris
877 1186 1092 1224 Victoriam
1123 1186 1271 1237 eripere
1298 1194 1336 1225 et
1357 1188 1473 1226 deam
1494 1187 1592 1225 deae

257 1252 463 1289 detrahere
492 1259 657 1290 conatus
687 1253 759 1290 es?
788 1265 956 1301 quorum
988 1251 1085 1289 nihil
1105 1252 1261 1298 violare,
1285 1251 1381 1289 nihil
1402 1250 1592 1300 attingere

257 1315 341 1354 ausi
362 1324 452 1354 sunt
474 1316 512 1354 in
534 1316 679 1366 quibus
700 1324 810 1355 erant
837 1317 970 1355 omnia
998 1330 1099 1367 quae
1129 1316 1265 1355 sceleri
1294 1316 1476 1367 propiora
1500 1324 1591 1354 sunt

257 1393 376 1430 quarn
412 1380 598 1431 religioni.
659 1382 891 1420 Tenuerunt
925 1383 1030 1420 enim
1072 1383 1112 1419 P.
1149 1381 1303 1432 Popilio
1345 1383 1385 1419 P.
1429 1381 1590 1432 Rupilio

257 1445 489 1483 consulibus
521 1445 631 1484 illum
660 1447 791 1484 locum
823 1446 933 1493 servi,
957 1446 1117 1497 fugitivi,
1143 1446 1308 1493 barbari,
1332 1447 1490 1495 hostes3
1519 1448 1589 1485 sed
1613 1458 1652 1478 20

258 1523 387 1560 neque
408 1518 488 1548 tam
510 1510 607 1549 servi
630 1511 682 1548 illi
708 1510 961 1549 dominorum
990 1525 1108 1561 quam
1136 1519 1176 1550 tu
1206 1511 1430 1559 libidinum,
1460 1525 1591 1562 neque

258 1582 337 1612 tam
359 1575 508 1625 fugitivi
540 1576 593 1613 illi
623 1577 674 1614 ab
705 1576 877 1614 dominis
899 1589 1018 1626 quam
1050 1585 1090 1614 tu
1118 1577 1168 1615 ab
1191 1576 1272 1615 iure
1295 1584 1332 1615 et
1353 1577 1404 1615 ab
1426 1577 1588 1627 legibus,

257 1654 386 1690 neque
409 1649 487 1679 tam
511 1641 663 1680 barbari
694 1641 826 1691 lingua
853 1649 891 1680 et
922 1641 1081 1680 natione
1109 1641 1163 1679 illi
1184 1654 1303 1691 quarn
1332 1649 1373 1679 tu
1396 1649 1533 1680 natura
1553 1649 1592 1680 et

258 1705 445 1753 moribus,
479 1720 609 1756 neque
648 1714 728 1744 tam
769 1706 822 1744 illi
862 1707 996 1745 hostes
1032 1706 1261 1745 hominibus
1297 1719 1416 1756 quam
1451 1714 1492 1744 tu
1529 1706 1590 1745 dis

257 1770 556 1810 immortalibus.
618 1772 732 1820 Quae
764 1771 991 1821 deprecatio
1023 1779 1081 1810 est
1115 1771 1230 1821 igitur
1261 1770 1295 1810 ei
1336 1770 1484 1821 reliqua
1522 1770 1590 1821 qui
1614 1781 1651 1813 ²5

257 1835 490 1886 indignitate
529 1849 671 1883 servos,
713 1836 931 1875 temeritate
971 1835 1164 1886 fugitivos,
1206 1837 1352 1875 scelere
1391 1836 1588 1882 barbaros,

257 1901 488 1940 crudelitate
509 1903 642 1940 hostes
663 1901 829 1940 vicerit?

311 1966 490 2005 Audistis
511 1967 770 2005 Theodorum
788 1974 825 2005 et
842 1965 1088 2005 Numenium
1106 1973 1143 2004 et
1162 1965 1427 2013 Nicasionem,
1444 1966 1592 2016 legatos

260 2031 501 2078 Hennensis,
526 2031 683 2082 publice
714 2031 844 2070 dicere
872 2045 957 2070 sese
986 2044 1009 2069 a
1038 2030 1117 2068 suis
1140 2030 1291 2068 civibus
1321 2031 1418 2068 haec
1446 2030 1592 2068 habere

260 2098 457 2144 mandata,
482 2105 524 2135 ut
544 2098 595 2135 ad
616 2099 779 2135 Verrem
801 2096 954 2134 adirent
975 2104 1013 2134 et
1043 2108 1133 2133 eum
1162 2095 1415 2133 simulacrum
1438 2094 1592 2134 Cereris
1613 2104 1654 2135 30

195 1938 238 1976 51

180 1998 236 2029 113

306 2212 317 2230 ι
348 2201 445 2231 fletus
463 2200 674 2240 gemitusque
688 2201 738 2240 p5,
762 2199 953 2230 Martianus
972 2199 1099 2239 Capella
1121 2200 1166 2237 (v,
1189 2202 1203 2234 ξ
1227 2200 1307 2236 163:
1333 2198 1370 2230 S.
1389 2198 1482 2230 Rosa
1506 2197 1590 2236 §24)

260 2255 281 2283 9
306 2245 430 2275 Verres
460 2255 523 2274 om.
552 2244 692 2274 Servius
724 2243 770 2273 ad
792 2244 867 2272 Aen
906 2243 948 2274 vi.
975 2253 1049 2281 237.
1076 2242 1132 2273 del.
1169 2242 1351 2273 Garatoni:
1386 2243 1453 2281 ipse
1476 2242 1593 2272 malim

261 2289 392 2318 venisse
419 2288 577 2318 Hennam
606 2288 730 2317 Verres
868 2287 905 2316 16
931 2287 1086 2325 deripere
1108 2287 1150 2325 ρδ
1310 2295 1347 2323 ¹9
1370 2286 1458 2315 enim
1484 2296 1548 2315 om.
1573 2297 1594 2314 π

261 2342 301 2360 22
325 2333 366 2361 ab
394 2332 539 2361 dominis
569 2331 630 2370 Rp,
649 2331 753 2361 Arus.
776 2329 898 2361 Mess.:
931 2341 949 2360 a
976 2331 1063 2360 dom.
1085 2329 1131 2359 Sa
1219 2330 1262 2359 ab
1287 2328 1420 2367 legibus
1437 2328 1521 2367 RSp
1542 2339 1548 2357 ε
1574 2338 1592 2358 a

261 2374 325 2412 leg.
347 2376 373 2409 δ,
394 2375 496 2404 Aras.
517 2374 614 2404 Mass.
