1715 2734
114 793 151 815 10

109 1443 148 1464 20

175 81 442 121 ACTIONIS
473 71 536 119 ΙΝ
564 81 607 120 c.
631 82 871 119 VERREM
902 82 1200 121 SECVNDAE
1230 83 1333 120 ΜΒ.
1359 84 1399 119 II
1454 88 1556 129 3176

174 195 288 242 Quae
326 193 432 232 enim
470 193 553 231 eius
591 193 799 232 auctoritas
830 194 930 233 erit?
969 196 1131 245 quando
1160 195 1231 233 iste
1262 196 1495 234 sententiam

172 259 303 297 dicere
334 258 496 296 audebit
530 265 596 296 aut
628 258 801 308 poterit?
849 261 1011 309 quando
1042 267 1173 297 autem
1210 261 1331 298 homo
1366 268 1496 298 tantae

172 323 345 361 luxuriae
375 331 493 372 atque
524 323 699 362 desidiae
731 324 805 361 nisi
837 324 1049 362 Februario
1080 338 1214 362 mense
1241 325 1427 374 aspirabit
1457 326 1496 363 in

171 387 349 426 curiam?
395 389 543 425 Verum
565 388 695 426 veniat
720 402 824 435 sane,
848 391 1032 427 decernat
1058 389 1204 427 bellum
1228 390 1493 436 Cretensibus,

170 452 307 491 liberet
343 452 560 501 Byzantios,
595 466 725 502 regem
756 455 927 504 appellet
962 455 1247 501 Ptolomaeum,
1280 467 1381 503 quae
1415 456 1497 492 vult

172 516 410 555 Hortensius
442 517 576 555 omnia
609 517 715 556 dicat
749 526 787 556 et
819 518 985 566 sentiat,-
1028 518 1157 556 minus
1190 520 1287 557 haec
1320 520 1371 557 ad
1411 532 1494 565 nos,

171 581 300 619 minus
337 583 389 620 ad
427 581 529 620 vitae
561 589 716 620 nostrae
748 583 971 629 discrimen,
1007 583 1135 621 minus
1169 585 1220 622 ad
1254 585 1496 622 fortunarum

170 654 389 685 nostrarum
421 646 637 697 periculum
677 648 882 698 pertinent.
943 649 1048 686 Illud
1087 655 1145 686 est
1183 648 1359 698 capitale,
1401 649 1496 687 illud
1520 660 1556 693 77

171 711 481 758 formidolosum,
505 712 601 750 illud
630 713 782 762 optimo
809 713 952 763 cuique
981 714 1251 760 metuendum,
1275 714 1383 763 quod
1412 713 1493 760 iste,

170 791 217 815 ex
248 778 324 815 hoc
363 776 510 815 iudicio
543 776 575 814 si
609 777 739 827 aliqua
770 778 806 815 vi
840 791 881 816 se
916 778 1109 828 eripuerit,
1146 778 1185 816 in
1220 778 1416 817 iudicibus
1449 779 1496 816 sit

170 855 331 880 necesse
360 849 428 889 est,
452 842 686 880 sententiam
712 844 762 881 de
789 843 916 893 capite
943 843 1037 881 civis
1060 843 1231 882 Romani
1258 845 1364 890 ferat,
1388 844 1435 881 sit
1457 844 1496 881 in

169 906 252 945 eius
277 906 447 945 exercitu
475 906 632 956 signifer
656 907 722 957 qui
748 907 955 957 imperium
986 908 1220 946 iudiciorum
1248 916 1381 947 tenere
1402 910 1493 946 vult.

170 974 263 1010 Hoc
301 973 470 1022 populus
512 974 717 1010 Romanus
761 981 924 1020 recusat,
969 974 1046 1011 hoc
1085 975 1182 1012 ferre
1221 987 1300 1012 non
1340 981 1496 1023 potest;

168 1038 311 1075 clamat
332 1036 600 1087 permittitque
622 1037 733 1076 vobis
755 1045 808 1084 ut,
832 1038 863 1076 si
884 1037 965 1076 istis
987 1038 1214 1076 hominibus
1230 1038 1493 1085 delectemini,

129 1119 143 1149 g
168 1102 199 1140 si
220 1115 266 1140 ex
287 1115 334 1140 eo
354 1115 496 1151 genere
518 1104 769 1152 splendorem
791 1102 918 1141 ordini
939 1111 1057 1153 atque
1074 1111 1349 1141 ornamentum
1367 1102 1496 1141 curiae

168 1167 406 1206 constituere
427 1166 563 1214 velitis,
587 1167 764 1206 habeatis
782 1181 875 1206 sane
896 1167 1012 1206 istum
1034 1168 1239 1206 vobiscum
1261 1175 1493 1214 senatorem,

167 1232 285 1270 etiam
313 1233 363 1270 de
383 1232 495 1270 vobis
524 1231 706 1279 iudicem,
730 1232 761 1270 si
782 1232 908 1279 vultis,
933 1233 1109 1271 habeatis
1128 1248 1138 1280 ,-
1167 1235 1216 1272 de
1237 1247 1278 1271 se
1300 1232 1492 1279 homines,

167 1297 197 1335 si
219 1297 285 1347 qui
307 1304 412 1335 extra
432 1297 549 1335 istum
571 1297 750 1335 ordinem
772 1304 873 1344 sunt,
897 1297 1040 1347 quibus
1061 1312 1110 1336 ne
1131 1297 1316 1336 reiciendi
1333 1297 1494 1347 quidem

165 1362 333 1412 amplius
365 1376 485 1412 quam
518 1362 634 1400 trium
668 1362 843 1400 iudicum
884 1364 1104 1412 praeclarae
1142 1365 1246 1412 leges
1287 1363 1493 1402 Corneliae

167 1427 314 1465 faciunt
352 1434 599 1477 potestatem,
641 1428 747 1465 hunc
786 1427 990 1465 hominem
1038 1435 1117 1465 tam
1157 1429 1370 1474 crudelem,
1411 1435 1491 1466 tam

165 1494 407 1540 sceleratum,
430 1500 509 1531 tam
538 1492 728 1531 nefarium
754 1494 893 1531 nolunt
920 1493 1102 1531 iudicare.
1163 1493 1321 1531 Etenim
1343 1493 1374 1531 si
1395 1493 1491 1532 illud
1511 1475 1561 1550 3?

165 1566 223 1597 est
261 1558 508 1609 flagitiosum,
549 1560 658 1608 quod
698 1558 793 1596 mihi
839 1558 1017 1597 omnium
1057 1552 1184 1597 rerum
1224 1558 1491 1608 turpissimum
1514 1533 1549 1567 7²

165 1623 413 1674 maximeque
433 1623 624 1662 nefarium
646 1623 809 1670 videtur,
832 1623 884 1661 ob
907 1637 986 1661 rem
1009 1623 1262 1661 iudicandam
1283 1623 1492 1673 pecuniam

164 1688 352 1739 accipere,
376 1688 501 1738 pretio
520 1689 666 1727 habere
681 1688 881 1727 addictam
898 1689 1018 1727 fidem
1035 1696 1073 1727 et
1088 1688 1328 1738 religionem,
1345 1696 1494 1738 quanto

107 1772 144 1802 ²5
166 1753 262 1792 illud
292 1754 520 1804 flagitiosius
547 1753 764 1803 improbius
796 1753 1005 1803 indignius,
1028 1767 1119 1791 eum
1140 1767 1163 1791 a
1183 1766 1263 1802 quo
1284 1753 1492 1802 pecuniam

165 1820 218 1857 ob
247 1820 535 1858 absolvendum
564 1819 762 1870 acceperis
793 1820 1070 1864 condemnare,
1097 1826 1138 1855 ut
1168 1831 1218 1855 ne
1247 1819 1491 1867 praedonum

165 1880 326 1934 quidem
348 1893 502 1935 praetor
522 1885 561 1922 in
583 1886 660 1923 fide
682 1884 887 1922 retinenda
908 1882 1237 1922 consuetudinem
1264 1890 1468 1920 conservet
1486 1886 1492 1920 1

165 1950 299 1988 Scelus
334 1958 392 1988 est
422 1949 600 2000 accipere
634 1949 685 1986 ab
715 1963 807 1987 reo:
838 1956 988 1998 quanto
1018 1947 1140 1997 magis
1170 1948 1221 1985 ab
1251 1955 1488 1995 accusatore,

207 2064 227 2093 3
250 2053 401 2084 luxuriae
418 2077 425 2085 .
447 2077 454 2084 .
474 2077 482 2084 .
502 2053 653 2084 desidiae
673 2052 713 2082 0¹
732 2064 739 2082 :
765 2063 796 2082 —a
815 2076 821 2082 .
841 2075 848 2083 .
869 2075 876 2083 .
897 2057 968 2092 -ap
984 2051 1049 2081 rell.
1188 2052 1209 2081 6
1234 2051 1317 2081 haec
1336 2075 1343 2082 .
1363 2074 1368 2081 .
1388 2075 1395 2081 .
1416 2061 1492 2090 per-

165 2097 273 2127 tinent
295 2103 317 2137 p
335 2098 400 2128 rell.
419 2108 426 2127 :
453 2098 516 2127 hoc
535 2121 542 2127 .
562 2121 569 2128 .
588 2120 596 2126 .
616 2096 762 2136 pertinet
781 2096 810 2125 O
963 2095 983 2124 8
1008 2094 1091 2124 Illud
1113 2094 1152 2124 Οι
1173 2106 1179 2125 z
1205 2094 1296 2131 illud,
1317 2094 1397 2124 illud
1423 2095 1488 2125 rell.

168 2151 207 2170 10
230 2142 257 2170 si
276 2152 318 2171 ex
335 2142 397 2171 hoc
415 2141 478 2172 iud.
500 2140 530 2170 O
669 2149 746 2170 sese
765 2139 795 2169 O
907 2148 944 2177 15
969 2149 1009 2168 eo
1027 2138 1092 2168 cO:
1119 2139 1182 2168 isto
1195 2143 1220 2178 p
1237 2138 1303 2168 rell.
1454 2140 1492 2168 16

165 2184 264 2214 istum
282 2185 454 2214 vobiscum
474 2183 564 2224 (nob.
585 2183 642 2221 0¹>
661 2182 720 2213 cO¹
737 2194 743 2212 :
767 2182 841 2212 vob.
862 2182 960 2212 istum
975 2187 1000 2221 p
1017 2182 1082 2212 rell.
1230 2191 1266 2219 17
1292 2182 1391 2212 etiam
1409 2181 1466 2212 (0²
1485 2193 1491 2212 z

165 2227 265 2256 istum
277 2228 320 2267 pb
337 2228 426 2267 vulg.
575 2237 616 2256 22
642 2226 841 2265 flagitiosum
858 2225 927 2256 cO:
952 2231 1017 2255 tam
1036 2226 1109 2261 flag.
1129 2224 1194 2255 rell.
1344 2235 1383 2263 27
1411 2235 1490 2255 con-

165 2276 277 2301 servet
296 2270 337 2300 Οι
355 2282 361 2300 :
387 2275 606 2301 conservaret
624 2269 690 2300 rell.
805 2270 846 2299 28
870 2269 909 2298 ab
927 2279 983 2298 reo
998 2269 1152 2308 accipere
1172 2267 1202 2299 Ο
1299 2268 1406 2306 magis
1425 2268 1490 2298 Ob:

166 2314 271 2343 maius
289 2314 352 2344 rell.
