1715 2734
180 79 447 118 ACTIONIS
478 79 538 116 IN
570 79 614 117 C.
637 79 879 116 VERREM
910 78 1209 117 SECVNDAE
1239 78 1342 115 LIB.
1367 78 1408 115 II
1451 85 1502 124 54
1525 89 1585 122 135

178 191 333 231 odorari
370 192 547 239 solebat3
588 190 766 230 omnium
805 189 1058 237 adversarios,
1099 190 1277 228 omnium
1320 189 1501 228 inimicos

177 257 383 308 diligenter
421 269 668 307 cognoscere,
710 255 908 306 conloqui,
948 262 1205 304 attemptare,
1252 268 1299 292 ex
1337 262 1501 304 utraque

176 329 285 372 parte
323 335 459 359 causas
497 322 718 358 voluntates
757 320 985 371 perspicere,
1026 320 1229 357 facultates
1267 326 1305 356 et
1343 319 1476 368 copias
1492 333 1503 366 ς

176 386 319 436 quibus
353 400 453 435 opus
486 393 588 424 esset
622 392 772 424 metum
801 386 949 431 offerre,
983 383 1126 434 quibus
1160 383 1360 433 expediret
1390 397 1500 434 spem

136 463 153 495 5
175 452 406 498 ostendere3
439 457 712 488 accusatorum
745 457 782 488 et
810 451 1158 499 quadruplatorum
1188 447 1378 498 quicquid
1407 456 1502 494 erat,

175 515 347 554 habebat
368 515 407 553 in
428 522 622 565 potestate
637 529 647 563 3
675 516 784 564 quod
805 514 948 564 cuique
975 513 1106 564 negoti
1130 514 1301 551 conflare
1329 513 1498 560 volebat,

175 582 284 618 nullo
304 580 437 618 labore
466 579 633 618 faciebat
651 594 660 627 3
690 579 799 618 istius
826 580 960 618 omnia
986 580 1143 617 decreta
1166 577 1329 628 imperia
1355 577 1500 616 litteras

174 644 406 695 peritissime
433 652 471 683 et
498 644 750 683 callidissime
775 643 1013 682 venditabat.
1072 645 1133 681 Ac
1157 656 1237 681 non
1265 644 1393 681 solum
1420 650 1500 680 erat
1524 644 1583 684 136

173 710 403 749 administer
422 709 533 748 istius
561 709 832 760 cupiditatum,
855 722 990 747 verum
1018 707 1135 747 etiarn
1165 707 1248 757 ipse
1280 707 1340 745 sui
1367 707 1500 745 memi-

115 791 154 815 10
173 782 293 822 nerat,
323 788 452 825 neque
479 776 607 813 solum
635 788 831 821 nummos,
863 773 894 812 si
917 773 985 823 qui
1012 772 1073 811 isti
1103 772 1340 819 exciderant,
1364 774 1499 810 tollere

174 840 336 886 solebat,
374 854 420 878 ex
458 838 602 889 quibus
636 838 846 889 pecuniam
885 837 1095 876 maximam
1135 837 1237 883 fecit,
1272 838 1341 875 sed
1380 836 1497 875 etiam

174 906 419 955 voluptatum
456 904 770 955 flagitiorumque
805 903 915 941 istius
946 903 1029 952 ipse
1059 901 1241 952 reliquias
1275 901 1495 951 colligebat.

175 971 315 1019 Itaque
349 969 389 1007 in
420 969 551 1008 Sicilia
584 982 665 1008 non
699 968 980 1015 Athenionem,
1016 967 1083 1017 qui
1118 968 1269 1005 nullum
1305 967 1497 1017 oppidum

173 1034 289 1085 cepit,
323 1036 392 1073 sed
431 1033 727 1072 Timarchidem
764 1032 970 1083 fugitivum
1009 1031 1196 1070 omnibus
1234 1031 1392 1081 oppidis
1431 1045 1499 1081 per

115 1116 152 1150 15
172 1098 383 1137 triennium
414 1098 553 1137 scitote
582 1112 763 1148 regnasse
778 1112 786 1145 3
817 1097 856 1135 in
885 1095 1129 1134 Timarchidi
1156 1103 1349 1146 potestate
1376 1096 1499 1134 socio-

172 1178 258 1202 rum
284 1163 418 1215 populi
442 1163 614 1202 Romani
643 1162 1004 1212 antiquissimorum
1032 1168 1150 1210 atque
1170 1160 1497 1198 amicissimorum

172 1229 326 1276 liberos,
367 1236 509 1267 matres
548 1226 723 1274 familias,
765 1228 871 1265 bona
909 1227 1164 1275 fortunasque
1203 1224 1331 1263 omnis
1366 1224 1495 1263 fuisse.

174 1296 213 1333 Is
242 1295 368 1345 igitur,
400 1302 441 1332 ut
471 1293 573 1340 dico,
599 1292 871 1331 Timarchides
901 1291 941 1329 in
970 1290 1099 1329 omnis
1129 1289 1304 1328 civitates
1332 1297 1497 1340 accepto

172 1360 297 1410 pretio
324 1373 506 1398 censores
533 1357 704 1397 dimisit:
735 1357 895 1396 comitia
915 1356 990 1395 isto
1020 1363 1197 1406 praetore
1218 1368 1425 1394 censorum
1448 1369 1497 1393 ne

114 1441 152 1463 20
172 1424 384 1463 simulandi
406 1423 566 1474 quidem
588 1436 706 1461 causa
726 1423 895 1461 fuerunt.

226 1492 312 1529 Iam
336 1491 413 1528 hoc
440 1487 805 1538 impudentissime:
835 1485 1164 1537 palam—licebat
1185 1484 1290 1524 enirn
1314 1484 1497 1524 videlicet

171 1553 539 1606 legibus—singulis
555 1552 784 1591 censoribus
800 1551 949 1591 denarii
966 1551 1111 1590 treceni
1135 1551 1185 1589 ad
1207 1557 1374 1588 statuam
1391 1563 1498 1599 prae-

172 1620 264 1659 toris
291 1619 470 1670 imperati
499 1627 600 1657 sunt.
661 1619 856 1657 Censores
885 1629 1001 1655 cxxx
1027 1616 1118 1654 facti
1143 1623 1233 1654 sunt
1248 1630 1257 1662 3
1286 1614 1494 1665 pecuniam

172 1686 277 1724 illam
317 1685 369 1723 ob
412 1697 617 1723 censuram
660 1690 797 1721 contra
835 1684 940 1732 leges
983 1683 1083 1720 clam
1128 1682 1350 1726 dederunt3
1398 1681 1495 1718 haec

114 1768 151 1799 25
173 1750 378 1790 denarium
408 1761 590 1786 XXXVIIII
621 1747 728 1786 milia
756 1749 885 1797 palam
918 1746 1033 1784 salvis
1061 1745 1211 1796 legibus
1244 1746 1495 1783 contulerunt

173 1816 212 1854 in
236 1822 413 1854 statuam.
474 1813 648 1852 Primum
670 1826 750 1863 quo
772 1820 920 1850 tantam
941 1811 1181 1862 pecuniam?
1210 1809 1355 1848 deinde
1376 1823 1494 1859 quam

172 1881 224 1920 ob
251 1894 332 1918 rem
349 1892 530 1918 censores
550 1879 600 1916 ad
622 1885 789 1916 statuam
812 1877 883 1915 tibi
903 1876 1188 1915 conferebant?
1244 1875 1355 1914 Ordo
1375 1874 1495 1924 aliqui

171 1958 378 1984 censorum
406 1951 474 1990 est,
505 1942 739 1992 conlegium,
762 1955 885 1992 genus
910 1941 1072 1991 aliquod
1099 1939 1334 1978 hominum?
1391 1941 1495 1977 Nam

171 2018 237 2049 aut
267 2009 425 2060 publice
451 2008 626 2047 civitates
655 2008 749 2046 istos
771 2009 939 2046 honores
967 2007 1114 2044 habent
1142 2012 1218 2052 aut,
1242 2004 1273 2042 si
1302 2004 1493 2052 homines,

1517 1465 1566 1503 55

1520 1523 1578 1556 137

211 2124 231 2147 ,1
259 2124 347 2144 omn.
368 2112 579 2143 adversarios
596 2112 664 2142 cO:
688 2123 752 2143 om.
769 2117 793 2151 p
811 2111 876 2143 rell.
1099 2120 1118 2148 3
1143 2119 1261 2139 causas
1277 2119 1342 2139 ont.
1365 2108 1404 2145 O,
1423 2109 1491 2140 secl.

173 2156 285 2187 Muell.
305 2168 310 2186 :
336 2166 436 2187 causa
448 2161 494 2195 pq
512 2168 589 2187 *ona
610 2156 723 2195 parte)
742 2167 747 2185 ;
772 2165 888 2185 causas
901 2160 935 2186 et
949 2155 1030 2185 coni.
1044 2153 1144 2183 Klotz
1159 2163 1215 2189 tex
1228 2157 1367 2190 utraque
1380 2162 1495 2183 causas

173 2207 267 2239 parte
287 2200 317 2237 b)
482 2200 502 2228 6
527 2200 673 2230 conflare
691 2198 761 2228 cO:
785 2199 924 2228 conflari
940 2204 963 2238 p
982 2198 1047 2229 rell.
1223 2206 1260 2234 14
1287 2195 1319 2225 in
1340 2196 1495 2226 omnibus

174 2244 291 2274 Halm.
305 2247 388 2273 auct.
409 2241 543 2281 Kayser.
671 2253 712 2272 22
737 2242 864 2272 treceni
882 2241 993 2273 Muell.
1015 2253 1021 2271 :
1050 2239 1193 2271 trecenti
1207 2244 1231 2278 p
1247 2239 1335 2278 vulg.
1357 2242 1500 2278 (praeter

176 2287 205 2317 Ο
218 2304 239 2312 =
251 2296 330 2316 -ccc-
347 2296 412 2316 om.
430 2287 559 2316 denarii
706 2297 746 2324 24
770 2285 854 2315 clam
872 2285 922 2317 ελ.
937 2286 974 2325 p²
1118 2293 1158 2321 25
1184 2282 1360 2312 denarium
1378 2283 1495 2312 iterum

173 2341 238 2360 om.
260 2329 290 2359 O
421 2339 462 2367 29
486 2336 541 2359 aut
559 2330 585 2359 si
603 2330 691 2359 hom.
713 2339 787 2368 gen.
810 2329 943 2368 scripsi:
966 2333 1023 2359 aut
1039 2327 1068 2358 si
1084 2337 1160 2366 gen.
1178 2326 1267 2356 hom.
1289 2324 1376 2356 codd.
1391 2326 1471 2365 pler.
1488 2337 1495 2356 ε

172 2379 229 2403 aut
245 2372 428 2411 generatim
448 2373 535 2403 hom.
556 2373 574 2401 b
591 2373 678 2412 vulg.
