1715 2734
159 67 425 106 ACTIONIS
457 67 517 105 IN
548 66 591 105 C.
616 66 857 103 VERREM
888 65 1186 104 SECVNDAE
1218 66 1321 102 LIB.
1346 66 1388 102 II
1457 76 1482 115 7
1504 81 1544 104 20

160 178 289 216 mariis
325 177 488 216 testibus
518 178 812 226 multorumque
847 176 989 215 tabulis
1026 176 1138 214 vobis
1172 176 1298 225 priore
1331 175 1486 213 actione

159 243 251 281 satis
277 245 423 281 factum
444 250 513 289 est,
537 244 607 280 HS
629 241 787 280 deciens
813 249 1015 279 numerata
1037 254 1121 279 esse
1142 248 1183 278 ut
1205 254 1290 278 eam
1313 254 1483 286 causam,

158 309 198 346 in
227 322 304 358 qua
337 321 387 346 ne
421 307 649 346 tenuissima
687 307 848 357 quidem
888 306 1083 345 dubitatio
1115 314 1247 356 posset
1279 319 1375 352 esse,
1412 307 1486 344 isto

158 380 421 422 cognoscente
469 371 686 419 obtineret3
734 380 931 421 praeterea
979 384 1112 421 greges
1154 370 1485 408 nobilissimarum

122 451 138 483 5
158 451 347 488 equarum
381 438 553 484 abactos,
586 437 733 487 argenti
768 437 965 486 vestisque
1000 438 1191 486 stragulae
1230 436 1338 474 domi
1378 437 1485 485 quod

158 503 272 541 fuerit
310 516 394 541 esse
428 501 650 552 direptum3
689 501 741 539 ita
778 503 848 540 HS
884 501 1042 540 deciens
1075 502 1123 550 Q.
1158 501 1342 548 Dionem,
1376 502 1485 550 quod

158 567 353 606 hereditas
381 567 416 605 ei
444 566 624 613 venisset,
657 568 804 603 nullam
833 566 949 604 aliam
980 566 1032 604 ob
1064 579 1222 603 causam
1253 565 1482 615 perdidisse.

160 631 298 680 Quid?
335 632 432 669 haec
463 630 658 669 hereditas
690 644 770 680 quo
797 638 974 680 praetore
1010 630 1151 668 Dionis
1182 630 1262 668 filio
1297 632 1487 669 venerat?
1510 642 1545 664 21

159 697 313 734 Eodem
345 708 425 745 quo
456 695 621 742 Anniae,
657 697 697 733 P.
729 695 836 733 Anni
867 694 1054 733 senatoris
1085 694 1198 741 filiae,
1232 696 1374 733 eodem
1407 708 1486 745 quo

102 775 138 797 10
159 762 215 799 M.
251 760 381 810 Liguri
417 759 600 807 senatori,
636 760 682 799 C.
715 761 926 798 Sacerdote
961 767 1148 810 praetore.
1221 760 1359 808 Quid?
1402 767 1484 798 tum

157 839 275 864 nemo
316 827 504 863 molestus
552 824 674 862 Dioni
712 826 867 863 fuerat?
936 826 1027 863 Non
1068 826 1154 874 plus
1194 838 1312 874 quam
1353 825 1486 875 Liguri

157 891 368 929 Sacerdote
397 898 585 940 praetore.
646 890 784 939 Quid?
819 898 900 928 tum
927 892 977 929 ad
1007 892 1167 928 Verrem
1200 890 1287 940 quis
1317 891 1486 929 detulit?

157 957 288 993 Nemo
305 970 315 1003 ,-
344 955 417 993 nisi
446 957 543 994 forte
578 955 806 994 existimatis
842 958 874 993 ei
909 957 1231 1005 quadruplatores
1261 957 1311 994 ad
1342 957 1483 994 fretum

155 1028 311 1070 praesto
332 1019 460 1058 fuisse.
521 1021 585 1059 Ad
607 1020 744 1058 urbem
766 1034 856 1058 cum
879 1028 989 1066 esset,
1013 1020 1161 1059 audivit
1184 1020 1304 1059 Dioni
1327 1021 1483 1059 cuidam
1506 1021 1529 1059 8

101 1101 135 1132 15
156 1084 288 1123 Siculo
323 1098 576 1136 permagnam
612 1085 765 1124 venisse
797 1085 1055 1124 hereditatem
1072 1100 1081 1132 3
1116 1087 1301 1124 heredem
1337 1094 1484 1125 statuas

156 1149 303 1187 iussum
320 1163 405 1188 esse
426 1149 465 1187 in
487 1151 571 1188 foro
592 1162 762 1199 ponere:
793 1150 866 1188 nisi
895 1150 1100 1199 posuisset,
1125 1150 1268 1188 Veneri
1293 1151 1484 1200 Erycinae

155 1226 240 1252 esse
279 1216 497 1252 multatum.
572 1214 747 1252 Tametsi
788 1214 938 1264 positae
978 1222 1108 1252 essent
1147 1228 1193 1252 ex
1233 1223 1481 1263 testamento,

155 1287 286 1318 tamen
326 1281 502 1331 putabat,
545 1281 733 1331 quoniam
773 1280 937 1319 Veneris
977 1294 1124 1319 nomen
1168 1289 1280 1328 esset,
1322 1295 1480 1320 causam

154 1346 374 1384 calumniae
395 1359 436 1384 se
458 1354 710 1396 reperturum.
772 1347 912 1395 Itaque
936 1346 1100 1395 adponit
1121 1346 1187 1395 qui
1209 1354 1315 1396 petat
1336 1347 1481 1385 Veneri
1504 1361 1541 1382 22

97 1424 136 1445 20
157 1411 347 1460 Erycinae
374 1411 478 1448 illam
508 1411 778 1449 hereditatem.
839 1413 931 1449 Non
961 1411 1066 1449 enim
1092 1419 1276 1461 quaestor
1302 1412 1408 1462 petit,
1439 1420 1481 1451 ut

155 1483 212 1513 est
243 1477 501 1523 consuetudo,
536 1476 567 1514 is
602 1476 669 1526 qui
704 1478 872 1526 Erycum
906 1485 1081 1515 montem
1117 1477 1346 1515 obtinebat:
1385 1478 1482 1527 petit

154 1541 326 1579 Naevius
370 1541 519 1591 Turpio
560 1541 734 1591 quidam,
784 1541 894 1579 istius
942 1555 1124 1579 excursor
1166 1550 1203 1580 et
1247 1542 1479 1589 emissarius,

153 1606 275 1644 homo
296 1606 472 1644 omnium
496 1620 541 1644 ex
562 1606 628 1644 illo
649 1614 845 1645 conventu
867 1607 1216 1656 quadruplatorum
1238 1608 1480 1656 deterrimus,

156 1671 199 1710 C.
241 1672 453 1710 Sacerdote
492 1679 669 1720 praetore
713 1673 1002 1710 condemnatus
1041 1671 1293 1719 iniuriarum3
1335 1673 1481 1712 etenim

97 1754 135 1786 25
155 1743 236 1774 erat
277 1736 360 1774 eius
408 1737 516 1774 modi
559 1750 677 1774 causa
723 1744 765 1774 ut
808 1736 891 1786 ipse
938 1744 1102 1786 praetor,
1147 1750 1236 1774 cum
1281 1746 1483 1786 quaereret

155 1801 489 1847 calumniatorem,
520 1803 637 1851 paulo
665 1809 797 1839 tamen
827 1801 1175 1839 consideratiorem
1206 1802 1371 1851 reperire
1400 1816 1480 1841 non

196 1919 215 1938 2
241 1905 360 1939 Hs&
387 1910 434 1941 C:
469 1910 530 1941 HS
558 1910 672 1940 decies
700 1909 762 1940 0¹:
796 1911 957 1941 undecies
982 1917 1006 1951 p
1025 1911 1087 1941 rell.
1191 1917 1364 1941 numerata
1394 1912 1422 1942 C
1444 1914 1477 1945 (i,

156 1956 169 1989 ξ
191 1962 272 1982 100:
297 1953 329 1983 ii.
351 1956 386 1991 ξς
406 1964 456 1992 50.
481 1955 579 1992 1423:
605 1959 812 1984 numeratum
827 1955 941 1994 pAsc.
961 1967 967 1985 ;
992 1959 1072 1984 -tam
1094 1953 1134 1982 Ο1
1239 1965 1259 1992 3
1283 1955 1389 1993 possit
1410 1955 1481 1986 CO1

152 2007 171 2033 4
195 1996 477 2027 nobilissimarum
508 2007 668 2036 equarum
695 1997 750 2028 Cb
776 1998 835 2037 (iii,
866 1999 954 2034 §285
975 2009 980 2027 :
1014 2008 1120 2027 -orum
1153 2008 1313 2036 equorum
1342 1997 1383 2027 Ol
1407 1999 1477 2030 edd.

152 2041 172 2068 6
197 2040 371 2078 dereptum
386 2041 494 2080 Cpal.
586 2041 724 2071 deciens
737 2040 783 2071 C:
811 2042 1011 2081 undeciesp
1030 2041 1093 2072 rell.
1185 2051 1201 2078 7
1226 2042 1374 2071 venisset
1387 2042 1457 2072 CO¹
1474 2055 1481 2072 :

152 2082 345 2113 obvenisset
362 2084 424 2114 rell.
557 2095 578 2123 9
601 2084 723 2114 anniae
740 2095 772 2123 p.
793 2085 871 2115 anni
896 2085 1062 2115 senatoris
1081 2085 1169 2114 filiae
1187 2083 1234 2114 C:
1259 2085 1293 2114 in
1311 2085 1375 2116 rell.
1393 2087 1482 2116 varie

152 2129 199 2154 est
224 2126 395 2157 turbatum
530 2137 569 2157 10
592 2132 748 2166 praetore
776 2127 852 2159 CO:
890 2139 954 2158 om.
985 2129 1027 2158 rrk
1163 2138 1200 2157 12
1225 2127 1313 2166 Quid
1338 2134 1407 2159 tum
1435 2129 1480 2159 C:

157 2167 245 2206 Quid
264 2168 325 2198 rell.
343 2180 350 2205 ;
374 2169 412 2206 cf.
432 2168 514 2199 Scst.
532 2172 610 2207 §47.
658 2168 791 2198 Habent
806 2169 962 2199 lacunam
980 2180 1018 2199 ex
1032 2170 1280 2201 homoeoteleuto
1301 2171 1350 2201 Ob
1442 2184 1477 2212 15

157 2211 315 2241 heredem
337 2211 414 2242 COb
431 2212 472 2242 al.
489 2223 496 2242 ε
519 2222 584 2242 om.
605 2212 647 2241 rrk
826 2213 864 2241 18
889 2218 998 2242 tamen
1017 2214 1152 2252 putabat
1172 2213 1251 2245 CO:
1276 2221 1344 2254 put.
1365 2221 1476 2246 tamen

157 2254 235 2293 rell„
265 2265 342 2284 corr.
377 2254 419 2285 O1
555 2265 594 2294 19
619 2255 784 2285 calumnia
815 2253 908 2285 C01:
943 2257 1107 2294 pecuniae
1130 2258 1191 2286 nkb
1218 2259 1264 2298 (et
1275 2259 1370 2297 falso
1388 2260 1476 2300 ‘N'J

157 2307 197 2335 24
223 2307 240 2327 a
258 2297 442 2328 Sacerdote
461 2297 533 2328 CO1
553 2299 612 2339 (iii,
636 2302 650 2336 ξ
669 2298 727 2339 90)
