1715 2734
208 82 253 120 14
273 90 316 120 40
644 76 700 112 M.
733 76 901 113 TVLLI
934 76 1241 116 CICERONIS

196 1514 234 1544 4²

269 183 557 222 commissum?
587 197 677 222 curn
709 183 933 233 praesertim
956 185 1117 234 planum
1140 186 1266 224 facere
1287 186 1418 225 multis
1440 186 1604 227 testibus

268 248 415 299 possim
433 250 477 288 C.
495 250 658 287 Verrem
682 248 722 286 in
743 248 874 287 Sicilia
896 249 1028 288 multis
1049 249 1302 290 audientibus
1323 264 1439 302 saepe
1460 251 1604 291 dixisse

266 328 308 353 se
347 315 491 354 habere
534 314 737 353 hominem
783 323 987 363 potentem
1026 315 1137 354 cuius
1178 316 1324 354 fiducia
1363 317 1602 367 provinciam

266 379 475 429 spoliaret3
505 393 635 429 neque
658 378 732 417 sibi
762 379 833 418 soli
864 379 1074 429 pecuniam
1097 394 1293 430 quaerere,
1316 383 1385 421 sed
1414 382 1466 420 ita
1490 382 1601 421 trien-

266 444 375 483 nium
424 445 520 483 illud
566 452 769 494 praeturae
817 444 1030 483 Siciliensis
1072 445 1324 485 distributum
1369 447 1513 486 habere
1561 455 1603 486 ut
1623 465 1640 496 5

265 523 399 548 secum
428 511 623 560 praeclare
653 509 714 559 agi
736 509 883 548 diceret
909 510 939 548 si
970 510 1086 548 unius
1113 511 1205 548 anni
1227 519 1432 561 quaestum
1460 512 1499 550 in
1521 527 1600 552 rem

265 589 375 613 suam
397 582 651 621 converteret,
678 576 843 613 alterum
869 575 1043 626 patronis
1066 583 1103 614 et
1125 576 1398 615 defensoribus
1421 579 1600 624 traderet,

265 640 421 679 tertium
470 641 579 678 illum
639 639 879 678 uberrimum
931 641 1404 692 quaestuosissimumque
1451 657 1600 681 annum

265 713 390 745 totum
414 705 609 745 iudicibus
633 713 855 743 reservaret.
917 708 975 744 Ex
996 719 1076 755 quo
1108 706 1202 744 mibi
1225 706 1330 745 venit
1359 706 1397 744 in
1428 716 1599 747 mentem

263 771 359 809 illud
393 771 536 817 dicere,
573 771 683 820 quod
721 771 828 819 apud
869 772 935 808 M’.
976 770 1230 809 Glabrionem
1273 785 1396 822 nuper
1430 786 1521 810 cum
1560 772 1600 810 in
1624 791 1661 814 10

263 836 473 875 reiciundis
503 836 700 875 iudicibus
737 849 1110 875 commemorassem
1147 836 1317 875 intellexi
1348 838 1601 876 vehementer

262 904 453 953 populum
508 904 737 942 Romanum
785 898 1038 949 comnioxieri‚
1080 917 1143 941 me
1190 903 1363 941 arbitrari
1415 905 1496 943 fore
1544 904 1600 943 uti

263 970 442 1009 nationes
469 979 623 1010 exterae
655 973 803 1022 legatos
829 972 880 1009 ad
908 971 1098 1020 populum
1130 971 1356 1008 Romanum
1386 970 1596 1017 mitterent,

261 1044 302 1074 ut
333 1037 394 1074 lex
428 1037 478 1074 de
513 1036 691 1086 pecuniis
727 1034 954 1086 repetundis
991 1034 1261 1085 iudiciumque
1300 1036 1525 1083 tolleretur,
1565 1036 1597 1074 si

260 1101 365 1139 enim
397 1101 542 1140 iudicia
569 1103 675 1140 nulla
704 1101 793 1148 sint,
816 1108 969 1139 tantum
1001 1114 1123 1138 unum
1147 1114 1346 1150 quemque
1373 1101 1596 1140 ablaturum
1621 1117 1657 1150 15

260 1174 399 1217 putant
428 1174 621 1216 quantum
659 1166 733 1205 sibi
767 1179 813 1205 ac
848 1164 979 1204 liberis
1014 1165 1092 1204 suis
1128 1165 1220 1203 satis
1253 1179 1338 1204 esse
1367 1165 1599 1214 arbitretur;

259 1246 376 1279 nunc,
399 1233 508 1283 quod
537 1232 621 1272 eius
651 1231 759 1271 modi
791 1231 936 1270 iudicia
961 1231 1049 1278 sint,
1074 1238 1225 1269 tantum
1253 1245 1375 1270 unum
1398 1245 1597 1282 quemque

257 1299 407 1336 auferre
429 1305 620 1348 quantum
644 1297 730 1344 sibi,
754 1296 939 1348 patronis,
964 1296 1177 1343 advocatis,
1202 1295 1379 1346 praetori,
1400 1296 1597 1335 iudicibus

257 1363 349 1402 satis
371 1365 543 1402 futurum
568 1363 640 1411 sit3
673 1364 748 1402 hoc
771 1364 947 1413 profecto
966 1361 1161 1400 infinitum
1181 1375 1289 1409 esse,
1320 1376 1361 1400 se
1381 1361 1596 1400 avarissimi

258 1428 428 1468 hominis
453 1428 659 1478 cupiditati
684 1428 776 1466 satis
804 1429 930 1466 facere
964 1441 1090 1477 posse,
1116 1427 1383 1466 nocentissimi
1411 1427 1596 1465 victoriae
1618 1441 1659 1464 20

256 1508 337 1533 non
358 1508 484 1545 posse.
538 1495 575 1533 O
592 1494 943 1533 commemoranda
964 1492 1109 1531 iudicia
1132 1494 1449 1543 praeclaramque
1469 1492 1596 1530 existi-

257 1559 471 1598 mationem
503 1559 624 1598 nostri
657 1558 816 1605 ordinis,
841 1572 931 1597 cum
960 1557 1055 1596 socii
1085 1557 1220 1608 populi
1250 1557 1422 1596 Romani
1451 1556 1596 1595 iudicia

254 1627 305 1664 de
326 1624 501 1676 pecuniis
523 1624 751 1675 repetundis
776 1624 857 1663 fieri
881 1625 1032 1671 nolunt,
1051 1637 1153 1673 quae
1173 1637 1196 1661 a
1218 1623 1429 1662 maioribus
1451 1621 1593 1661 nostris

254 1691 449 1730 sociorum
481 1705 600 1730 causa
628 1698 855 1739 comparata
884 1692 999 1728 sunt!
1058 1691 1121 1727 An
1152 1688 1224 1727 iste
1255 1702 1442 1739 umquam
1471 1689 1521 1727 de
1551 1701 1593 1726 se

254 1758 400 1796 bonam
440 1771 550 1808 spem
588 1756 803 1804 habuisset,
840 1756 915 1794 nisi
950 1756 1000 1794 de
1034 1754 1146 1794 vobis
1182 1756 1325 1793 malam
1361 1754 1591 1805 opinionem
1615 1770 1653 1802 25

253 1823 387 1861 animo
407 1822 658 1861 imbibisset?
720 1825 813 1871 Quo
836 1821 981 1860 maiore
1003 1820 1132 1868 etiam,
1156 1819 1186 1858 si
1215 1820 1294 1859 fieri
1323 1828 1462 1870 potest,
1485 1820 1592 1870 apud

254 1902 323 1926 vos
353 1887 448 1926 odio
477 1901 561 1926 esse
594 1887 714 1926 debet
746 1900 865 1936 quam
896 1894 954 1924 est
983 1887 1090 1936 apud
1125 1887 1315 1936 populum
1351 1886 1590 1930 Romanum,

255 1968 345 1992 cum
375 1954 415 1992 in
444 1953 614 2000 avaritia,
646 1954 801 1999 scelere,
832 1952 1001 2002 periurio
1028 1965 1097 1990 vos
1128 1951 1186 1990 sui
1216 1951 1352 1989 similis
1381 1964 1466 1989 esse
1495 1950 1593 1989 arbi-

256 2026 386 2057 tretur.

195 2068 238 2107 ¹5
312 2081 387 2121 Cui
418 2083 518 2128 loco,
543 2095 611 2132 per
631 2082 728 2120 deos
758 2079 1000 2126 immortalis,
1027 2078 1187 2125 iudices,
1211 2077 1404 2117 consulite
1433 2091 1479 2116 ac
1508 2089 1593 2126 pro-
1613 2092 1654 2124 30

195 2129 236 2160 43
256 2146 410 2186 videte!
475 2149 626 2186 Moneo
666 2145 932 2196 praedicoque
972 2144 1012 2183 id
1051 2145 1159 2194 quod
1199 2143 1394 2193 intellego,
1437 2150 1592 2192 tempus

304 2262 315 2281 I
342 2252 538 2291 praesertim
554 2251 616 2291 pb&
635 2262 640 2280 :
665 2261 730 2281 om.
753 2249 815 2279 ΒΨ
827 2248 895 2280 cdd.
976 2260 993 2287 4
1021 2247 1228 2287 exspoliaret
1249 2246 1356 2285 G2LK
1434 2257 1450 2285 7
1477 2247 1590 2277 desen-

258 2295 390 2326 soribus
408 2295 495 2325 Dr:
523 2295 589 2325 des.
608 2294 678 2325 suis
691 2294 753 2334 pb&
845 2303 887 2323 20
912 2291 1142 2324 nocentissimi
1163 2291 1272 2322 Scliol.
1293 2290 1431 2321 Gronov.
1452 2290 1565 2322 Madv.
1585 2300 1592 2319 :

258 2339 423 2370 -tissimae
442 2337 526 2369 codd.
610 2348 647 2376 31
677 2343 810 2376 tempus
827 2336 889 2366 hoc
901 2336 995 2366 vobis
1012 2335 1114 2365 divin.
1134 2333 1168 2365 D
1185 2335 1226 2365 al.
1248 2346 1254 2364 :
1280 2339 1414 2373 tempus
1432 2334 1506 2364 hoc.
1524 2334 1588 2365 div.

258 2383 354 2413 vobis
369 2381 448 2414 LKs
467 2393 473 2412 :
494 2387 627 2421 tempus
639 2380 961 2420 opportunissimum
977 2381 1097 2419 (oport.
1109 2380 1149 2418 p)
1164 2378 1258 2409 vobis
1268 2378 1332 2408 hoc
1344 2377 1591 2417 divinituspbrfi
