1715 2734
174 60 440 99 ACTIONIS
472 60 532 97 IN
563 60 606 98 C.
630 59 870 96 VERREM
901 58 1200 97 SECVNDAE
1231 58 1333 94 LIB.
1357 57 1400 94 II
1435 55 1581 96 66160

174 177 314 208 rentur.
373 168 628 219 Tyndaritani
649 168 875 206 deiecerunt
904 167 944 206 in
965 169 1050 206 foro
1079 174 1117 205 et
1138 168 1276 205 eadem
1305 167 1355 205 de
1379 179 1497 204 causa

174 249 320 284 equum
356 234 514 272 inanem
544 233 794 283 reliquerunt.
855 231 1071 279 Leontinis,
1103 231 1243 269 misera
1271 230 1310 269 in
1341 231 1497 269 civitate

173 308 291 349 atque
322 298 440 345 inani,
475 306 607 337 tamen
641 298 751 336 istius
781 298 821 336 in
849 296 1052 348 gymnasio
1081 304 1208 335 statua
1240 296 1394 335 deiecta
1425 304 1494 335 est.

176 366 277 402 Nam
319 363 415 413 quid
453 376 525 412 ego
572 364 622 401 de
667 362 917 412 Syracusanis
959 363 1125 411 loquar?
1171 362 1280 411 quod
1318 374 1399 399 non
1440 368 1498 399 est

136 443 154 474 5
173 428 372 478 proprium
420 429 761 477 Syracusanorum,
807 429 877 466 sed
924 434 962 466 et
1005 426 1160 464 illorum
1203 433 1241 464 et
1286 439 1498 464 commune

174 500 390 531 conventus
418 492 520 530 illius
542 506 588 530 ac
620 506 741 542 prope
772 492 891 530 totius
920 490 1156 542 provinciae.
1217 492 1377 540 Quanta
1407 492 1498 528 illuc

174 557 395 603 multitudo,
427 565 572 606 quanta
597 557 653 595 vis
682 557 888 595 hominum
914 555 1146 595 convenisse
1179 555 1384 594 dicebatur
1414 562 1498 593 tum

174 636 264 660 curn
293 629 443 660 statuae
469 630 560 660 sunt
580 621 682 659 illius
710 621 885 660 deiectae
906 630 943 660 et
972 623 1150 659 eversae!
1207 622 1260 658 At
1281 633 1360 670 quo
1386 621 1499 658 loco!

175 686 440 726 Celeberrimo
460 700 506 724 ac
527 686 828 737 religiosissimo,
844 694 935 724 ante
952 686 1080 736 ipsum
1101 685 1291 735 Serapim,
1312 684 1351 722 in
1372 685 1499 735 primo

119 766 156 790 ιο
174 751 282 790 aditu
312 751 586 801 vestibuloque
616 751 761 801 templi.
823 752 944 800 Quod
977 750 1051 788 nisi
1089 751 1275 788 Metellus
1308 750 1384 787 hoc
1418 757 1499 787 tam

174 816 338 867 graviter
375 817 515 866 egisset
553 824 671 867 atque
711 817 815 854 illam
855 830 935 855 rem
968 816 1133 867 imperio
1171 815 1382 865 edictoque
1415 829 1500 866 pro-

175 882 377 930 hibuisset,
397 882 602 933 vestigium
627 890 840 921 statuarum
870 882 979 920 istius
1010 881 1049 919 in
1079 889 1160 920 tota
1190 880 1322 919 Sicilia
1347 882 1499 919 nullum

174 954 276 985 esset
296 946 484 985 relictum.

228 1014 359 1062 Atque
393 1026 465 1062 ego
500 1014 576 1051 hoc
606 1026 686 1051 non
716 1025 860 1059 vereor,
892 1025 942 1050 ne
972 1011 1067 1061 quid
1097 1012 1237 1049 horum
1267 1025 1349 1050 non
1379 1012 1501 1050 modo
1524 1020 1579 1052 161

117 1090 153 1122 15
175 1077 344 1128 impulsu
366 1091 500 1116 verum
531 1078 696 1116 omnino
716 1079 888 1116 adventu
918 1090 1008 1115 meo
1028 1078 1175 1114 factum
1205 1090 1290 1115 esse
1310 1075 1497 1115 videatur.

176 1142 322 1181 Omnia
351 1142 424 1180 ista
449 1151 541 1181 ante
566 1144 669 1181 facta
695 1150 785 1181 sunt
812 1155 892 1180 non
923 1143 1045 1180 modo
1074 1155 1192 1190 quam
1214 1155 1287 1191 ego
1314 1140 1497 1188 Siciliam,

175 1221 308 1246 verum
334 1208 451 1246 etiam
473 1221 592 1258 quarn
616 1208 687 1246 iste
710 1207 864 1245 Italiam
885 1206 1022 1256 attigit.
1082 1208 1191 1244 Dum
1212 1219 1284 1256 ego
1309 1205 1348 1244 in
1370 1206 1501 1244 Sicilia

175 1286 273 1319 sum,
307 1275 412 1311 nulla
445 1280 571 1311 statua
602 1273 755 1311 deiecta
784 1280 865 1310 est:
900 1280 1160 1322 posteaquam
1194 1271 1302 1310 illinc
1334 1271 1501 1319 decessi,

176 1351 277 1388 quae
326 1338 403 1376 sint
458 1346 566 1388 gesta
623 1337 859 1387 cognoscite.
937 1336 1286 1386 Centuripinorum
1343 1344 1500 1375 senatus
1522 1342 1574 1388 67

117 1419 158 1440 20
176 1402 348 1441 decrevit
382 1405 629 1453 populusque
663 1402 773 1440 iussit
811 1409 863 1449 ut,
901 1415 1002 1451 quae
1033 1409 1184 1440 statuae
1215 1400 1346 1440 Verris
1379 1401 1501 1451 ipsius

175 1475 213 1506 et
252 1467 369 1518 patris
403 1468 485 1506 eius
520 1475 557 1506 et
596 1467 663 1505 filii
695 1474 835 1513 essent,
870 1480 934 1505 eas
969 1474 1195 1516 quaestores
1228 1465 1501 1505 demoliendas

175 1534 359 1579 locarent,
392 1534 569 1583 dumque
603 1546 649 1573 ea
677 1531 882 1571 demolitio
912 1533 1031 1578 fieret,
1061 1539 1260 1570 senatores
1288 1545 1337 1570 ne
1371 1531 1500 1569 minus

176 1600 330 1650 triginta
350 1601 544 1639 adessent.
589 1599 733 1638 Videte
754 1599 981 1649 gravitatem
1004 1598 1169 1637 civitatis
1189 1612 1235 1636 ac
1256 1598 1498 1648 dignitatem.

176 1666 318 1714 Neque
351 1678 415 1703 eas
447 1664 486 1702 in
516 1665 612 1703 urbe
641 1678 710 1702 sua
739 1671 885 1702 statuas
915 1677 999 1701 esse
1029 1664 1235 1701 voluerunt
1264 1676 1362 1712 quas
1392 1663 1502 1701 inviti

119 1744 155 1775 25
176 1743 244 1780 per
274 1730 352 1767 vim
390 1737 508 1779 atque
547 1729 754 1779 imperium
794 1728 1009 1775 dedissent,
1043 1742 1173 1778 neque
1211 1727 1294 1766 eius
1329 1728 1501 1766 hominis

176 1795 215 1832 in
255 1808 372 1844 quern
413 1794 485 1844 ipsi
523 1808 613 1833 cum
651 1793 879 1844 gravissimo
918 1792 1144 1831 testimonio
1183 1792 1351 1842 publice,
1393 1794 1501 1842 quod

175 1873 392 1909 numquam
426 1866 550 1905 antea,
589 1860 760 1896 Romam
799 1859 985 1896 mandata
1018 1859 1246 1908 legatosque
1280 1857 1501 1905 misissent,

175 1932 213 1962 et
252 1924 291 1962 id
329 1923 481 1973 gravius
515 1937 600 1962 esse
634 1930 820 1973 putarunt
847 1923 878 1961 si
909 1922 1070 1973 publico
1105 1922 1281 1970 consilio,
1315 1936 1434 1972 quam
1470 1923 1501 1961 si

222 2038 235 2058 1
263 2028 304 2058 de
321 2039 384 2058 om.
403 2027 469 2068 qu
601 2037 619 2065 4
646 2037 710 2057 non
729 2037 794 2057 om.
818 2025 877 2056 CO
1002 2036 1021 2065 5
1047 2032 1080 2057 et
1099 2025 1189 2063 (ante
1205 2027 1399 2066 commune)
1421 2026 1502 2057 CO:

176 2082 241 2102 om.
263 2071 325 2102 rell.
492 2071 513 2101 6
537 2070 613 2100 illuc
633 2069 660 2100 C
674 2069 758 2102 rell.:
786 2069 852 2100 illic
871 2069 911 2100 Ol
1076 2071 1096 2100 8
1120 2070 1208 2100 illius
1227 2069 1355 2100 Ccodd.
1375 2081 1382 2100 :
1405 2070 1501 2101 istius

175 2114 245 2145 edd.
391 2115 429 2143 18
453 2114 583 2145 decessi
604 2113 652 2144 C:
677 2113 819 2144 discessi
836 2113 881 2152 pb
897 2112 965 2143 edd.
986 2113 1080 2147 <Dia
1101 2116 1116 2150 ξ
1136 2124 1177 2143 2:
1202 2113 1223 2142 ii
1244 2117 1258 2151 ξ
1280 2123 1362 2152 172:
1390 2123 1412 2143 v
1432 2117 1446 2150 ξ
1467 2115 1500 2152 7)

179 2167 218 2196 19
242 2158 308 2187 sint
323 2157 369 2188 C:
393 2162 469 2187 sunt
481 2157 526 2197 pb
539 2156 608 2187 edd.
714 2167 755 2187 20
778 2156 894 2187 Verris
911 2156 955 2187 C:
982 2156 1017 2187 C.
1036 2157 1151 2187 Verris
1169 2156 1235 2187 rell.
1254 2156 1324 2186 edd.
1345 2156 1444 2193 (Am.
1461 2157 1499 2194 J.

175 2200 240 2231 Ph.
256 2201 345 2231 xxvi.
366 2201 445 2238 412)
615 2210 654 2230 21
682 2199 754 2229 eius
773 2198 866 2231 CO²z
891 2210 956 2229 om.
978 2200 1043 2231 rell.
1215 2210 1256 2229 22
1281 2200 1409 2230 molitio
1428 2199 1500 2230 CO¹

176 2254 219 2273 ne
237 2244 345 2274 minus
363 2244 499 2281 triginta
518 2243 597 2282 COq
615 2254 622 2273 z
646 2242 720 2273 ffi
739 2253 782 2273 ne
801 2245 884 2284 <non
901 2243 933 2279 b)
951 2243 1060 2273 minus
1073 2243 1138 2283 pbk
1239 2253 1280 2282 25
1304 2243 1376 2274 eius
1392 2253 1458 2273 om.
1480 2254 1501 2272 π

177 2288 217 2316 28
242 2287 273 2317 id
291 2298 355 2318 om.
377 2287 435 2318 CO

10 2683 14 2705 l

10 2708 14 2734 l
