1715 2734
144 99 413 139 ACTIONIS
444 99 505 136 IN
535 98 580 137 C.
603 99 844 135 VERREM
876 98 1174 136 SECVNDAE
1206 99 1310 136 LIB.
1334 99 1352 135 I
1391 99 1448 145 46
1470 112 1526 135 121

126 222 298 258 nequam
313 208 540 258 reliquisset.
591 209 705 257 Quae
718 222 791 258 ego
804 222 885 247 non
898 221 1448 258 commemorarem‚—neque

125 274 231 312 enim
253 275 446 323 perfacete
473 273 578 311 dicta
598 286 726 322 neque
753 287 868 322 porro
889 275 962 311 hac
983 273 1185 310 severitate
1206 272 1324 322 digna
1345 280 1445 320 sunt,

125 339 252 376 —nisi
274 352 342 377 vos
363 339 459 376 illud
480 340 620 376 vellem
648 339 852 385 recordari,
876 339 985 377 istius
1004 338 1218 388 nequitiam
1243 346 1281 376 et
1310 338 1448 387 iniqui-

125 411 244 442 tatem
266 411 349 441 tum
370 403 411 440 in
426 416 493 441 ore
508 403 610 452 vulgi
631 411 749 453 atque
770 404 809 441 in
831 404 1109 442 communibus
1129 401 1343 453 proverbiis
1364 415 1449 441 esse

85 484 102 516 5
123 477 326 507 versatam.

179 536 225 572 In
254 535 412 583 plebem
441 548 532 572 vero
563 536 786 573 Romanam
817 543 946 573 utrum
976 534 1198 585 superbiam
1219 534 1325 584 prius
1346 547 1449 571 com—

123 612 337 637 memorem
358 613 408 637 an
438 599 739 637 crudelitatem?
796 600 888 638 Sine
916 600 1040 638 dubio
1070 598 1278 637 crudelitas
1299 612 1450 648 gravior

121 672 179 702 est
195 672 314 713 atque
331 664 509 702 atrocior.
570 665 779 703 Oblitosne
806 664 921 714 igitur
949 666 1021 702 hos
1048 663 1193 714 putatis
1223 677 1308 701 esse
1329 676 1446 713 quern

119 731 171 767 ad
192 731 356 767 modum
386 730 434 766 sit
466 729 537 767 iste
567 730 703 767 solitus
733 729 846 779 virgis
876 730 1032 779 plebem
1065 731 1289 767 Romanam
1320 728 1447 766 conci-

11 795 14 842 }
63 813 101 833 10
120 795 243 834 dere?
301 795 431 844 Quam
455 806 535 832 rem
566 792 683 832 etiam
706 792 883 832 tribunus
914 794 1039 844 plebis
1070 793 1109 831 in
1140 792 1326 831 contione
1355 792 1443 842 egit,

120 873 210 898 cum
231 872 322 898 eum
343 872 462 910 quem
485 858 557 897 iste
587 858 701 909 virgis
731 857 925 897 ceciderat
956 860 994 896 in
1024 865 1281 908 conspectum
1310 856 1445 907 populi

120 924 292 961 Romani
324 923 534 973 produxit3
577 923 688 961 cuius
715 924 769 961 rei
799 925 1142 973 recognoscendae
1169 922 1308 960 faciam
1333 922 1445 960 vobis

117 1002 190 1026 suo
220 996 397 1037 tempore
431 996 676 1038 potestatem.
747 988 938 1039 Superbia
966 1001 1057 1026 vero
1087 1002 1188 1038 quae
1216 987 1328 1025 fuerit
1358 987 1444 1037 quis
1471 997 1529 1027 ¹23

116 1052 296 1102 ignorat?
326 1066 444 1102 quem
471 1054 521 1091 ad
543 1054 706 1091 modum
728 1053 800 1091 iste
833 1053 1108 1091 tenuissimum
1136 1066 1334 1102 quemque
1354 1066 1445 1091 con-

12 1111 17 1124 “
60 1134 97 1166 15
116 1117 327 1167 tempserit,
357 1117 587 1167 despexerit,
617 1117 782 1155 liberum
805 1131 889 1156 esse
917 1131 1134 1167 numquam
1160 1118 1342 1155 duxerit?
1400 1119 1440 1155 P.

115 1178 338 1220 Trebonius
368 1182 470 1220 viros
493 1183 620 1220 bonos
642 1190 679 1220 et
700 1184 888 1220 honestos
909 1182 1121 1232 compluris
1142 1182 1233 1220 fecit
1249 1183 1413 1220 heredes
1432 1197 1441 1230 3

115 1246 155 1284 in
176 1246 221 1284 iis
236 1247 327 1285 fecit
343 1260 457 1284 suum
478 1247 671 1284 libertum.
733 1249 772 1285 Is
789 1250 835 1285 A.
855 1247 1099 1285 Trebonium
1122 1248 1275 1284 fratrem
1297 1248 1442 1285 habue-

114 1320 170 1349 rat
191 1311 460 1361 proscriptum.
522 1312 569 1350 Ei
599 1325 690 1350 cum
711 1320 870 1350 cautum
892 1314 1017 1358 vellet,
1041 1312 1193 1361 scripsit
1214 1320 1255 1349 ut
1276 1313 1441 1351 heredes

113 1376 281 1414 iurarent
320 1390 360 1414 se
394 1384 593 1415 curaturos
623 1385 665 1415 ut
695 1391 741 1415 ex
771 1391 841 1415 sua
873 1377 1064 1426 cuiusque
1090 1384 1198 1426 parte
1229 1390 1279 1414 ne
1310 1377 1440 1415 minus

55 1458 93 1478 20
112 1441 320 1480 dimidium
350 1443 401 1480 ad
426 1444 473 1479 A.
505 1442 750 1480 Trebonium
776 1443 885 1480 illurn
920 1442 1177 1492 proscriptum
1208 1442 1436 1491 perveniret.

13 1496 17 1502 ⁸
114 1506 294 1544 Libertus
315 1506 412 1544 iurat
430 1521 440 1553 3
460 1506 577 1545 ceteri
590 1508 756 1546 heredes
773 1509 920 1545 adeunt
934 1508 984 1545 ad
1002 1509 1177 1553 Verrem,
1195 1507 1341 1544 docent
1358 1520 1438 1545 non

111 1578 291 1620 oportere
311 1584 352 1608 se
373 1570 412 1609 id
433 1571 557 1609 iurare
578 1573 747 1610 facturos
779 1585 864 1610 esse
892 1572 1000 1621 quod
1027 1578 1161 1608 contra
1186 1572 1314 1620 legem
1345 1572 1438 1610 Cor-

111 1635 254 1673 neliam
275 1644 388 1682 esset,
411 1650 511 1685 quae
539 1637 799 1687 proscriptum
821 1637 941 1674 iuvari
964 1643 1108 1673 vetaret
1129 1650 1135 1677 3
1166 1635 1375 1684 impetrant
1396 1644 1437 1674 ut

111 1714 160 1738 ne
181 1699 332 1746 iurent3
360 1701 427 1738 dat
448 1700 507 1738 his
529 1701 829 1751 possessionem.
891 1702 938 1738 Id
960 1713 1032 1749 ego
1062 1713 1141 1737 non
1164 1701 1436 1749 reprehendo,-

53 1778 90 1809 25
111 1765 256 1803 etenim
286 1773 366 1803 erat
393 1765 571 1815 iniquum
599 1767 749 1804 homini
774 1765 991 1816 proscripto
1024 1764 1152 1813 egenti
1180 1765 1229 1802 de
1260 1765 1435 1802 fraternis

111 1831 224 1868 bonis
256 1831 468 1880 quicquam
498 1831 590 1869 dari.
652 1831 844 1877 Libertus,
868 1830 942 1868 nisi
964 1844 1009 1868 ex
1030 1837 1265 1867 testamento
1282 1829 1435 1879 patroni

109 1895 282 1941 iurasset,
311 1898 436 1933 scelus
454 1900 505 1934 'se
541 1897 734 1934 facturum
762 1896 1045 1941 arbitrabatur3
1077 1894 1208 1943 itaque
1235 1894 1269 1932 ei
1295 1896 1434 1933 Verres
1459 1905 1518 1936 124

1468 515 1520 553 47

1473 576 1530 597 122

153 2010 172 2029 2
197 2000 366 2038 perfacete
387 2000 415 2029 ls'
430 1999 489 2039 Lg.
511 2010 572 2036 42:
597 1999 757 2038 perfacile
772 2005 794 2040 p
808 2000 872 2030 rell.
1044 2009 1063 2037 3
1090 2004 1122 2029 et
1141 1999 1346 2037 iniquitatem
1366 2004 1435 2029 tum

104 2047 128 2082 p
144 2042 208 2072 rell.
229 2054 235 2071 ε
260 2054 325 2073 om.
349 2043 379 2072 V
495 2055 513 2080 4
539 2042 630 2081 v==lgi
651 2042 682 2071 V
801 2053 839 2073 10
863 2048 903 2073 tr.
924 2043 967 2082 pl.
990 2043 1150 2081 Quintius
1171 2042 1199 2070 Γ
1310 2053 1344 2072 11
1372 2043 1435 2073 iste

108 2086 211 2124 virgis
233 2086 292 2115 Vn
309 2099 314 2116 :
339 2087 442 2125 virgis
460 2087 523 2116 iste
540 2087 576 2115 [25
660 2096 696 2115 12
723 2087 939 2124 produxisset
956 2087 987 2116 V
1002 2086 1172 2118 (Zielinski
1182 2091 1215 2125 sn
1239 2086 1312 2124 193)
1398 2095 1435 2124 14

109 2129 171 2159 iste
192 2129 332 2159 VPmsc.
351 2142 355 2159 :
382 2131 408 2159 is
423 2132 463 2169 p&
556 2131 593 2159 16
617 2130 794 2168 conplures
811 2129 896 2160 Vhr:
923 2131 1037 2169 plures
1052 2136 1096 2169 pq
1192 2139 1227 2166 17
1253 2129 1292 2158 iis
1312 2128 1357 2158 V:
1385 2129 1435 2159 his

102 2177 127 2211 p
144 2173 207 2202 rell.
316 2173 348 2203 Is
363 2173 485 2203 Aulum
498 2178 523 2212 p
634 2182 675 2202 20
700 2173 742 2202 A.
758 2173 820 2212 prb
838 2185 844 2203 :
871 2184 937 2203 om.
962 2173 1009 2212 Vq
1111 2173 1248 2202 fratrem
1267 2172 1359 2202 illum
1374 2172 1434 2202 nb:

107 2215 198 2245 illum
220 2215 329 2246 Vedd.
468 2227 508 2245 22
533 2217 565 2246 id
584 2217 730 2256 iurarep
748 2218 801 2255 (ut
817 2218 896 2247 coni.
913 2217 1023 2246 Klolz‘
1045 2228 1050 2245 :
1076 2217 1230 2245 adiurare
1251 2214 1298 2244 V:
1324 2216 1435 2245 iurare

108 2259 141 2288 id
157 2269 213 2297 qr:
239 2260 350 2289 iurare
369 2259 431 2289 rell.
537 2266 670 2289 acturos
692 2258 723 2288 V
865 2271 905 2299 23
931 2264 1061 2290 vetaret
1082 2258 1111 2287 V
1125 2262 1162 2288 ut
1173 2258 1317 2288 videtur:
1342 2264 1435 2289 vetat

102 2307 126 2340 p
144 2302 207 2332 rell.
321 2312 361 2341 25
386 2303 508 2333 inicum
529 2303 559 2331 V
660 2304 700 2332 26
727 2303 880 2333 Libertus
901 2303 1014 2333 Vedd.
1036 2314 1041 2331 :
1066 2307 1099 2332 at
1117 2302 1172 2331 ille
1192 2302 1332 2332 libertus
1350 2314 1368 2331 r
1384 2305 1438 2341 (ut

107 2346 185 2374 coni.
206 2346 325 2376 Ernst:
352 2351 384 2376 ct
404 2346 457 2376 ille
476 2348 530 2376 lib.
549 2352 570 2385 p
585 2346 649 2376 rell.

152 2398 215 2419 cxc.
234 2399 312 2419 vnn.
1329 2389 1347 2421 7
