1715 2734
165 135 188 172 7
213 129 249 161 16
572 125 629 162 M.
660 124 828 161 TVLLI
861 124 1167 163 CICERONIS

207 238 329 276 homo
349 237 599 287 pecuniosus,
623 245 701 275 tam
724 237 791 276 diu
812 238 862 276 ab
886 237 960 275 isto
986 245 1159 276 maneret
1181 237 1330 288 integer
1347 253 1357 285 ,-
1386 238 1537 288 excogi-

207 302 302 340 tavit
331 304 465 342 nescio
494 303 600 353 quid,
626 304 742 340 nescio
770 304 867 352 quid
891 302 1048 350 attulit3
1076 304 1254 353 profecto
1284 304 1406 341 homo
1427 303 1536 342 dives

207 376 367 417 repente
384 382 407 406 a
423 370 543 406 Verre
564 382 644 406 non
667 367 750 406 sinc
766 382 884 406 causa
904 368 1067 406 citatur!
1111 369 1363 418 Exspectatio
1384 382 1538 407 summa

207 432 385 471 omnium
415 433 606 483 quidnam
637 433 677 472 id
707 441 819 480 esset,
843 447 933 472 cum
960 433 1202 472 exanimatus
1223 433 1355 472 subito
1376 435 1458 483 ipse
1478 447 1538 472 ac—

207 497 323 536 currit
353 512 443 536 cum
473 499 726 537 adulescente
756 499 862 546 filio,
892 513 983 537 nam
1014 507 1122 549 pater
1151 499 1308 549 grandis
1338 507 1431 537 natu
1460 499 1537 537 iam

150 570 188 606 17
207 561 275 601 diu
291 564 394 601 lecto
415 563 631 601 tenebatur.
680 563 871 602 Nominat
893 563 964 602 iste
986 577 1150 610 servum,
1168 577 1286 614 quem
1309 563 1536 613 magistrum

206 628 358 677 pecoris
380 641 465 666 esse
490 629 664 675 diceret,
693 641 783 666 eum
812 628 907 666 dicit
935 629 1161 668 coniurasse
1189 637 1227 668 et
1253 629 1418 667 familias
1446 642 1538 667 con-

206 692 448 740 citasse,—is
472 692 637 731 omnino
658 706 790 731 servus
811 695 849 731 in
872 693 1017 732 familia
1038 708 1118 731 non
1141 702 1384 741 erat‚—eum
1406 693 1537 731 statim

208 757 380 796 exhiberi
414 758 532 796 iubet.
591 759 828 808 Apollonius
863 760 1069 797 adfirmare
1103 772 1143 797 se
1178 759 1342 797 omnino
1374 758 1537 796 nomine

208 821 275 860 illo
295 836 448 861 servum
470 823 616 861 habere
644 825 843 861 neminem
861 839 869 862 z
898 824 970 862 iste
996 824 1199 861 hominem
1230 823 1354 873 abripi
1376 836 1398 861 a
1420 822 1537 860 tribu-

208 887 286 925 nali
317 895 355 926 et
385 889 423 925 in
454 902 649 926 carcerem
681 888 808 926 conici
834 889 952 927 iubet.
1013 889 1193 927 Clamare
1223 889 1298 936 ille,
1321 902 1411 926 cum
1433 901 1539 938 rape-

207 960 321 1000 retur,
345 953 441 991 nihil
472 967 513 992 se
543 953 728 992 miserum
759 955 907 1001 fecisse,
931 954 1029 992 nihil
1051 953 1306 1001 commisisse,
1329 953 1538 1004 pecuniam

207 1018 280 1057 sibi
302 1031 387 1057 esse
404 1018 442 1056 in
460 1018 699 1065 nominibus,
719 1026 963 1058 numeratam
986 1020 1024 1056 in
1046 1018 1266 1069 praesentia
1286 1032 1366 1056 non
1381 1018 1536 1056 habere.

209 1084 323 1121 Haec
355 1096 446 1121 cum
478 1084 647 1121 maxime
680 1097 835 1122 summa
866 1084 1074 1121 hominum
1109 1083 1327 1133 frequentia
1359 1083 1540 1122 testifica-

207 1155 320 1196 retur,
345 1155 387 1186 ut
408 1148 535 1198 quivis
557 1149 780 1199 intellegere
806 1157 939 1199 posset
967 1163 1069 1195 eum,
1094 1150 1202 1199 quod
1224 1150 1431 1199 pecuniam
1457 1162 1537 1186 non

206 1215 390 1260 dedisset,
410 1214 556 1252 idcirco
578 1214 642 1251 illa
662 1221 741 1252 tam
763 1214 905 1252 acerba
920 1213 1060 1252 iniuria
1075 1215 1339 1252 adfici—cum
1358 1212 1537 1259 maxime,

208 1286 250 1317 ut
271 1280 373 1326 dico,
398 1280 474 1317 hoc
495 1280 545 1318 de
566 1278 734 1329 pecunia
754 1280 950 1326 clamaret,
973 1280 1012 1317 in
1033 1279 1161 1317 vincla
1181 1278 1382 1317 coniectus
1404 1286 1472 1317 est.

263 1344 406 1384 Videte
429 1345 690 1384 constantiam
712 1344 912 1395 praetoris,
937 1352 974 1383 et
1000 1345 1082 1383 eius
1111 1346 1297 1395 praetoris
1325 1345 1391 1394 qui
1418 1343 1457 1381 in
1479 1343 1538 1381 his

209 1409 324 1447 rebus
364 1423 443 1447 non
485 1410 536 1448 ita
573 1411 808 1448 defendatur
847 1417 888 1447 ut
928 1409 1137 1448 mediocris
1176 1417 1340 1460 praetor,
1383 1411 1452 1448 sed
1488 1409 1540 1447 ita

208 1475 388 1513 laudetur
427 1482 468 1513 ut
507 1475 680 1525 optimus
720 1475 940 1525 imperator.
1005 1477 1109 1514 Cum
1150 1489 1348 1514 servorum
1390 1476 1537 1514 bellum

208 1547 455 1587 metueretur,
480 1554 560 1590 quo
589 1540 784 1591 supplicio
814 1541 999 1580 dominos
1034 1541 1285 1580 indemnatos
1313 1541 1536 1587 adficiebat,

207 1606 284 1644 hoc
323 1619 455 1644 servos
492 1607 701 1645 damnatos
745 1606 960 1645 liberabat:
1018 1607 1288 1656 Apollonium,
1334 1606 1536 1645 hominem

207 1670 570 1720 locupletissimum,
595 1670 674 1721 qui,
705 1671 736 1709 si
767 1671 916 1721 fugitivi
947 1671 1094 1710 bellum
1125 1671 1164 1709 in
1195 1671 1324 1710 Sicilia
1353 1672 1536 1718 facerent,

207 1735 467 1786 amplissimas
502 1737 677 1774 fortunas
714 1736 920 1783 amitteret,
962 1735 1053 1774 belli
1087 1735 1337 1786 fugitivorum
1376 1734 1538 1773 nomine

208 1799 355 1838 indicta
376 1813 493 1838 causa
514 1800 553 1838 in
575 1800 704 1839 vincla
733 1801 926 1839 coniecit:
959 1814 1101 1847 serVOS,
1126 1814 1225 1850 quos
1256 1802 1338 1851 ipse
1365 1802 1417 1839 de
1447 1814 1537 1839 con-

208 1864 268 1902 sili
288 1864 482 1903 sententia
503 1865 594 1904 belli
622 1865 792 1904 faciendi
824 1879 942 1904 causa
972 1865 1218 1904 consensisse
1249 1865 1445 1912 iudicavit,
1468 1878 1536 1904 eos

208 1928 293 1967 sine
320 1931 457 1967 consili
483 1931 678 1968 sententia
709 1944 778 1968 sua
808 1938 949 1980 sponte
978 1930 1087 1968 omni
1120 1931 1313 1980 supplicio
1348 1930 1535 1969 liberavit.

152 2009 190 2042 19
209 1994 348 2043 Quid?
388 1996 418 2032 si
449 1995 598 2045 aliquid
633 1996 682 2034 ab
714 1998 928 2046 Apollonio
961 1996 1215 2034 commissum
1249 2003 1307 2034 est
1336 2008 1454 2045 quam
1485 1996 1537 2033 ob

208 2073 289 2099 rem
319 2061 359 2098 in
389 2074 479 2099 eum
510 2062 591 2100 iure
620 2061 1003 2108 animadverteretur,
1027 2069 1213 2099 tamenne
1242 2062 1343 2099 hanc
1373 2074 1453 2099 rem
1482 2061 1537 2098 sic

153 1381 190 1411 18

251 2174 270 2193 2
294 2164 409 2194 nescio
440 2164 520 2202 quid
556 2164 685 2194 addidi:
727 2176 846 2203 (rxcog.
880 2165 995 2195 nescio
1028 2164 1106 2203 quid
1139 2165 1250 2194 attulit
1279 2163 1368 2194 RSW
1386 2176 1392 2194 :
1427 2163 1537 2195 attulit

209 2207 362 2246 profecto
386 2218 504 2246 excog.
525 2208 640 2238 nescio
658 2209 737 2247 quid
758 2222 777 2238 π
812 2208 902 2248 scdp
917 2220 991 2239 cum
1007 2208 1112 2247 sigm's
1127 2208 1268 2250 lransp.)
1289 2213 1317 2238 ct
1327 2208 1373 2238 sic
1393 2207 1537 2238 Thomas

208 2249 267 2281 del.
295 2251 499 2289 excogitavit
632 2263 651 2290 4
677 2253 822 2282 omnium
844 2254 887 2292 χιδ
914 2252 1055 2289 (fluent.
1083 2255 1099 2290 5
1128 2253 1208 2290 75&
1245 2251 1417 2282 hominum
1444 2249 1536 2281 st

207 2293 242 2331 (ξ
263 2303 302 2332 75
319 2294 421 2332 infra)
579 2305 596 2333 7
621 2296 747 2325 diecret
766 2296 853 2327 ιιιιίᾶ.
871 2309 877 2327 t
905 2295 1093 2335 dicebawt
1110 2295 1203 2325 Serv.
1223 2294 1270 2325 ad
1283 2295 1368 2324 Aen.
1384 2294 1440 2325 xii.
1460 2303 1531 2333 717,

207 2335 373 2374 Zielinski,
387 2343 420 2377 p.
442 2348 500 2377 197
654 2340 691 2368 18
716 2345 747 2369 et
768 2339 840 2368 cius
859 2340 1022 2378 praetoris
1039 2350 1102 2369 om.
1125 2338 1218 2369 RSW
1329 2338 1382 2367 his
1399 2337 1446 2376 Sfi
1464 2348 1470 2366 ε
1495 2337 1535 2367 iis

208 2379 264 2410 R:
299 2391 362 2411 om.
390 2383 405 2409 δ
538 2391 578 2420 25
603 2383 644 2412 de
669 2382 796 2411 consilii
823 2383 991 2412 sententia
1016 2381 1133 2412 Lamb.
1155 2394 1161 2412 τ
1187 2383 1228 2412 de
1253 2381 1396 2412 consilio
1420 2379 1532 2411 RSw:

209 2434 283 2454 curn
301 2424 443 2454 consilio
458 2427 499 2466 pb
518 2426 616 2463 (fort.
635 2436 707 2455 cum
725 2426 866 2455 consilio
885 2450 891 2456 .
913 2449 920 2456 .
941 2449 947 2456 .
969 2426 1044 2455 sine
1062 2425 1222 2465 consilio)

1557 513 1574 544 5

1560 836 1595 858 10

1560 1164 1596 1195 Ι5

1559 1487 1599 1509 20

1560 1814 1594 1844 25
