1715 2734
157 51 425 90 ACTIONIS
456 51 517 88 IN
548 51 594 89 C.
617 50 857 87 VERREM
888 49 1185 88 SECVNDAE
1216 51 1319 87 LIB.
1342 52 1378 86 V
1424 59 1478 97 59

155 160 296 211 partim
322 160 450 199 socios
480 174 582 207 suos,
606 160 745 210 partim
768 159 941 206 libertos,
961 159 1099 209 partim
1129 159 1366 198 conlibertos
1392 174 1477 209 spo-

154 225 266 263 liatos
295 225 335 263 in
364 225 491 263 vincla
515 224 726 271 coniectos,
748 224 887 274 partim
915 224 955 261 in
978 223 1115 261 vinclis
1143 231 1313 270 necatos,
1337 225 1477 274 partim

153 291 277 328 securi
298 303 502 340 percussos
524 302 608 327 esse
629 289 775 327 dicunt.
837 288 916 326 Hic
932 287 1022 326 vide
1042 301 1160 338 quam
1182 302 1245 326 me
1267 289 1316 326 sis
1338 303 1476 327 usurus

151 368 288 404 aequo.
349 356 453 394 Cum
481 367 554 404 ego
583 356 624 391 P.
655 353 844 391 Granium
872 360 1012 391 testem
1042 354 1263 402 produxero
1293 353 1360 403 qui
1385 367 1476 391 suos

113 432 129 464 5
150 419 309 458 libertos
329 420 399 457 abs
420 426 457 457 te
478 418 602 457 securi
623 431 826 468 percussos
847 431 931 456 esse
952 417 1067 463 dicat,
1091 417 1158 467 qui
1178 418 1248 455 abs
1271 426 1307 456 te
1336 432 1475 456 navem

150 497 261 522 suam
282 497 510 533 mercesque
537 491 700 533 repetat,
719 482 892 528 refellito‚
917 482 946 520 si
975 482 1119 531 poteris
1138 497 1146 529 ;
1176 496 1308 520 meum
1335 491 1474 521 testem

149 549 339 595 deseram,
362 548 433 587 tibi
460 548 610 595 favebo,
644 556 691 595 te,
726 547 897 597 inquam,
921 547 1142 594 adiuvabo,
1172 548 1370 586 ostendito
1388 548 1474 586 illos

149 627 239 652 cum
273 613 443 652 Sertorio
474 613 603 660 fuisse,
633 614 684 651 ab
720 612 864 650 Dianio
894 612 1075 661 fugientis
1109 614 1160 651 ad
1190 612 1360 651 Siciliam
1389 627 1473 652 esse

148 679 309 717 delatos.
370 677 478 716 Nihil
498 686 557 716 est
576 679 684 727 quod
712 685 749 715 te
780 679 935 715 mallem
967 678 1155 726 probare,
1185 679 1336 715 nullum
1365 678 1471 716 enim

90 755 128 777 10
147 742 298 781 facinus
327 743 435 793 quod
474 742 620 780 maiore
650 742 843 792 supplicio
877 741 1039 791 dignum
1075 741 1122 779 sit
1153 742 1310 792 reperiri
1342 756 1471 792 neque

147 807 306 857 proferri
353 814 491 857 potest.
563 808 769 845 Reducam
817 806 956 844 iterum
1005 808 1179 856 equitem
1228 808 1468 854 Romanum,

148 873 191 909 L.
224 871 410 918 Flavium,
447 872 477 909 si
509 873 625 918 voles,
655 871 840 921 quoniam
875 871 1000 921 priore
1025 872 1290 919 actione,-—ut
1317 865 1470 922 patroni

147 935 202 974 tui
225 936 415 984 dictitant,
439 951 540 975 nova
569 937 739 986 quadam
770 936 969 986 sapientia,
993 944 1035 974 ut
1059 950 1196 975 omnes
1227 936 1467 986 intellegunt,

146 1001 386 1039 conscientia
409 1009 475 1039 tua
494 1008 613 1051 atque
638 1001 869 1039 auctoritate
895 1014 1072 1038 meorum
1100 1000 1468 1047 testium,—testem

88 1078 122 1110 15
145 1067 296 1103 nullum
317 1065 570 1115 interrogasti.
630 1067 894 1115 Interrogetur
918 1065 1087 1113 Flavius,
1108 1065 1139 1103 si
1166 1067 1283 1112 voles,
1307 1066 1468 1116 quinam

144 1130 257 1168 fuerit
277 1132 322 1167 T.
347 1130 584 1176 Herennius,
607 1129 638 1167 is
665 1144 783 1179 quem
811 1130 875 1168 ille
900 1130 1157 1180 argentariam
1187 1130 1301 1180 Lepti
1331 1131 1468 1170 fecisse

144 1194 238 1232 dicit
254 1209 264 1242 3
292 1194 469 1244 quicum
493 1194 660 1244 amplius
687 1202 846 1233 centum
874 1194 967 1233 civis
999 1196 1203 1233 Romanos
1233 1195 1395 1233 haberet
1422 1210 1468 1234 ex

144 1268 341 1298 conventu
362 1261 606 1309 Syracusano
626 1259 692 1309 qui
714 1273 804 1298 eum
830 1273 909 1298 non
939 1261 1066 1298 solum
1088 1269 1370 1310 cognoscerent
1397 1263 1467 1299 sed

143 1324 260 1362 etiam
291 1324 536 1363 lacrimantes
570 1338 615 1362 ac
655 1332 693 1363 te
732 1324 985 1375 implorantes
1024 1326 1292 1373 defenderent,
1334 1334 1465 1365 tamen

83 1406 122 1427 20
143 1389 452 1439 inspectantibus
499 1389 683 1428 omnibus
731 1390 929 1439 Syracusis
969 1390 1093 1429 securi
1140 1404 1347 1440 percussus
1394 1400 1462 1430 est.

144 1455 266 1492 Hunc
303 1467 462 1504 quoque
493 1461 632 1492 testem
671 1468 803 1493 meum
841 1456 962 1493 refelli
994 1463 1031 1494 et
1070 1455 1179 1493 illum
1215 1457 1464 1495 Herennium

142 1518 405 1557 Sertorianum
435 1518 552 1557 fuisse
580 1519 651 1557 abs
681 1527 718 1557 te
748 1520 1005 1557 demonstrari
1036 1527 1074 1558 et
1104 1520 1260 1570 probari
1289 1523 1389 1559 volo.

195 1583 303 1632 Quid
337 1585 387 1622 de
418 1583 483 1621 illa
514 1583 765 1622 multitudine
799 1584 976 1623 dicemus
1011 1598 1146 1623 eorum
1177 1585 1243 1634 qui
1269 1586 1463 1635 capitibus

141 1647 323 1686 involutis
353 1648 391 1685 in
422 1648 631 1698 piratarum
661 1648 903 1698 captivorum
934 1663 1099 1687 numero
1130 1650 1460 1699 producebantur,

81 1728 119 1758 25
141 1720 182 1750 ut
212 1712 336 1750 securi
367 1713 596 1751 ferirentur?
653 1714 766 1762 Quae
796 1713 867 1751 ista
897 1727 998 1752 nova
1028 1714 1237 1763 diligentia,
1261 1728 1380 1764 quam
1410 1717 1463 1754 ob

140 1791 297 1815 causam
318 1777 387 1814 abs
408 1785 445 1815 te
466 1778 710 1828 excogitata?
739 1791 788 1816 an
819 1785 857 1816 te
885 1780 927 1816 L.
952 1778 1060 1816 Flavi
1084 1786 1382 1829 ceterorumque
1411 1782 1462 1819 de

140 1845 185 1880 T.
223 1842 428 1880 Herennio
461 1843 686 1882 vociferatio
713 1845 1018 1882 commovebat?
1056 1858 1106 1882 an
1141 1847 1196 1883 M.
1233 1846 1350 1894 Anni,
1381 1860 1461 1896 gra-

139 1907 284 1945 vissimi
322 1915 439 1956 atque
473 1907 738 1946 honestissimi
775 1908 855 1955 viri,
897 1922 1051 1947 summa
1088 1908 1297 1947 auctoritas
1342 1912 1459 1960 paulo

139 1971 423 2021 diligentiorem
454 1971 769 2022 timidioremque
799 1974 970 2012 fecerat?
1010 1973 1076 2023 qui
1106 1987 1229 2023 nuper
1258 1987 1328 2023 pro
1357 1975 1459 2012 testi-

77 2051 118 2083 30
140 2036 274 2074 monio
305 2050 385 2074 non
416 2038 606 2075 advenam
640 2037 773 2075 nescio
802 2051 920 2087 quem
952 2051 1024 2076 nec
1052 2037 1235 2084 alienum,
1268 2040 1337 2076 sed
1367 2053 1457 2077 eum

180 2151 198 2169 2
223 2141 343 2179 partim
371 2164 377 2170 .
406 2164 412 2170 .
443 2165 449 2171 .
477 2146 612 2171 necatos
636 2151 702 2171 om.
729 2141 822 2171 RSW
997 2153 1016 2181 3
1041 2143 1155 2174 dicunt
1180 2143 1265 2174 RS:
1301 2144 1413 2174 dicent
1432 2149 1458 2184 p

136 2192 156 2221 5
173 2193 192 2213 a
209 2189 241 2213 te
261 2184 336 2222 (bisl
359 2185 374 2212 δ
462 2185 481 2213 8
505 2195 523 2214 a
543 2184 664 2214 Dianio
682 2186 697 2213 δ
786 2196 806 2223 9
830 2185 940 2216 malim
958 2187 974 2215 δ
1067 2189 1105 2216 16
1128 2187 1165 2217 T.
1184 2187 1268 2226 SDp
1282 2193 1309 2217 et
1326 2198 1403 2217 corr.
1423 2187 1457 2217 R

136 2227 249 2262 (etiam
265 2226 284 2256 I.
304 2228 359 2265 27*ae
377 2239 383 2256 :
409 2227 445 2258 L.
467 2227 548 2267 Rpr.
652 2229 690 2258 18
715 2228 928 2268 Syracusano
945 2228 1063 2261 RSD:
1089 2240 1240 2260 -anorum
1260 2230 1326 2270 R²p
1413 2241 1456 2261 ρο

137 2269 420 2309 SyracusisRSv
435 2282 442 2300 :
467 2272 552 2301 -anis
566 2272 629 2311 pk&
645 2270 715 2302 edd.

177 2366 239 2386 cre.
257 2366 335 2388 VER.
1324 2366 1367 2395 29

1502 66 1560 98 154

1483 1569 1542 1605 60

1486 1626 1546 1666 156
