1715 2734
156 83 422 121 ACTIONIS
455 84 515 120 IN
547 83 590 121 C.
614 83 856 120 VERREM
887 82 1186 122 SECVNDAE
1217 82 1319 119 LIB.
1345 82 1387 118 II
1431 86 1561 129 74183

154 195 224 232 sed
255 207 334 244 quo
369 201 519 233 tantum
555 194 626 232 tibi
657 205 758 244 opus
789 193 914 242 fuerit,
947 193 988 234 id
1027 207 1185 244 quaero.
1245 192 1397 233 Omitto
1429 193 1478 232 de

154 260 279 305 melle,
311 260 381 298 sed
415 267 620 297 tantumne
651 260 933 307 Melitensium,
965 259 1076 310 quasi
1111 259 1229 297 etiam
1260 258 1477 297 amicorum

153 336 302 370 uxores,
347 331 499 361 tanturn
540 325 742 371 lectorum,
789 324 900 374 quasi
944 323 1122 362 omnium
1166 323 1330 361 istorum
1369 323 1478 361 villas

153 395 356 425 ornaturus
384 390 516 427 esses?
574 391 625 426 Et
651 402 742 427 cum
769 390 866 427 haec
897 401 1111 438 paucorum
1142 400 1351 425 mensuum
1381 387 1478 426 ratio
1499 366 1561 457 ΖΞ

114 466 131 497 5
152 451 191 489 in
230 452 289 489 his
322 452 462 491 libellis
497 452 555 499 sit,
589 452 704 491 facite
738 461 781 491 ut
815 453 926 492 vobis
960 451 1100 490 trienni
1133 451 1251 490 totius
1278 450 1408 489 veniat
1439 451 1478 488 in

152 525 336 556 mentem.
396 518 459 557 Sic
489 521 704 567 contendo,
734 533 780 558 ex
809 519 869 557 his
899 517 1025 568 parvis
1055 517 1195 556 libellis
1224 517 1330 567 apud
1355 530 1477 554 unum

152 582 376 632 magistrum
409 583 605 622 societatis
644 583 804 633 repertis
839 597 907 621 vos
942 583 1019 621 iam
1051 581 1277 620 coniectura
1314 580 1477 630 adsequi

151 661 266 697 posse
292 647 403 685 cuius
431 647 539 686 modi
566 649 714 698 praedo
735 647 807 686 iste
828 647 867 685 in
894 647 960 685 illa
980 645 1182 697 provincia
1210 644 1337 693 fuerit,
1358 658 1477 695 quam

152 713 292 750 multas
324 712 570 762 cupiditates,
604 726 724 762 quarn
756 712 890 760 varias,
928 725 1046 762 quam
1082 710 1252 748 infinitas
1284 709 1475 756 habuerit,

94 793 132 813 10
151 785 339 826 quantam
366 777 575 827 pecuniam
597 791 677 816 non
703 779 830 816 solum
852 784 1110 824 numeratam,
1131 788 1266 813 verum
1293 774 1412 813 etiam
1434 774 1473 812 in

151 841 313 880 huiusce
346 842 455 880 modi
489 843 604 880 rebus
636 842 806 892 positam
841 841 1077 889 confecerit,
1116 853 1216 891 quae
1250 839 1361 878 vobis
1399 839 1476 878 alio

149 908 238 945 loco
284 906 438 957 planius
485 906 793 956 explicabuntur.
853 908 971 945 Nunc
1018 908 1095 944 hoc
1137 904 1337 943 attendite.
1399 904 1476 942 His
1500 909 1560 950 185

151 971 485 1021 exportationibus
519 985 621 1021 quae
653 971 836 1010 recitatae
871 979 961 1009 sunt
990 970 1125 1009 scribit
1159 971 1230 1008 HS
1263 974 1313 1007 si
1347 969 1475 1008 socios

149 1035 366 1086 perdidisse
395 1050 441 1074 ex
464 1036 679 1074 vicensima
707 1036 854 1086 portori
881 1035 1090 1086 Syracusis.
1151 1034 1333 1073 Pauculis
1362 1034 1477 1084 igitur

92 1116 128 1147 15
150 1100 361 1148 mensibus,
393 1108 436 1139 ut
465 1101 505 1139 hi
535 1101 665 1151 pusilli
695 1109 732 1140 et
763 1101 980 1151 contempti
1010 1100 1131 1138 libelli
1161 1099 1346 1146 indicant,
1376 1101 1476 1138 furta

148 1166 345 1215 praetoris,
366 1179 466 1215 quae
483 1173 612 1204 essent
630 1167 700 1204 HS
716 1167 822 1213 Effe—c,
845 1180 891 1204 ex
912 1179 992 1204 uno
1008 1165 1156 1215 oppido
1172 1166 1256 1203 solo
1276 1172 1476 1215 exportata

149 1238 248 1268 sunt.
309 1230 489 1280 Cogitate
517 1244 783 1278 nunc,—cum
813 1230 877 1268 illa
907 1229 1037 1269 Sicilia
1067 1229 1128 1276 sit,
1158 1231 1233 1267 hoc
1263 1237 1320 1267 est
1348 1228 1476 1268 insula

148 1309 249 1345 quae
280 1295 456 1345 undique
489 1295 614 1333 exitus
653 1295 868 1334 maritimos
905 1294 1215 1344 habeat,—quid
1254 1308 1300 1332 ex
1337 1294 1474 1333 ceteris

148 1360 244 1398 locis
275 1368 520 1410 exportatum
550 1359 709 1410 putetis,
744 1360 840 1410 quid
875 1359 1099 1410 Agrigento,
1138 1359 1232 1409 quid
1272 1359 1475 1408 Lilybaeo,

88 1441 128 1463 20
148 1425 243 1475 quid
264 1426 500 1472 Panhormo,
523 1424 619 1474 quid
644 1425 837 1472 Thermis,
867 1424 963 1475 quid
986 1426 1170 1471 Halaesa,
1194 1424 1289 1473 quid
1318 1424 1474 1472 Catina,

146 1491 243 1541 quid
268 1505 315 1529 ex
338 1490 475 1528 ceteris
501 1489 670 1540 oppidis,
692 1489 790 1539 quid
808 1503 900 1528 vero
930 1491 1125 1535 Messana,
1157 1502 1275 1538 quem
1300 1488 1372 1526 iste
1398 1488 1473 1527 sibi

146 1558 275 1594 locum
301 1555 468 1593 maxime
497 1562 626 1593 tutum
655 1569 741 1593 esse
769 1555 1037 1601 arbitrabatur,
1068 1554 1135 1593 ubi
1160 1553 1292 1592 animo
1319 1567 1473 1604 semper

146 1623 274 1659 soluto
304 1620 506 1670 liberoque
533 1628 625 1667 erat,
653 1621 762 1670 quod
787 1620 861 1658 sibi
887 1619 960 1658 iste
990 1619 1248 1657 Mamertinos
1277 1620 1472 1668 delegerat

145 1688 196 1724 ad
217 1699 316 1736 quos
344 1685 477 1724 omnia
505 1699 606 1735 quae
625 1693 694 1723 aut
720 1685 946 1736 diligentius
968 1686 1158 1724 servanda
1185 1692 1251 1722 aut
1280 1684 1471 1722 occultius

86 1764 123 1796 ²5
147 1752 387 1801 exportanda
420 1758 533 1788 erant
567 1752 799 1800 deportaret.
862 1750 938 1788 His
976 1750 1144 1788 inventis
1180 1749 1318 1787 libellis
1353 1749 1470 1787 ceteri

146 1816 283 1855 remoti
304 1824 342 1854 et
371 1814 596 1866 diligentius
626 1824 716 1853 sunt
746 1815 963 1863 reconditi,
998 1829 1069 1853 nos
1096 1823 1238 1860 tamen,
1263 1821 1304 1852 ut
1332 1827 1469 1852 ornnes

144 1881 369 1931 intellegant
397 1881 473 1918 hoc
499 1894 573 1918 nos
600 1880 685 1919 sine
714 1880 931 1931 cupiditate
960 1894 1083 1930 agere,
1117 1879 1176 1917 his
1209 1878 1300 1929 ipsis
1328 1878 1467 1917 libellis

142 1946 317 1986 contenti
330 1960 481 1986 sumus.
1484 1978 1538 2025 ⁷6

196 2013 313 2049 Nunc
346 2013 397 2049 ad
428 2010 623 2049 sociorum
652 2011 805 2049 tabulas
836 2011 988 2061 accepti
1014 2019 1052 2049 et
1084 2009 1253 2060 expensi,
1286 2022 1382 2059 quas
1413 2023 1466 2048 re·
1489 2039 1548 2070 186

83 2092 120 2121 50
142 2090 298 2115 movere
319 2078 483 2114 honeste
504 2078 613 2114 nullo
638 2077 760 2115 modo
780 2084 1001 2127 potuerunt,
1025 2084 1063 2115 et
1083 2077 1133 2114 ad
1154 2075 1325 2113 amicum
1353 2082 1463 2113 tuum

188 2185 200 2204 1
231 2174 356 2204 Omitto
374 2172 438 2212 O¹q
454 2186 460 2204 :
485 2174 580 2204 mitto
595 2179 617 2213 p
633 2173 697 2204 rell.
790 2185 809 2203 2
833 2178 1010 2204 tantumne
1026 2179 1047 2212 p
1065 2173 1129 2203 rell.
1148 2184 1154 2203 ι
1180 2177 1306 2203 tantum
1326 2171 1357 2202 Ο
1443 2183 1463 2210 4

143 2218 183 2247 Et
204 2218 244 2247 Οι
263 2230 268 2248 ;
295 2229 361 2248 om.
383 2217 446 2248 rell.
540 2227 691 2247 mensum
711 2216 759 2247 C:
783 2218 946 2247 mensium
968 2216 1036 2247 edd.
1171 2217 1192 2245 6
1214 2215 1335 2245 libellis
1353 2215 1462 2254 parvis

143 2261 172 2291 O
274 2271 308 2290 11
337 2263 369 2291 in
388 2261 618 2291 huiuscemodi
631 2267 655 2300 p
674 2260 778 2297 (eius-
796 2259 856 2290 O‘:
884 2261 917 2290 in
935 2260 1126 2290 huiusmodi
1146 2270 1204 2299 qr:
1229 2259 1461 2289 huiuscemodi

141 2303 174 2334 in
194 2304 259 2335 edd.
423 2314 459 2343 13
486 2305 546 2335 HS
566 2303 624 2334 DC
641 2303 699 2333 εΟ1
867 2305 904 2333 16
929 2313 1041 2334 -οο-ςει
1062 2303 1129 2333 cO:
1155 2302 1374 2342 duodeciesp
1391 2302 1458 2333 rell.

140 2358 180 2377 22
205 2358 280 2378 esse
299 2346 350 2378 O:
375 2358 439 2378 om.
461 2348 525 2378 rell.
1314 2388 1371 2419 13*
