1715 2734
122 58 158 85 11

112 434 155 461 12

113 565 152 597 29

102 1672 143 1702 30

179 55 217 86 28
545 51 600 88 M.
633 51 802 88 TVLLI
834 50 1142 90 CICERONIS

175 160 371 210 lambere;
406 175 497 200 nam
526 163 576 201 de
604 170 803 202 conventu
831 163 983 201 nullum
1014 176 1203 213 umquam
1230 163 1403 203 iudicem
1431 178 1506 204 nec

174 234 487 276 recuperatorem
509 227 619 266 dedit
636 242 646 275 3
675 227 832 277 iniquos
857 228 1088 266 decumanis
1112 227 1243 267 aiebat
1270 229 1399 268 omnis
1421 243 1506 269 esse

174 290 240 340 qui
263 292 381 330 ullam
403 292 482 342 agri
502 292 657 342 glebam
680 291 938 342 possiderent.
988 292 1242 332 Veniendum
1264 301 1345 331 erat
1365 294 1416 332 ad
1437 307 1505 332 eos

174 363 310 394 contra
331 357 551 407 Apronium
574 357 640 407 qui
672 358 850 396 nondum
874 357 1090 408 Aproniani
1119 358 1274 397 convivi
1305 360 1504 409 crapulam

174 422 431 460 exhalassent.
492 424 528 461 O
550 423 790 472 praeclarum
812 430 850 461 et
871 424 1266 462 commemorandum
1289 423 1480 462 iudicium
1498 427 1504 462 l

173 500 198 524 0
218 499 396 525 severum
418 487 592 526 edictum
611 490 617 525 1
648 501 673 525 o
693 494 821 525 tutum
843 487 1063 538 perfugium
1085 495 1281 526 aratorum
1299 491 1305 526 1

225 553 358 602 Atque
379 560 421 591 ut
442 553 674 602 intellegatis
697 552 807 591 cuius
830 552 938 591 modi
960 552 1032 591 ista
1057 552 1202 591 iudicia
1224 552 1261 591 in
1284 555 1501 604 octuplum,

170 617 281 667 cuius
310 618 417 656 modi
448 617 558 656 istius
585 618 636 656 de
663 619 826 656 cohorte
856 624 1147 667 recuperatores
1176 617 1385 656 existimati
1413 618 1499 665 sint,

170 681 225 720 sic
253 682 457 721 attendite.
519 684 698 732 Ecquem
734 682 880 732 putatis
910 683 1189 730 decumanum,
1232 683 1305 721 hac
1345 682 1503 722 licentia

169 747 357 797 permissa
395 755 437 785 ut
472 754 625 785 tantum
657 748 708 785 ab
746 755 898 786 aratore
929 755 1122 798 quantum
1158 747 1404 798 poposcisset
1438 762 1502 786 au-

168 813 294 859 ferret,
316 813 403 862 plus
425 825 542 862 quam
565 812 776 850 deberetur
802 811 1063 862 poposcisse?
1121 812 1380 852 Considerate
1408 826 1500 851 cum

166 876 301 915 vestris
328 876 470 915 animis
491 885 644 915 vosmet
672 877 743 928 ipsi
772 891 938 927 ecquem
968 877 1124 927 putetiS‚
1149 877 1375 927 praesertim
1406 891 1498 916 cum

165 941 204 981 id
235 956 315 981 non
346 943 473 981 solum
503 941 663 980 avaritia
691 943 760 981 sed
786 942 904 981 etiam
932 942 1197 992 imprudentia
1223 942 1403 981 accidere
1431 955 1498 992 po-

164 1007 289 1046 tuerit.
352 1008 503 1045 Multos
533 1021 694 1046 necesse
724 1015 793 1046 est.
852 1009 906 1045 At
935 1021 1009 1057 ego
1038 1006 1168 1045 omnis
1198 1006 1289 1046 dico
1321 1009 1418 1056 plus,
1451 1021 1497 1046 ac

165 1073 289 1110 multo
319 1073 417 1122 plus,
442 1086 561 1122 quam
589 1074 799 1111 decumam
829 1071 1048 1111 abstulisse.
1110 1073 1224 1111 Cedo
1251 1071 1347 1110 mihi
1373 1086 1495 1110 unum

163 1151 209 1176 ex
257 1137 425 1176 triennio
474 1145 677 1188 praeturae
726 1145 816 1177 tuae
863 1137 931 1188 qui
978 1136 1127 1188 octupli
1175 1138 1385 1176 damnatus
1434 1137 1494 1176 sit.

165 1204 416 1241 Damnatus?
458 1202 583 1241 immo
612 1216 703 1241 vero
737 1203 776 1241 in
807 1216 926 1252 quem
956 1202 1146 1242 iudicium
1179 1215 1225 1241 ex
1260 1202 1392 1241 edicto
1427 1210 1496 1241 tuo

163 1268 404 1318 postulatum
426 1267 484 1306 sit.
547 1269 679 1307 Nemo
700 1275 780 1306 erat
801 1267 983 1307 videlicet
1004 1276 1201 1306 aratorum
1224 1267 1291 1318 qui
1314 1267 1494 1305 iniuriam

162 1333 235 1371 sibi
270 1334 413 1371 factam
448 1332 557 1383 queri
592 1341 734 1383 posset,
772 1346 891 1371 nemo
923 1334 1235 1372 decumanorum
1271 1332 1339 1383 qui
1372 1345 1494 1382 grano

161 1398 329 1448 amplius
350 1397 425 1436 sibi
445 1411 564 1448 quam
587 1398 796 1437 deberetur
816 1397 951 1437 deberi
973 1399 1170 1448 professus
1193 1405 1305 1437 esset.
1362 1399 1494 1437 Immo

162 1477 254 1501 vero
296 1471 433 1501 contra
481 1463 656 1513 rapiebat
699 1471 737 1502 et
774 1463 1000 1513 asportabat
1041 1470 1232 1513 quantum
1271 1477 1294 1501 a
1333 1476 1493 1513 quoque

160 1528 317 1566 volebat
339 1527 549 1578 Aproiiiu8‚
573 1527 759 1567 omnibus
785 1536 917 1567 autem
946 1528 1041 1567 locis
1069 1536 1239 1567 aratores
1267 1527 1422 1578 spoliati
1446 1541 1492 1567 ac

161 1593 285 1631 vexati
303 1592 568 1643 querebantur
584 1609 591 1640 3
618 1607 747 1643 neque
765 1601 895 1632 tamen
914 1595 1036 1632 ullum
1059 1593 1248 1632 iudicium
1267 1593 1488 1643 reperietur.

162 1658 271 1707 Quid
298 1666 356 1697 est
383 1660 489 1697 hoc?
545 1660 622 1696 Tot
644 1658 712 1696 viri
743 1660 860 1697 fortes
890 1658 1046 1698 honesti
1076 1658 1247 1708 gratiosi,
1269 1665 1326 1696 tot
1356 1657 1487 1705 Siculi,

160 1731 217 1762 tot
247 1723 397 1773 equites
430 1723 612 1770 Romani,
641 1723 691 1762 ab
721 1723 883 1762 homine
913 1724 1156 1774 nequissimo
1186 1737 1233 1762 ac
1263 1723 1489 1773 turpissimo
1511 1739 1525 1759 2

159 1788 252 1827 laesi
280 1801 449 1839 poenam
477 1787 626 1838 octupli
654 1787 738 1826 sine
765 1790 843 1827 ulla
863 1789 1110 1828 dubitatione
1132 1788 1385 1827 commissam
1407 1801 1487 1826 non

158 1854 523 1904 persequebantur?
584 1854 698 1902 Quae
732 1867 860 1901 causa,
895 1868 996 1905 quae
1031 1854 1128 1893 ratio
1163 1856 1254 1893 est?
1297 1867 1375 1892 una
1410 1853 1488 1901 illa,

158 1918 321 1967 iudices,
342 1932 461 1969 quarn
482 1918 636 1965 videtis,
657 1920 766 1968 quod
792 1920 893 1957 ultro
914 1919 1031 1958 etiam
1054 1919 1202 1958 inlusos
1227 1932 1268 1958 se
1289 1926 1327 1958 et
1348 1918 1486 1957 inrisos

202 2032 220 2052 2
245 2022 354 2052 aiebat
380 2021 489 2052 omnis
513 2032 589 2052 csse
611 2022 660 2052 V:
702 2033 776 2053 esse
801 2023 911 2053 aiebat
936 2033 1053 2053 omncs
1078 2033 1154 2052 csse
1174 2022 1227 2052 O:
1273 2032 1350 2052 csse
1375 2022 1486 2054 aicbat

157 2076 274 2096 omnes
290 2066 326 2095 ck
344 2066 425 2101 (11th
441 2068 478 2106 p)
500 2076 506 2095 :
531 2076 647 2096 omncs
665 2066 797 2096 dicebat
815 2076 891 2096 esse
910 2078 929 2095 π
1013 2077 1031 2104 4
1057 2067 1204 2096 nondum
1227 2065 1305 2095 VO:
1337 2067 1484 2096 nondum

156 2109 256 2139 ctiam
271 2114 295 2149 p
314 2109 378 2139 rell.
493 2120 514 2148 9
540 2110 759 2139 decumanum
780 2110 906 2149 putatis
927 2110 956 2140 O
1071 2119 1108 2147 13
1133 2109 1267 2139 avaritia
1290 2109 1386 2138 VcO:
1410 2110 1484 2139 sine

157 2152 295 2183 avaritia
310 2158 333 2192 s>
350 2152 416 2183 rell.
580 2163 615 2190 14
643 2163 681 2183 ac
699 2153 800 2183 multo
819 2153 893 2192 plus
915 2153 988 2182 ΗΟ
1004 2164 1010 2182 :
1034 2164 1100 2182 om.
1122 2153 1188 2182 rell.
1212 2152 1320 2182 *halaa
1333 2157 1356 2191 s>
1373 2153 1483 2182 omnis

156 2195 231 2235 plus
249 2207 348 2235 quam
367 2197 438 2226 dee.
459 2196 540 2227 abst.
565 2195 681 2226 mediis
698 2197 842 2233 omissis„
954 2205 991 2234 15
1016 2197 1188 2226 decumam
1211 2195 1289 2225 VO:
1308 2205 1359 2224 »as
1371 2200 1396 2234 p
1414 2195 1479 2226 rell.

155 2249 198 2269 20
221 2239 283 2269 sibi
302 2250 400 2279 quam
424 2240 470 2279 Vp
487 2239 572 2271 ›*cll.:
597 2250 693 2278 quam
714 2240 775 2270 sibi
796 2239 826 2269 O
987 2249 1027 2277 24
1053 2244 1103 2269 tot
1124 2242 1210 2277 &ante
1226 2239 1303 2276 viri)
1321 2238 1392 2268 cO:
1413 2249 1479 2269 om.

156 2282 222 2313 rell.
351 2284 392 2313 28
418 2283 533 2313 irrisos
550 2282 637 2312 cOk:
663 2282 774 2314 irritos
786 2288 810 2323 p
828 2282 893 2313 rell.

1526 441 1543 472 5

1526 764 1560 787 10

1520 1090 1555 1120 15

1516 1411 1555 1433 20
