1715 2734
140 110 199 157 46
222 128 280 159 103
587 112 645 149 M.
675 111 844 149 TVLLI
875 112 1184 152 CICERONIS

216 234 297 260 non
314 222 429 271 longe
446 220 485 259 in
499 219 774 271 promunturio
795 221 930 258 fanum
952 228 1010 258 est
1029 220 1194 259 Iunonis
1207 221 1426 271 antiquum,
1442 224 1552 272 quod

215 294 324 325 tanta
354 286 542 337 religione
562 299 717 335 semper
737 284 810 323 fuit
835 292 876 323 ut
904 299 985 324 non
1010 287 1133 325 modo
1159 285 1234 324 illis
1256 285 1418 325 Punicis
1439 287 1551 326 bellis

215 365 318 402 quae
339 352 377 389 in
399 351 458 390 his
482 353 560 390 fere
581 350 677 389 locis
709 350 836 389 navali
858 350 973 401 copia
992 359 1101 401 gesta
1128 359 1248 401 atque
1268 359 1419 390 versata
1447 359 1549 399 sunt,

215 418 285 457 sed
316 417 433 456 etiarn
469 418 542 455 hac
572 416 818 466 praedonum
850 415 1103 454 multitudine
1137 429 1291 466 semper
1320 416 1551 454 inviolatum

216 490 476 532 sanctumque
493 481 616 520 fuerit.
669 480 777 529 Quin
794 480 912 519 etiam
933 482 1010 519 hoc
1031 480 1243 519 memoriae
1259 481 1458 531 proditum
1480 488 1549 528 est,
1571 496 1588 526 5

216 550 340 587 classe
371 548 575 598 quondam
614 546 849 585 Masinissae
881 545 980 597 regis
1013 547 1065 584 ad
1100 559 1190 584 eum
1224 548 1354 584 locum
1386 548 1552 596 adpulsa

216 614 458 663 praefectum
489 611 637 661 regium
659 612 789 649 dentis
810 612 1006 650 eburneos
1027 611 1248 650 incredibili
1280 611 1552 661 magnitudine

217 692 239 716 e
260 679 351 716 fano
377 676 580 715 sustulisse
608 683 646 714 et
672 689 739 714 eos
766 675 805 714 in
834 675 1008 714 Africam
1033 683 1208 726 portasse
1238 675 1552 726 Masinissaeque

217 743 396 781 donasse.
458 744 609 791 Regem
626 740 754 791 primo
774 742 1014 780 delectatum
1035 755 1120 780 esse
1146 754 1332 789 munere3
1361 750 1460 792 post,
1483 743 1551 781 ubi

217 806 391 845 audisset
412 808 519 845 unde
540 813 681 854 essent,
706 806 837 845 statim
865 814 991 845 certos
1013 806 1194 845 homines
1216 806 1255 844 in
1277 806 1551 857 quinqueremi
1573 819 1610 841 10

219 871 370 909 misisse
400 871 465 921 qui
497 885 564 909 eos
591 870 721 909 dentis
747 879 992 921 reponerent.
1056 873 1196 921 Itaque
1218 871 1257 909 in
1288 871 1333 909 iis
1363 872 1552 922 scripturn

217 938 353 974 litteris
384 937 543 974 Punicis
574 937 645 974 fuit
674 950 804 986 regem
838 937 1088 974 Masinissam
1125 937 1415 986 imprudentem
1445 950 1553 976 acce-

218 1003 331 1052 pisse,
356 1015 395 1040 re
415 1002 572 1051 cognita
593 1003 851 1051 reportandos
879 1002 1211 1051 reponendosque
1231 1015 1397 1039 curasse.
1460 1003 1552 1040 Erat

218 1074 418 1117 praeterea
455 1080 597 1116 magna
627 1067 684 1104 vis
716 1067 855 1112 eboris,
893 1067 1017 1104 multa
1055 1074 1296 1112 ornamenta,
1334 1067 1372 1103 in
1407 1066 1551 1116 quibus

218 1132 414 1171 eburneae
437 1131 634 1170 Victoriae
654 1133 820 1182 antiquo
844 1145 962 1181 opere
991 1145 1037 1169 ac
1062 1145 1218 1169 summa
1240 1139 1321 1170 arte
1342 1133 1547 1181 perfectae.
1572 1148 1610 1179 15

138 1211 199 1242 104
220 1198 334 1235 Haec
365 1196 436 1235 iste
466 1196 611 1243 omnia,
635 1210 684 1234 ne
715 1195 846 1234 multis
878 1209 1016 1242 morer,
1039 1209 1121 1234 uno
1150 1195 1301 1245 impetu
1331 1203 1450 1246 atque
1471 1210 1552 1234 uno

219 1261 360 1300 nuntio
391 1276 459 1312 per
490 1275 622 1300 servos
657 1261 861 1308 Venerios,
891 1274 991 1311 quos
1025 1260 1110 1300 eius
1141 1260 1195 1299 rei
1229 1274 1348 1299 causa
1381 1260 1553 1309 miserat,

219 1328 395 1366 tollenda
415 1334 533 1377 atque
554 1328 794 1377 asportanda
814 1326 973 1365 curavit.

148 1402 200 1442 47
277 1395 350 1431 Pro
380 1393 419 1432 di
450 1393 718 1431 immortales!
754 1406 873 1442 quem
900 1406 973 1443 ego
999 1392 1203 1431 hominem
1228 1394 1404 1431 accuso?
1433 1406 1552 1442 quem

219 1459 370 1509 legibus
391 1466 458 1497 aut
479 1457 651 1497 iudiciali
674 1458 755 1496 iure
777 1459 1022 1508 persequor?
1052 1459 1102 1496 de
1124 1471 1204 1508 quo
1225 1472 1294 1497 vos
1315 1458 1550 1497 sententiam
1572 1473 1611 1495 πο

219 1538 287 1574 per
327 1524 512 1563 tabellam
552 1522 714 1562 feretis?
778 1523 927 1561 Dicunt
967 1523 1081 1573 legati
1124 1523 1355 1562 Melitenses
1394 1510 1552 1573 publice

219 1590 430 1640 spoliatum
461 1590 655 1639 templum
684 1602 769 1627 esse
801 1588 978 1634 Iunonis,
1004 1588 1101 1626 nihil
1132 1588 1249 1627 istum
1280 1588 1319 1626 in
1351 1588 1553 1639 religiosis-

218 1656 319 1694 simo
341 1657 432 1693 fano
452 1653 680 1704 reliquisse;
709 1668 828 1704 quem
850 1654 889 1692 in
906 1656 1038 1693 locum
1060 1656 1204 1693 classes
1232 1654 1405 1693 hostium
1435 1668 1552 1705 saepe

216 1719 464 1766 accesserint,
480 1719 547 1758 ubi
569 1719 715 1770 piratae
736 1721 814 1758 fere
836 1719 1048 1770 quotannis
1069 1719 1242 1758 hiemare
1263 1721 1426 1767 soleant,
1442 1720 1550 1770 quod

218 1800 347 1837 neque
368 1786 515 1836 praedo
535 1784 686 1823 violarit
715 1793 807 1824 ante
837 1799 967 1836 neque
997 1799 1186 1836 umquam
1217 1785 1340 1823 hostis
1369 1784 1548 1835 attigerit,
1570 1797 1607 1829 25

218 1851 258 1891 id
287 1852 338 1890 ab
368 1864 449 1889 uno
480 1850 554 1888 isto
583 1850 639 1888 sic
669 1851 880 1901 spoliatum
912 1865 997 1890 esse
1027 1859 1069 1890 ut
1099 1851 1196 1889 nihil
1227 1851 1391 1890 omnino
1421 1851 1469 1890 sit
1499 1865 1552 1890 re-

218 1917 367 1956 lictum.
430 1915 509 1954 Hic
542 1929 648 1954 nunc
683 1916 755 1955 iste
788 1930 875 1955 reus
906 1924 974 1955 aut
1015 1929 1089 1967 ego
1127 1924 1333 1956 accusator
1370 1924 1438 1955 aut
1475 1917 1552 1955 hoc

219 1981 410 2022 iudicium
449 1981 742 2032 appellabitur?
802 1982 1045 2022 Criminibus
1085 1981 1191 2021 enirn
1227 1981 1449 2032 coarguitur
1486 1989 1552 2020 aut

264 2098 283 2126 4
309 2087 343 2118 in
360 2087 421 2118 hac
434 2088 476 2127 pB
577 2098 611 2118 11
641 2091 857 2127 reportarent
872 2088 888 2117 δ
904 2087 940 2129 (l.
964 2088 1017 2126 13)
1137 2086 1331 2127 inscriptum
1347 2088 1406 2127 pr5
1425 2086 1478 2125 (§§
1496 2096 1548 2126 97,

224 2131 301 2171 127)
406 2141 442 2170 13
470 2132 694 2170 reportandos
707 2132 993 2171 reponendosque
1005 2130 1123 2169 Halm,
1139 2130 1208 2161 cdd.
1229 2142 1235 2160 z
1263 2130 1552 2170 reportandosque

222 2174 267 2212 R,
301 2175 522 2213 reportandos
555 2174 620 2205 SD
645 2179 673 2204 cl
700 2175 776 2214 pler.
815 2177 869 2215 (ἓξ
898 2185 949 2214 23,
986 2185 1046 2213 140
1061 2185 1068 2204 :
1102 2185 1133 2210 v,
1166 2178 1181 2211 ξ
1211 2174 1269 2212 44)
1289 2186 1295 2204 :
1332 2174 1552 2213 preponendo

223 2219 520 2257 restituendosque
533 2223 594 2257 pr:
629 2219 853 2257 reportandos
876 2218 1174 2257 restituendosque
1192 2217 1301 2248 Noltl:
1335 2218 1552 2256 reponendos

223 2262 518 2301 restituendosque
536 2263 552 2290 δ
728 2263 766 2291 16
792 2261 916 2301 impetu
933 2266 1034 2301 atque
1053 2271 1121 2291 uno
1137 2271 1200 2291 om.
1218 2263 1260 2300 pb
1427 2271 1469 2290 20
1494 2265 1552 2290 aut

219 2305 367 2336 iudiciali
384 2306 468 2337 RS:
493 2316 531 2336 ac
549 2306 615 2336 iud.
628 2306 671 2345 p5
690 2306 742 2343 (cf.
762 2307 776 2341 ξ
796 2306 855 2334 80N
872 2316 880 2336 ι
908 2315 946 2335 ac
959 2303 1075 2335 sociali
1092 2302 1203 2335 Cobel:
1224 2309 1326 2345 atque
1343 2315 1411 2336 soc.
1426 2303 1556 2336 Eberh.:

220 2360 258 2380 ae
276 2350 400 2379 iudicio
417 2349 531 2379 sociali
548 2350 697 2379 lla-aens
720 2349 763 2388 ji,
786 2351 800 2385 ,δ
825 2358 877 2388 15,
993 2358 1034 2387 25
1051 2354 1130 2378 ante
1147 2347 1212 2378 RS
1228 2348 1342 2388 (antae
1360 2349 1403 2383 R.
1421 2352 1472 2380 Βῆ.
1491 2349 1557 2386 SJ:

221 2398 322 2424 antea
333 2395 376 2433 pb
394 2394 426 2432 (ξ
451 2404 510 2432 132
531 2404 538 2431 ;
562 2403 592 2432 v,
614 2395 651 2430 ἐξ
670 2402 721 2431 20,
745 2393 820 2432 167)
967 2393 1008 2422 28
1031 2391 1185 2430 arguitur
1202 2391 1249 2429 Κ,
1266 2392 1369 2432 Bake,
1388 2393 1478 2423 Nohl
1492 2391 1563 2434 (sed

221 2438 259 2476 cf·
278 2447 308 2476 v,
330 2439 367 2474 ἐξ
389 2438 535 2476 74‚153)
