1715 2734
189 60 239 99 72
263 62 322 100 187
360 54 629 93 ACTIONIS
661 54 721 91 IN
753 55 798 93 C.
820 55 1062 91 VERREM
1093 33 1392 92 SECVNISAE
1423 57 1580 95 LIB.V

256 165 430 203 humana
458 179 577 203 manu
606 166 762 213 factam,
789 167 859 205 sed
890 167 941 204 de
974 166 1084 204 caelo
1114 167 1264 215 lapsam
1292 166 1580 216 arbitrarentur,

175 236 235 266 188
256 244 377 269 —vos
411 229 530 268 etiam
558 237 678 280 atque
709 230 829 269 etiam
855 230 1026 280 imploro
1052 237 1091 269 et
1119 232 1286 280 appello,
1312 231 1581 272 sanctissimae

255 295 364 343 deae,
394 308 496 344 quae
527 295 615 333 illos
651 296 882 333 Hennensis
912 297 1020 333 lacus
1050 296 1240 345 lucosque
1274 295 1455 344 incolitis,
1488 311 1580 336 cun-

254 368 419 409 ctaeque
439 359 604 407 Siciliae,
631 374 733 410 quae
758 360 855 398 mihi
884 361 1140 398 defendenda
1162 360 1305 399 tradita
1334 369 1403 409 est,
1438 362 1580 412 praesi-

252 425 364 472 detis,
402 438 425 463 a
463 425 607 475 quibus
645 425 814 464 inventis
852 425 1027 475 frugibus
1065 433 1103 463 et
1141 425 1181 463 in
1219 425 1356 464 orbem
1391 433 1616 473 terrarum5

250 491 466 529 distributis
497 504 636 529 omnes
674 498 810 541 gentes
841 504 886 529 ac
926 490 1104 529 nationes
1135 490 1251 529 vestri
1290 491 1476 542 religione
1509 506 1578 531 nu-

251 555 365 594 minis
413 556 694 604 continentur,-
744 564 895 595 ceteros
945 555 1038 594 item
1082 557 1179 595 deos
1225 557 1400 606 deasque
1447 558 1576 596 omnis

249 621 416 671 imploro
449 629 487 660 et
520 621 707 669 obtestor,
746 634 914 671 quorum
954 621 1109 671 templis
1143 628 1181 659 et
1212 621 1466 672 religionibus
1504 622 1576 661 iste

247 686 396 725 nefario
426 688 601 736 quodam
636 688 765 725 furore
794 694 832 725 et
861 685 1027 742 audacia
1050 685 1259 724 instinctus
1284 687 1433 724 bellum
1463 687 1575 725 sacri-

246 753 376 801 legum
407 765 562 802 semper
591 751 838 802 impiumque
870 750 1007 789 habuit
1040 750 1245 798 indictum,
1281 758 1334 798 ut,
1366 751 1398 789 si
1430 751 1470 789 in
1497 753 1574 790 hoc
1594 767 1634 790 10

246 831 312 856 reo
349 824 468 867 atque
502 817 542 855 in
580 818 654 855 hac
692 830 810 855 eausa
841 815 982 855 omnia
1016 829 1104 854 mea
1134 815 1297 854 consilia
1325 817 1376 854 ad
1406 817 1571 855 salutern

244 882 452 930 sociorum,
494 882 725 933 dignitatern
761 881 815 920 rei
849 881 1042 932 publicae,
1087 882 1207 919 fidem
1255 895 1385 919 meam
1423 890 1572 932 specta-

244 955 392 995 verunt,
415 948 446 987 si
466 949 615 986 nullam
635 949 686 986 ad
707 961 788 985 rem
810 946 885 984 nisi
905 948 956 984 ad
977 946 1150 984 officium
1171 954 1209 984 et
1229 945 1411 984 virtutem
1432 960 1570 985 omnes

245 1027 356 1052 meae
383 1026 499 1051 curae
524 1012 674 1063 vigiliae
701 1011 1040 1062 cogitationesque
1067 1012 1328 1058 elaborarunt,
1349 1024 1451 1060 quae
1483 1025 1571 1050 mea

244 1092 355 1117 mens
389 1078 429 1116 in
468 1077 721 1128 suscipienda
759 1090 877 1115 causa
914 1076 997 1124 fuit,
1034 1077 1133 1115 fides
1164 1076 1205 1114 in
1235 1077 1399 1126 agenda,
1430 1077 1569 1115 eadem
1592 1093 1628 1124 ¹5

161 1150 222 1190 189
242 1152 368 1182 vestra
406 1144 454 1183 sit
492 1143 532 1182 in
570 1143 807 1190 iudicanda3
853 1141 1000 1180 deinde
1034 1141 1089 1180 uti
1129 1142 1172 1181 C.
1206 1143 1381 1188 Verrem,
1417 1141 1448 1179 si
1487 1142 1569 1180 eius

241 1209 375 1247 omnia
420 1216 510 1247 sunt
549 1208 725 1247 inaudita
763 1215 801 1246 et
840 1206 1049 1257 singularia
1086 1207 1260 1245 facinora
1297 1206 1463 1253 sceleris,
1503 1220 1567 1244 au-

240 1274 387 1321 daciae,
427 1273 628 1324 perfidiae,
673 1271 858 1319 libidinis,
898 1271 1093 1319 avaritiae,
1133 1271 1384 1318 crudelitatis,
1424 1271 1565 1321 dignus

240 1340 364 1379 exitus
402 1340 486 1378 eius
526 1338 634 1377 modi
673 1338 751 1376 vita
782 1345 900 1388 atque
934 1337 1045 1375 factis
1079 1344 1207 1375 vestro
1245 1336 1393 1375 iudicio
1432 1350 1565 1376 conse-

240 1412 390 1454 quatur,
418 1404 554 1454 utique
583 1417 643 1442 res
671 1403 830 1453 publica
861 1416 1028 1452 meaque
1062 1403 1160 1440 fides
1194 1415 1272 1440 una
1299 1403 1373 1440 hac
1410 1415 1562 1440 accusa·
1585 1416 1626 1438 πο

240 1470 347 1509 tione
386 1484 473 1509 mea
521 1476 707 1508 contenta
750 1468 809 1515 sit,
850 1468 1026 1518 mihique
1064 1469 1230 1518 posthac
1269 1468 1396 1506 bonos
1434 1467 1564 1518 potius

239 1535 451 1575 defendere
479 1535 595 1573 liceat
624 1547 743 1584 quam
773 1533 974 1584 improbos
1003 1546 1186 1572 accusare
1216 1546 1376 1571 necesse
1405 1532 1464 1571 sit.

283 1651 302 1680 5
328 1640 489 1670 fructibus
506 1638 600 1670 RSW
725 1639 745 1668 6
768 1637 795 1667 si
815 1648 932 1668 omnes
951 1636 1013 1668 RS
1124 1636 1268 1667 nominis
1285 1635 1348 1667 RS
1454 1646 1491 1666 12
1515 1638 1562 1668 rei

240 1685 315 1724 pub.
336 1683 472 1723 stp:
511 1683 625 1722 populi
646 1682 790 1712 Romani
807 1683 846 1721 q&
991 1690 1028 1719 13
1052 1681 1211 1711 virtutem
1229 1680 1345 1711 RSW:
1383 1681 1560 1711 veritatem

235 1730 276 1768 ρδ
311 1729 342 1764 (ξ
379 1737 440 1765 130
470 1726 589 1766 supra)
772 1736 808 1763 14
833 1725 1049 1755 elaborarunt
1076 1723 1111 1754 K
1139 1724 1255 1764 vulga:
1296 1723 1413 1754 -abunt
1441 1723 1560 1754 RSD:

238 1772 488 1810 laboraruntp:
513 1771 630 1804 -abunt
653 1771 670 1799 δ
695 1770 740 1807 (v,
769 1772 804 1803 §55
835 1769 904 1801 126.
934 1768 1007 1806 158)
1142 1777 1184 1797 20
1208 1768 1325 1806 utique
1342 1766 1500 1807 Madwg:
1526 1773 1560 1797 ut

239 1815 271 1844 hi
288 1815 344 1854 qui
362 1814 394 1844 R
410 1826 415 1844 :
439 1818 540 1852 utque
560 1815 610 1853 pfl.
673 1812 714 1842 In
731 1811 825 1842 SDW
842 1816 887 1842 est
903 1816 938 1842 ut
956 1811 988 1841 hi
1006 1811 1126 1850 quibus
1143 1820 1198 1840 res
1214 1821 1245 1849 p.
1266 1810 1377 1850 placet
1393 1811 1560 1841 servanda

239 1867 421 1896 eorumque
438 1858 523 1887 fides
665 1866 701 1886 21
731 1856 796 1885 sint
811 1857 820 1886 3
926 1855 1072 1892 mihique
1089 1855 1229 1893 posthac
1244 1852 1352 1893 SDp:
1376 1854 1456 1884 mihi
1474 1864 1560 1893 quae

239 1902 431 1975 potestShZc
450 1901 482 1930 R
586 1910 627 1929 22
652 1898 833 1930 defendere
852 1898 985 1937 liceatp
1001 1898 1090 1938 vulg.
1112 1909 1117 1927 2
1143 1897 1327 1927 dereliceat
1344 1896 1397 1927 R:
1423 1897 1559 1928 laudare

239 1946 335 1976 liceat
417 1948 445 1973 Ψ
