1715 2734
172 64 439 104 ACTIONIS
471 64 531 102 IN
563 63 607 102 C.
630 63 870 100 VERREM
901 62 1200 101 SECVNDAE
1231 62 1334 100 LIB.
1359 63 1401 100 II
1437 62 1496 108 69
1520 67 1581 98 168

171 173 416 224 exstingere?
447 187 509 220 an,
541 186 708 223 quorum
735 180 776 210 tu
806 172 1037 211 auctoritate
1062 178 1208 210 statuas
1238 173 1497 211 cohonestare

171 246 256 276 tuas
283 245 447 276 conatus
475 250 527 284 es,
559 250 695 275 eorum
723 250 795 287 ego
822 236 1014 287 dignitate
1043 235 1337 275 accusationem
1367 251 1497 275 meam

170 303 428 353 comprobare
448 316 529 341 non
550 304 718 352 potero?

224 367 311 405 Nisi
338 369 436 405 forte
465 368 573 416 quod
604 368 710 417 apud
741 366 974 417 publicanos
1007 365 1199 416 gratiosus
1231 365 1348 413 fuisti,
1380 366 1419 404 in
1451 380 1498 405 ea
1521 372 1581 412 169

131 444 149 476 5
170 446 210 471 re
248 445 336 482 spes
375 439 412 470 te
450 431 581 482 aliqua
618 433 853 470 consolatur.
914 433 1028 481 Quae
1062 431 1184 481 gratia
1214 445 1265 469 ne
1297 431 1395 481 quid
1426 431 1497 469 tibi

170 498 356 548 prodesse
377 503 509 547 posset
530 510 603 546 ego
624 510 712 534 mea
733 496 935 546 diligentia
955 495 1124 546 perfeci3
1155 503 1197 533 ut
1218 495 1334 533 etiam
1356 495 1496 534 obesse

168 562 329 600 deberet
350 569 390 600 tu
412 569 477 600 tua
493 561 684 611 sapientia
703 561 856 599 curasti.
899 560 1057 599 Etenim
1078 574 1159 599 rem
1181 567 1314 607 totam,
1333 560 1497 607 iudices,
1517 567 1569 606 70

169 626 335 665 breviter
359 626 594 676 cognoscite.
656 628 704 664 In
732 625 921 676 scriptura
949 625 1103 664 Siciliae
1127 639 1198 675 pro
1227 625 1411 675 magistro
1438 633 1496 663 est

168 691 329 742 quidam
351 693 393 729 L.
414 691 673 741 Carpinatius,
696 691 763 741 qui
784 699 821 729 et
843 691 901 729 sui
923 698 1107 741 quaestus
1129 703 1257 737 causa,
1275 697 1314 728 et
1334 691 1496 729 fortasse

71 765 74 768 ’
111 771 149 792 10
168 757 276 806 quod
297 756 492 795 sociorum
514 756 701 794 interesse
724 755 995 802 arbitrabatur,
1020 756 1120 794 bene
1145 756 1302 805 penitus
1324 755 1363 793 in
1385 755 1495 793 istius

167 820 466 859 familiaritatem
495 834 580 859 sese
600 820 721 859 dedit.
783 822 822 858 Is
843 834 933 858 cum
955 828 1173 870 praetorem
1195 819 1341 858 circum
1363 820 1497 859 onmia

5 883 8 924 l
167 886 251 923 fora
282 892 492 923 sectaretur
526 898 656 934 neque
690 884 741 922 ab
770 898 819 922 eo
849 898 1037 934 umquam
1068 884 1299 931 discederet,
1334 884 1373 922 in
1408 899 1494 923 eam

4 941 6 950 ’
167 948 245 987 iam
280 957 437 988 venerat
464 946 804 1001 [familiaritatem]
848 947 1294 1001 consuetudinem[que]
1334 949 1374 986 in
1406 963 1496 987 ven-

167 1013 308 1053 dendis
342 1013 452 1052 istius
486 1013 652 1052 decretis
687 1021 725 1051 et
759 1012 913 1052 iudiciis
945 1013 1284 1063 transigendisque
1316 1013 1493 1063 negotiis,

4 1116 5 1127 χ
110 1094 145 1125 15
167 1086 209 1116 ut
243 1092 365 1128 prope
396 1080 491 1116 alter
525 1077 798 1116 Timarchides
829 1085 1123 1125 numeraretur5
1156 1079 1232 1116 hoc
1267 1085 1347 1116 erat
1377 1078 1494 1116 etiam
1518 1090 1580 1125 170

2 1129 6 1200 ἶ
166 1143 377 1193 capitalior,
397 1144 506 1193 quod
526 1142 633 1181 idem
653 1142 840 1193 pecunias
862 1142 907 1180 iis
928 1142 995 1191 qui
1015 1143 1066 1180 ab
1087 1142 1161 1180 isto
1181 1142 1331 1192 aliquid
1352 1157 1495 1181 merca-

166 1209 308 1247 bantur
328 1207 476 1246 faenori
501 1208 631 1246 dabat.
692 1208 750 1244 Ea
770 1214 900 1245 autem
927 1206 1141 1245 faeneratio
1165 1214 1246 1245 erat
1266 1206 1350 1245 eius
1371 1207 1491 1254 modi,

164 1272 325 1320 iudices,
367 1280 409 1311 ut
451 1272 569 1311 etiam
608 1271 639 1309 is
678 1278 863 1321 quaestus
906 1271 998 1309 huic
1037 1273 1219 1320 cederet3
1261 1285 1353 1310 nam
1397 1286 1494 1322 quas

164 1338 350 1388 pecunias
381 1338 529 1376 ferebat
557 1336 603 1374 iis
633 1349 823 1386 expensas
858 1336 1094 1386 quibuscum
1126 1338 1395 1384 contrahebat,
1429 1351 1494 1375 eas

105 1421 146 1443 20
163 1410 231 1440 aut
251 1402 400 1441 scribae
421 1402 530 1440 istius
551 1408 618 1439 aut
638 1400 881 1439 Timarchidi
902 1408 968 1439 aut
988 1401 1104 1440 etiam
1126 1401 1189 1440 isti
1210 1402 1283 1452 ipsi
1304 1403 1495 1441 referebat

162 1475 357 1518 acceptas.
416 1468 529 1506 Idem
568 1473 767 1516 praeterea
804 1466 991 1516 pecunias
1030 1466 1140 1505 istius
1172 1467 1494 1507 extraordinarias

162 1533 319 1584 grandis
343 1546 415 1571 suo
445 1531 607 1570 nornine
628 1531 910 1569 faenerabatur.
972 1531 1053 1570 Hic
1080 1532 1208 1582 primo
1230 1533 1491 1583 Carpinatius,
1517 1545 1574 1580 171

162 1607 375 1648 antequam
397 1598 436 1635 in
458 1597 567 1635 istius
588 1595 890 1635 familiaritatem
907 1604 1055 1635 tantam
1077 1597 1327 1647 pervenisset,
1345 1598 1493 1648 aliquo-

164 1664 264 1702 tiens
287 1665 338 1702 ad
359 1663 487 1701 socios
511 1662 656 1700 litteras
681 1663 731 1700 de
760 1661 870 1700 istius
894 1661 1043 1700 iniuriis
1065 1662 1248 1710 miserat3
1278 1663 1492 1703 Canuleius

104 1744 144 1776 25
164 1742 267 1775 vero,
308 1728 375 1778 qui
414 1727 453 1765 in
488 1734 602 1777 portu
637 1727 836 1775 Syracusis
866 1740 1004 1776 operas
1036 1728 1166 1773 dabat,
1200 1729 1301 1765 furta
1332 1741 1492 1778 quoque

164 1793 274 1832 istius
302 1794 495 1843 permulta
524 1790 757 1829 nominatim
782 1792 833 1829 ad
855 1792 984 1830 socios
1012 1791 1298 1842 perscripserat,
1321 1806 1368 1831 ea
1389 1807 1492 1842 quae

162 1858 246 1897 sine
275 1858 448 1908 portorio
478 1855 676 1906 Syracusis
706 1863 815 1893 erant
845 1864 1072 1905 exportata3
1104 1864 1261 1906 portum
1291 1865 1422 1896 autem
1452 1866 1491 1897 et

162 1923 392 1974 scripturam
432 1923 572 1961 eadem
615 1920 781 1959 societas
820 1921 1002 1960 habebat.
1064 1923 1125 1959 Ita
1163 1923 1310 1960 factum
1351 1930 1410 1961 est
1449 1932 1490 1961 ut

162 1995 291 2027 essent
319 1988 512 2038 permulta
535 1999 636 2036 quae
657 1999 703 2023 ex
724 1984 921 2024 societatis
941 1985 1077 2024 litteris
1102 1985 1232 2025 dicere
1252 1986 1292 2024 in
1313 1986 1430 2025 istum
1452 1996 1491 2027 et

209 2100 222 2121 1
249 2095 284 2121 tu
309 2095 394 2120 auct.
418 2088 525 2120 VCO:
557 2093 645 2119 auct.
665 2092 736 2127 tup
754 2088 818 2119 rell.
992 2098 1029 2117 12
1054 2099 1124 2118 eam
1145 2099 1209 2119 om.
1230 2088 1288 2119 CO
1452 2101 1490 2130 13

163 2134 440 2164 consuetudinem
461 2132 538 2164 CO:
572 2131 830 2162 familiaritatem
849 2131 1198 2170 consuetudinemque
1213 2137 1236 2172 p
1254 2132 1318 2162 rell.
1455 2134 1488 2164 in

162 2187 227 2208 om.
247 2179 335 2217 (post
353 2180 437 2210 -eml
457 2176 515 2206 CO
638 2177 677 2205 16
701 2173 753 2204 his
772 2174 871 2214 COpb
1007 2185 1043 2212 17
1069 2175 1165 2205 huius
1183 2176 1272 2205 modi
1292 2176 1336 2206 Cb
1451 2187 1489 2216 19

164 2220 204 2250 iis
217 2226 263 2260 p:
287 2220 314 2250 is
333 2219 397 2250 Cb:
423 2220 474 2249 his
494 2219 524 2250 O
600 2229 656 2249 eas
675 2217 703 2247 C
719 2216 795 2260 (aea
814 2217 855 2255 Ol
875 2229 880 2247 :
905 2228 969 2249 0711.
990 2218 1055 2249 rell.
1170 2229 1211 2248 20
1235 2219 1288 2249 isti
1306 2219 1369 2257 ipsi
1389 2218 1464 2249 COb
1482 2232 1489 2250 :

164 2262 227 2301 ipsi
243 2263 297 2293 isti
309 2268 333 2303 p
351 2262 417 2293 rell.
588 2272 629 2291 22
655 2262 762 2300 primo
780 2271 843 2291 om.
865 2260 924 2291 CO
1100 2271 1141 2299 23
1166 2261 1242 2293 farn.
1262 2267 1386 2292 tantam
1406 2262 1465 2294 CO
1480 2275 1487 2293 ε

166 2310 246 2337 tant.
267 2307 343 2337 farn.
358 2311 381 2346 p
399 2305 465 2336 rell.
555 2306 748 2344 perveniret
765 2316 787 2333 π
