<?xml version="1.0" encoding="UTF-8"?>
<!DOCTYPE html PUBLIC "-//W3C//DTD XHTML 1.0 Transitional//EN"
    "http://www.w3.org/TR/xhtml1/DTD/xhtml1-transitional.dtd">
<html xmlns="http://www.w3.org/1999/xhtml" xml:lang="en" lang="en">
 <head>
  <title>
</title>
<meta http-equiv="Content-Type" content="text/html;charset=utf-8" />
  <meta name='ocr-system' content='tesseract 3.04.00' />
  <meta name='ocr-capabilities' content='ocr_page ocr_carea ocr_par ocr_line ocrx_word'/>
</head>
<body>
  <div class='ocr_page' id='page_1' title='image "./orationesrecogno03ciceuoft/orationesrecogno03ciceuoft_0472.png"; bbox 0 0 1715 2734; ppageno 0'>
   <div class='ocr_carea' id='block_1_1' title="bbox 128 87 181 130">
    <p class='ocr_par' dir='ltr' id='par_1_1' title="bbox 128 87 181 130">
     <span class='ocr_line' id='line_1_1' title="bbox 128 87 181 130; baseline 0 0"><span class='ocrx_word' id='word_1_1' title='bbox 128 87 181 130; x_wconf 84' lang='lat'>54</span> 
     </span>
    </p>
   </div>
   <div class='ocr_carea' id='block_1_2' title="bbox 121 632 182 725">
    <p class='ocr_par' dir='ltr' id='par_1_2' title="bbox 121 632 182 725">
     <span class='ocr_line' id='line_1_2' title="bbox 132 632 182 670; baseline 0 0"><span class='ocrx_word' id='word_1_2' title='bbox 132 632 182 670; x_wconf 88' lang='lat'>55</span> 
     </span>
     <span class='ocr_line' id='line_1_3' title="bbox 121 693 180 725; baseline 0 0"><span class='ocrx_word' id='word_1_3' title='bbox 121 693 180 725; x_wconf 82' lang='lat'>143</span> 
     </span>
    </p>
   </div>
   <div class='ocr_carea' id='block_1_3' title="bbox 121 1511 179 1543">
    <p class='ocr_par' dir='ltr' id='par_1_3' title="bbox 121 1511 179 1543">
     <span class='ocr_line' id='line_1_4' title="bbox 121 1511 179 1543; baseline -0.017 0"><span class='ocrx_word' id='word_1_4' title='bbox 121 1511 179 1543; x_wconf 83' lang='lat'>144</span> 
     </span>
    </p>
   </div>
   <div class='ocr_carea' id='block_1_4' title="bbox 208 75 1171 124">
    <p class='ocr_par' dir='ltr' id='par_1_4' title="bbox 208 75 1171 124">
     <span class='ocr_line' id='line_1_5' title="bbox 208 75 1171 124; baseline -0.003 -8"><span class='ocrx_word' id='word_1_5' title='bbox 208 93 267 124; x_wconf 82' lang='lat'>142</span> <span class='ocrx_word' id='word_1_6' title='bbox 574 76 631 112; x_wconf 92' lang='lat' dir='ltr'>M.</span> <span class='ocrx_word' id='word_1_7' title='bbox 662 75 831 112; x_wconf 94' lang='lat' dir='ltr'>TVLLI</span> <span class='ocrx_word' id='word_1_8' title='bbox 864 75 1171 115; x_wconf 91' lang='lat' dir='ltr'>CICERONIS</span> 
     </span>
    </p>
   </div>
   <div class='ocr_carea' id='block_1_5' title="bbox 202 184 1596 2126">
    <p class='ocr_par' dir='ltr' id='par_1_5' title="bbox 202 184 1570 627">
     <span class='ocr_line' id='line_1_6' title="bbox 202 184 1532 239; baseline -0.003 -13"><span class='ocrx_word' id='word_1_9' title='bbox 202 190 357 239; x_wconf 90' lang='lat' dir='ltr'>plesset,</span> <span class='ocrx_word' id='word_1_10' title='bbox 387 185 574 233; x_wconf 88' lang='lat' dir='ltr'>concidit,</span> <span class='ocrx_word' id='word_1_11' title='bbox 605 199 695 224; x_wconf 91' lang='lat' dir='ltr'>cum</span> <span class='ocrx_word' id='word_1_12' title='bbox 727 185 779 223; x_wconf 92' lang='lat' dir='ltr'>illi</span> <span class='ocrx_word' id='word_1_13' title='bbox 816 185 938 223; x_wconf 86' lang='lat' dir='ltr'>nihilo</span> <span class='ocrx_word' id='word_1_14' title='bbox 970 185 1098 224; x_wconf 91' lang='lat' dir='ltr'>minus</span> <span class='ocrx_word' id='word_1_15' title='bbox 1129 184 1271 224; x_wconf 90' lang='lat' dir='ltr'>iacenti</span> <span class='ocrx_word' id='word_1_16' title='bbox 1300 186 1420 222; x_wconf 89' lang='lat' dir='ltr'>latera</span> <span class='ocrx_word' id='word_1_17' title='bbox 1448 191 1532 222; x_wconf 90' lang='lat' dir='ltr'>tun-</span> 
     </span>
     <span class='ocr_line' id='line_1_7' title="bbox 203 249 1532 301; baseline -0.002 -10"><span class='ocrx_word' id='word_1_18' title='bbox 203 254 353 300; x_wconf 89' lang='lat' dir='ltr'>derent,</span> <span class='ocrx_word' id='word_1_19' title='bbox 374 259 417 290; x_wconf 92' lang='lat' dir='ltr'>ut</span> <span class='ocrx_word' id='word_1_20' title='bbox 437 251 653 301; x_wconf 88' lang='lat' dir='ltr'>aliquando</span> <span class='ocrx_word' id='word_1_21' title='bbox 678 252 873 300; x_wconf 82' lang='lat' dir='ltr'>spondere</span> <span class='ocrx_word' id='word_1_22' title='bbox 899 264 940 288; x_wconf 87' lang='lat' dir='ltr'>se</span> <span class='ocrx_word' id='word_1_23' title='bbox 965 250 1126 289; x_wconf 89' lang='lat' dir='ltr'>diceret.</span> <span class='ocrx_word' id='word_1_24' title='bbox 1185 249 1249 288; x_wconf 91' lang='lat' dir='ltr'>Sic</span> <span class='ocrx_word' id='word_1_25' title='bbox 1270 249 1334 288; x_wconf 91' lang='lat' dir='ltr'>ille</span> <span class='ocrx_word' id='word_1_26' title='bbox 1353 249 1532 288; x_wconf 88' lang='lat' dir='ltr'>adfectus</span> 
     </span>
     <span class='ocr_line' id='line_1_8' title="bbox 204 314 1530 367; baseline -0.004 -11"><span class='ocrx_word' id='word_1_27' title='bbox 204 317 299 356; x_wconf 79' lang='lat' dir='ltr'>illim</span> <span class='ocrx_word' id='word_1_28' title='bbox 321 325 405 355; x_wconf 93' lang='lat' dir='ltr'>tum</span> <span class='ocrx_word' id='word_1_29' title='bbox 430 330 501 367; x_wconf 90' lang='lat' dir='ltr'>pro</span> <span class='ocrx_word' id='word_1_30' title='bbox 524 324 679 354; x_wconf 88' lang='lat' dir='ltr'>mortuo</span> <span class='ocrx_word' id='word_1_31' title='bbox 701 316 878 353; x_wconf 85' lang='lat' dir='ltr'>sublatus</span> <span class='ocrx_word' id='word_1_32' title='bbox 901 314 1079 365; x_wconf 80' lang='lat' dir='ltr'>perbrevi</span> <span class='ocrx_word' id='word_1_33' title='bbox 1106 321 1244 365; x_wconf 90' lang='lat' dir='ltr'>postea</span> <span class='ocrx_word' id='word_1_34' title='bbox 1264 321 1322 352; x_wconf 87' lang='lat' dir='ltr'>est</span> <span class='ocrx_word' id='word_1_35' title='bbox 1343 320 1530 352; x_wconf 89' lang='lat' dir='ltr'>mortuus.</span> 
     </span>
     <span class='ocr_line' id='line_1_9' title="bbox 204 379 1534 429; baseline -0.003 -8"><span class='ocrx_word' id='word_1_36' title='bbox 204 384 284 421; x_wconf 90' lang='lat' dir='ltr'>Iste</span> <span class='ocrx_word' id='word_1_37' title='bbox 311 389 443 420; x_wconf 88' lang='lat' dir='ltr'>autem</span> <span class='ocrx_word' id='word_1_38' title='bbox 469 382 591 418; x_wconf 87' lang='lat' dir='ltr'>homo</span> <span class='ocrx_word' id='word_1_39' title='bbox 611 379 815 427; x_wconf 74' lang='lat' dir='ltr'>Venerius,</span> <span class='ocrx_word' id='word_1_40' title='bbox 837 381 1017 418; x_wconf 89' lang='lat' dir='ltr'>adfluens</span> <span class='ocrx_word' id='word_1_41' title='bbox 1045 379 1154 417; x_wconf 89' lang='lat' dir='ltr'>omni</span> <span class='ocrx_word' id='word_1_42' title='bbox 1184 380 1316 429; x_wconf 89' lang='lat' dir='ltr'>lepore</span> <span class='ocrx_word' id='word_1_43' title='bbox 1345 392 1391 416; x_wconf 89' lang='lat' dir='ltr'>ac</span> <span class='ocrx_word' id='word_1_44' title='bbox 1417 392 1534 417; x_wconf 90' lang='lat' dir='ltr'>venu-</span> 
     </span>
     <span class='ocr_line' id='line_1_10' title="bbox 203 443 1570 495; baseline -0.003 -9"><span class='ocrx_word' id='word_1_45' title='bbox 203 455 314 493; x_wconf 87' lang='lat' dir='ltr'>state,</span> <span class='ocrx_word' id='word_1_46' title='bbox 336 448 386 485; x_wconf 93' lang='lat' dir='ltr'>de</span> <span class='ocrx_word' id='word_1_47' title='bbox 407 447 522 485; x_wconf 87' lang='lat' dir='ltr'>bonis</span> <span class='ocrx_word' id='word_1_48' title='bbox 544 446 645 482; x_wconf 90' lang='lat' dir='ltr'>illius</span> <span class='ocrx_word' id='word_1_49' title='bbox 674 444 713 482; x_wconf 88' lang='lat' dir='ltr'>in</span> <span class='ocrx_word' id='word_1_50' title='bbox 734 446 833 483; x_wconf 82' lang='lat' dir='ltr'>aede</span> <span class='ocrx_word' id='word_1_51' title='bbox 854 444 1020 483; x_wconf 87' lang='lat' dir='ltr'>Veneris</span> <span class='ocrx_word' id='word_1_52' title='bbox 1041 451 1270 495; x_wconf 86' lang='lat' dir='ltr'>argenteum</span> <span class='ocrx_word' id='word_1_53' title='bbox 1293 443 1533 494; x_wconf 87' lang='lat' dir='ltr'>Cupidinem</span> <span class='ocrx_word' id='word_1_54' title='bbox 1553 459 1570 490; x_wconf 85' lang='lat'>5</span> 
     </span>
     <span class='ocr_line' id='line_1_11' title="bbox 202 510 1534 563; baseline -0.003 -12"><span class='ocrx_word' id='word_1_55' title='bbox 202 514 344 563; x_wconf 87' lang='lat' dir='ltr'>posuit.</span> <span class='ocrx_word' id='word_1_56' title='bbox 386 512 449 550; x_wconf 87' lang='lat' dir='ltr'>Sic</span> <span class='ocrx_word' id='word_1_57' title='bbox 466 510 583 549; x_wconf 87' lang='lat' dir='ltr'>etiam</span> <span class='ocrx_word' id='word_1_58' title='bbox 606 510 770 548; x_wconf 80' lang='lat' dir='ltr'>fortunis</span> <span class='ocrx_word' id='word_1_59' title='bbox 793 511 999 548; x_wconf 84' lang='lat' dir='ltr'>hominum</span> <span class='ocrx_word' id='word_1_60' title='bbox 1020 510 1256 549; x_wconf 77' lang='lat' dir='ltr'>abutebatur</span> <span class='ocrx_word' id='word_1_61' title='bbox 1271 510 1322 548; x_wconf 89' lang='lat' dir='ltr'>ad</span> <span class='ocrx_word' id='word_1_62' title='bbox 1343 516 1534 547; x_wconf 88' lang='lat' dir='ltr'>nocturna</span> 
     </span>
     <span class='ocr_line' id='line_1_12' title="bbox 202 577 763 627; baseline -0.007 -11"><span class='ocrx_word' id='word_1_63' title='bbox 202 586 293 616; x_wconf 88' lang='lat' dir='ltr'>vota</span> <span class='ocrx_word' id='word_1_64' title='bbox 313 577 573 627; x_wconf 78' lang='lat' dir='ltr'>cupiditatum</span> <span class='ocrx_word' id='word_1_65' title='bbox 595 588 763 613; x_wconf 87' lang='lat' dir='ltr'>suarum.</span> 
     </span>
    </p>

    <p class='ocr_par' dir='ltr' id='par_1_6' title="bbox 202 628 1596 2126">
     <span class='ocr_line' id='line_1_13' title="bbox 259 628 1534 691; baseline -0.004 -10"><span class='ocrx_word' id='word_1_66' title='bbox 259 644 363 681; x_wconf 90' lang='lat' dir='ltr'>Nam</span> <span class='ocrx_word' id='word_1_67' title='bbox 388 642 484 691; x_wconf 90' lang='lat' dir='ltr'>quid</span> <span class='ocrx_word' id='word_1_68' title='bbox 513 654 586 691; x_wconf 83' lang='lat' dir='ltr'>ego</span> <span class='ocrx_word' id='word_1_69' title='bbox 613 642 662 679; x_wconf 91' lang='lat' dir='ltr'>de</span> <span class='ocrx_word' id='word_1_70' title='bbox 692 639 830 678; x_wconf 87' lang='lat' dir='ltr'>ceteris</span> <span class='ocrx_word' id='word_1_71' title='bbox 858 628 1002 678; x_wconf 88' lang='lat' dir='ltr'>civium</span> <span class='ocrx_word' id='word_1_72' title='bbox 1032 642 1305 679; x_wconf 88' lang='lat' dir='ltr'>Romanorum</span> <span class='ocrx_word' id='word_1_73' title='bbox 1334 638 1534 689; x_wconf 82' lang='lat' dir='ltr'>suppliciis</span> 
     </span>
     <span class='ocr_line' id='line_1_14' title="bbox 203 704 1535 758; baseline -0.003 -13"><span class='ocrx_word' id='word_1_74' title='bbox 203 707 428 758; x_wconf 80' lang='lat' dir='ltr'>singillatim</span> <span class='ocrx_word' id='word_1_75' title='bbox 458 706 588 756; x_wconf 85' lang='lat' dir='ltr'>potius</span> <span class='ocrx_word' id='word_1_76' title='bbox 617 719 735 755; x_wconf 87' lang='lat' dir='ltr'>quarn</span> <span class='ocrx_word' id='word_1_77' title='bbox 766 705 980 755; x_wconf 81' lang='lat' dir='ltr'>generatim</span> <span class='ocrx_word' id='word_1_78' title='bbox 1011 713 1129 755; x_wconf 88' lang='lat' dir='ltr'>atque</span> <span class='ocrx_word' id='word_1_79' title='bbox 1160 704 1339 742; x_wconf 85' lang='lat' dir='ltr'>universe</span> <span class='ocrx_word' id='word_1_80' title='bbox 1370 705 1535 753; x_wconf 82' lang='lat' dir='ltr'>loquar?</span> 
     </span>
     <span class='ocr_line' id='line_1_15' title="bbox 205 769 1593 821; baseline -0.005 -9"><span class='ocrx_word' id='word_1_81' title='bbox 205 775 347 813; x_wconf 88' lang='lat' dir='ltr'>Carcer</span> <span class='ocrx_word' id='word_1_82' title='bbox 368 772 432 811; x_wconf 91' lang='lat' dir='ltr'>ille</span> <span class='ocrx_word' id='word_1_83' title='bbox 462 771 528 821; x_wconf 89' lang='lat' dir='ltr'>qui</span> <span class='ocrx_word' id='word_1_84' title='bbox 559 779 617 809; x_wconf 86' lang='lat' dir='ltr'>est</span> <span class='ocrx_word' id='word_1_85' title='bbox 644 785 667 808; x_wconf 91' lang='lat' dir='ltr'>a</span> <span class='ocrx_word' id='word_1_86' title='bbox 694 770 969 809; x_wconf 88' lang='lat' dir='ltr'>crudelissimo</span> <span class='ocrx_word' id='word_1_87' title='bbox 997 778 1162 820; x_wconf 82' lang='lat' dir='ltr'>tyranno</span> <span class='ocrx_word' id='word_1_88' title='bbox 1193 769 1386 819; x_wconf 84' lang='lat' dir='ltr'>Dionysio</span> <span class='ocrx_word' id='word_1_89' title='bbox 1410 770 1535 806; x_wconf 88' lang='lat' dir='ltr'>factus</span> <span class='ocrx_word' id='word_1_90' title='bbox 1557 783 1593 805; x_wconf 87' lang='lat'>10</span> 
     </span>
     <span class='ocr_line' id='line_1_16' title="bbox 204 832 1536 889; baseline -0.005 -12"><span class='ocrx_word' id='word_1_91' title='bbox 204 838 414 889; x_wconf 82' lang='lat' dir='ltr'>Syracusis,</span> <span class='ocrx_word' id='word_1_92' title='bbox 438 850 540 887; x_wconf 87' lang='lat' dir='ltr'>quae</span> <span class='ocrx_word' id='word_1_93' title='bbox 570 836 782 874; x_wconf 82' lang='lat' dir='ltr'>lautumiae</span> <span class='ocrx_word' id='word_1_94' title='bbox 804 844 1004 883; x_wconf 82' lang='lat' dir='ltr'>vocantur,</span> <span class='ocrx_word' id='word_1_95' title='bbox 1027 836 1066 873; x_wconf 92' lang='lat' dir='ltr'>in</span> <span class='ocrx_word' id='word_1_96' title='bbox 1092 835 1200 873; x_wconf 90' lang='lat' dir='ltr'>istius</span> <span class='ocrx_word' id='word_1_97' title='bbox 1226 834 1392 884; x_wconf 88' lang='lat' dir='ltr'>imperio</span> <span class='ocrx_word' id='word_1_98' title='bbox 1413 832 1536 872; x_wconf 90' lang='lat' dir='ltr'>domi-</span> 
     </span>
     <span class='ocr_line' id='line_1_17' title="bbox 204 898 1535 950; baseline -0.005 -8"><span class='ocrx_word' id='word_1_99' title='bbox 204 903 338 942; x_wconf 92' lang='lat' dir='ltr'>cilium</span> <span class='ocrx_word' id='word_1_100' title='bbox 359 902 503 941; x_wconf 90' lang='lat' dir='ltr'>civium</span> <span class='ocrx_word' id='word_1_101' title='bbox 528 904 801 939; x_wconf 87' lang='lat' dir='ltr'>Romanorum</span> <span class='ocrx_word' id='word_1_102' title='bbox 823 901 904 939; x_wconf 87' lang='lat' dir='ltr'>fuit.</span> <span class='ocrx_word' id='word_1_103' title='bbox 966 903 1019 938; x_wconf 92' lang='lat' dir='ltr'>Vt</span> <span class='ocrx_word' id='word_1_104' title='bbox 1040 900 1208 950; x_wconf 88' lang='lat' dir='ltr'>quisque</span> <span class='ocrx_word' id='word_1_105' title='bbox 1228 899 1338 938; x_wconf 87' lang='lat' dir='ltr'>istius</span> <span class='ocrx_word' id='word_1_106' title='bbox 1359 898 1535 937; x_wconf 88' lang='lat' dir='ltr'>animum</span> 
     </span>
     <span class='ocr_line' id='line_1_18' title="bbox 203 964 1532 1013; baseline -0.004 -6"><span class='ocrx_word' id='word_1_107' title='bbox 203 976 270 1008; x_wconf 90' lang='lat' dir='ltr'>aut</span> <span class='ocrx_word' id='word_1_108' title='bbox 308 969 446 1007; x_wconf 91' lang='lat' dir='ltr'>oculos</span> <span class='ocrx_word' id='word_1_109' title='bbox 486 967 714 1013; x_wconf 87' lang='lat' dir='ltr'>offenderat,</span> <span class='ocrx_word' id='word_1_110' title='bbox 756 966 794 1004; x_wconf 89' lang='lat' dir='ltr'>in</span> <span class='ocrx_word' id='word_1_111' title='bbox 835 965 1044 1004; x_wconf 84' lang='lat' dir='ltr'>lautumias</span> <span class='ocrx_word' id='word_1_112' title='bbox 1083 965 1213 1004; x_wconf 87' lang='lat' dir='ltr'>statim</span> <span class='ocrx_word' id='word_1_113' title='bbox 1253 964 1532 1004; x_wconf 86' lang='lat' dir='ltr'>coniciebatur.</span> 
     </span>
     <span class='ocr_line' id='line_1_19' title="bbox 206 1029 1534 1084; baseline -0.004 -12"><span class='ocrx_word' id='word_1_114' title='bbox 206 1034 421 1084; x_wconf 83' lang='lat' dir='ltr'>Indignum</span> <span class='ocrx_word' id='word_1_115' title='bbox 460 1034 536 1071; x_wconf 90' lang='lat' dir='ltr'>hoc</span> <span class='ocrx_word' id='word_1_116' title='bbox 568 1033 686 1070; x_wconf 90' lang='lat' dir='ltr'>video</span> <span class='ocrx_word' id='word_1_117' title='bbox 717 1031 838 1070; x_wconf 93' lang='lat' dir='ltr'>videri</span> <span class='ocrx_word' id='word_1_118' title='bbox 873 1031 1070 1078; x_wconf 88' lang='lat' dir='ltr'>omnibus,</span> <span class='ocrx_word' id='word_1_119' title='bbox 1106 1030 1268 1077; x_wconf 91' lang='lat' dir='ltr'>iudices,</span> <span class='ocrx_word' id='word_1_120' title='bbox 1304 1038 1342 1068; x_wconf 89' lang='lat' dir='ltr'>et</span> <span class='ocrx_word' id='word_1_121' title='bbox 1376 1029 1416 1068; x_wconf 90' lang='lat' dir='ltr'>id</span> <span class='ocrx_word' id='word_1_122' title='bbox 1457 1029 1534 1067; x_wconf 89' lang='lat' dir='ltr'>iam</span> 
     </span>
     <span class='ocr_line' id='line_1_20' title="bbox 203 1094 1594 1150; baseline -0.004 -12"><span class='ocrx_word' id='word_1_123' title='bbox 203 1100 331 1150; x_wconf 90' lang='lat' dir='ltr'>priore</span> <span class='ocrx_word' id='word_1_124' title='bbox 351 1098 517 1145; x_wconf 88' lang='lat' dir='ltr'>actione,</span> <span class='ocrx_word' id='word_1_125' title='bbox 538 1112 628 1136; x_wconf 88' lang='lat' dir='ltr'>cum</span> <span class='ocrx_word' id='word_1_126' title='bbox 650 1099 747 1136; x_wconf 89' lang='lat' dir='ltr'>haec</span> <span class='ocrx_word' id='word_1_127' title='bbox 768 1104 887 1136; x_wconf 86' lang='lat' dir='ltr'>testes</span> <span class='ocrx_word' id='word_1_128' title='bbox 908 1096 1095 1144; x_wconf 87' lang='lat' dir='ltr'>dicerent,</span> <span class='ocrx_word' id='word_1_129' title='bbox 1114 1096 1296 1135; x_wconf 86' lang='lat' dir='ltr'>intellexi.</span> <span class='ocrx_word' id='word_1_130' title='bbox 1359 1094 1535 1133; x_wconf 86' lang='lat' dir='ltr'>Retineri</span> <span class='ocrx_word' id='word_1_131' title='bbox 1560 1108 1594 1139; x_wconf 89' lang='lat'>¹5</span> 
     </span>
     <span class='ocr_line' id='line_1_21' title="bbox 204 1160 1535 1215; baseline -0.004 -12"><span class='ocrx_word' id='word_1_132' title='bbox 204 1165 311 1203; x_wconf 88' lang='lat' dir='ltr'>enim</span> <span class='ocrx_word' id='word_1_133' title='bbox 345 1164 490 1215; x_wconf 87' lang='lat' dir='ltr'>putatis</span> <span class='ocrx_word' id='word_1_134' title='bbox 525 1171 705 1213; x_wconf 87' lang='lat' dir='ltr'>oportere</span> <span class='ocrx_word' id='word_1_135' title='bbox 741 1163 825 1201; x_wconf 91' lang='lat' dir='ltr'>iura</span> <span class='ocrx_word' id='word_1_136' title='bbox 863 1162 1052 1202; x_wconf 86' lang='lat' dir='ltr'>libertatis</span> <span class='ocrx_word' id='word_1_137' title='bbox 1091 1176 1172 1201; x_wconf 87' lang='lat' dir='ltr'>non</span> <span class='ocrx_word' id='word_1_138' title='bbox 1212 1163 1334 1201; x_wconf 89' lang='lat' dir='ltr'>modo</span> <span class='ocrx_word' id='word_1_139' title='bbox 1368 1161 1432 1199; x_wconf 91' lang='lat' dir='ltr'>hic</span> <span class='ocrx_word' id='word_1_140' title='bbox 1468 1160 1535 1199; x_wconf 91' lang='lat' dir='ltr'>ubi</span> 
     </span>
     <span class='ocr_line' id='line_1_22' title="bbox 204 1227 1536 1280; baseline -0.002 -13"><span class='ocrx_word' id='word_1_141' title='bbox 204 1229 350 1268; x_wconf 87' lang='lat' dir='ltr'>tribuni</span> <span class='ocrx_word' id='word_1_142' title='bbox 371 1229 498 1280; x_wconf 86' lang='lat' dir='ltr'>plebis</span> <span class='ocrx_word' id='word_1_143' title='bbox 519 1236 622 1276; x_wconf 90' lang='lat' dir='ltr'>sunt,</span> <span class='ocrx_word' id='word_1_144' title='bbox 639 1228 706 1266; x_wconf 91' lang='lat' dir='ltr'>ubi</span> <span class='ocrx_word' id='word_1_145' title='bbox 727 1227 846 1266; x_wconf 88' lang='lat' dir='ltr'>ceteri</span> <span class='ocrx_word' id='word_1_146' title='bbox 868 1227 1124 1278; x_wconf 85' lang='lat' dir='ltr'>magistratus,</span> <span class='ocrx_word' id='word_1_147' title='bbox 1145 1227 1212 1266; x_wconf 91' lang='lat' dir='ltr'>ubi</span> <span class='ocrx_word' id='word_1_148' title='bbox 1230 1229 1356 1265; x_wconf 88' lang='lat' dir='ltr'>forum</span> <span class='ocrx_word' id='word_1_149' title='bbox 1374 1228 1536 1276; x_wconf 89' lang='lat' dir='ltr'>plenum</span> 
     </span>
     <span class='ocr_line' id='line_1_23' title="bbox 203 1290 1535 1342; baseline -0.004 -8"><span class='ocrx_word' id='word_1_150' title='bbox 203 1295 451 1341; x_wconf 92' lang='lat' dir='ltr'>iudiciorum,</span> <span class='ocrx_word' id='word_1_151' title='bbox 484 1294 551 1332; x_wconf 91' lang='lat' dir='ltr'>ubi</span> <span class='ocrx_word' id='word_1_152' title='bbox 584 1301 743 1332; x_wconf 88' lang='lat' dir='ltr'>senatus</span> <span class='ocrx_word' id='word_1_153' title='bbox 774 1293 996 1339; x_wconf 56' lang='lat' dir='ltr'>auctoritas</span> <span class='ocrx_word' id='word_1_154' title='bbox 1030 1293 1098 1331; x_wconf 93' lang='lat' dir='ltr'>ubi</span> <span class='ocrx_word' id='word_1_155' title='bbox 1134 1291 1369 1331; x_wconf 82' lang='lat' dir='ltr'>existimatio</span> <span class='ocrx_word' id='word_1_156' title='bbox 1400 1290 1535 1342; x_wconf 90' lang='lat' dir='ltr'>populi</span> 
     </span>
     <span class='ocr_line' id='line_1_24' title="bbox 204 1356 1535 1410; baseline -0.005 -10"><span class='ocrx_word' id='word_1_157' title='bbox 204 1361 377 1400; x_wconf 89' lang='lat' dir='ltr'>Romani</span> <span class='ocrx_word' id='word_1_158' title='bbox 399 1369 436 1399; x_wconf 90' lang='lat' dir='ltr'>et</span> <span class='ocrx_word' id='word_1_159' title='bbox 458 1359 686 1410; x_wconf 88' lang='lat' dir='ltr'>frequentia,</span> <span class='ocrx_word' id='word_1_160' title='bbox 711 1360 780 1397; x_wconf 87' lang='lat' dir='ltr'>sed</span> <span class='ocrx_word' id='word_1_161' title='bbox 809 1358 1051 1408; x_wconf 87' lang='lat' dir='ltr'>ubicumque</span> <span class='ocrx_word' id='word_1_162' title='bbox 1079 1366 1266 1397; x_wconf 88' lang='lat' dir='ltr'>terrarum</span> <span class='ocrx_word' id='word_1_163' title='bbox 1295 1365 1332 1395; x_wconf 88' lang='lat' dir='ltr'>et</span> <span class='ocrx_word' id='word_1_164' title='bbox 1359 1356 1535 1407; x_wconf 83' lang='lat' dir='ltr'>gentium</span> 
     </span>
     <span class='ocr_line' id='line_1_25' title="bbox 202 1421 1596 1472; baseline -0.004 -7"><span class='ocrx_word' id='word_1_165' title='bbox 202 1426 391 1465; x_wconf 87' lang='lat' dir='ltr'>violatum</span> <span class='ocrx_word' id='word_1_166' title='bbox 413 1425 472 1463; x_wconf 90' lang='lat' dir='ltr'>ius</span> <span class='ocrx_word' id='word_1_167' title='bbox 486 1424 630 1463; x_wconf 90' lang='lat' dir='ltr'>civium</span> <span class='ocrx_word' id='word_1_168' title='bbox 650 1425 923 1461; x_wconf 86' lang='lat' dir='ltr'>Romanorum</span> <span class='ocrx_word' id='word_1_169' title='bbox 941 1423 1000 1470; x_wconf 87' lang='lat' dir='ltr'>sit,</span> <span class='ocrx_word' id='word_1_170' title='bbox 1020 1422 1188 1461; x_wconf 87' lang='lat' dir='ltr'>statuitis</span> <span class='ocrx_word' id='word_1_171' title='bbox 1210 1422 1249 1461; x_wconf 92' lang='lat' dir='ltr'>id</span> <span class='ocrx_word' id='word_1_172' title='bbox 1271 1421 1464 1472; x_wconf 87' lang='lat' dir='ltr'>pertinere</span> <span class='ocrx_word' id='word_1_173' title='bbox 1485 1422 1536 1460; x_wconf 89' lang='lat' dir='ltr'>ad</span> <span class='ocrx_word' id='word_1_174' title='bbox 1558 1436 1596 1457; x_wconf 86' lang='lat'>20</span> 
     </span>
     <span class='ocr_line' id='line_1_26' title="bbox 203 1487 1535 1538; baseline -0.005 -8"><span class='ocrx_word' id='word_1_175' title='bbox 203 1504 459 1531; x_wconf 88' lang='lat' dir='ltr'>communem</span> <span class='ocrx_word' id='word_1_176' title='bbox 487 1502 646 1528; x_wconf 88' lang='lat' dir='ltr'>causam</span> <span class='ocrx_word' id='word_1_177' title='bbox 674 1487 863 1526; x_wconf 85' lang='lat' dir='ltr'>libertatis</span> <span class='ocrx_word' id='word_1_178' title='bbox 885 1496 922 1527; x_wconf 89' lang='lat' dir='ltr'>et</span> <span class='ocrx_word' id='word_1_179' title='bbox 944 1488 1154 1538; x_wconf 75' lang='lat' dir='ltr'>dignitatis</span> <span class='ocrx_word' id='word_1_180' title='bbox 1217 1489 1263 1525; x_wconf 85' lang='lat' dir='ltr'>In</span> <span class='ocrx_word' id='word_1_181' title='bbox 1286 1494 1535 1526; x_wconf 78' lang='lat' dir='ltr'>externorum</span> 
     </span>
     <span class='ocr_line' id='line_1_27' title="bbox 204 1552 1535 1602; baseline -0.005 -6"><span class='ocrx_word' id='word_1_182' title='bbox 204 1557 412 1596; x_wconf 89' lang='lat' dir='ltr'>hominum</span> <span class='ocrx_word' id='word_1_183' title='bbox 461 1555 729 1593; x_wconf 89' lang='lat' dir='ltr'>maleficorum</span> <span class='ocrx_word' id='word_1_184' title='bbox 780 1555 1151 1602; x_wconf 85' lang='lat' dir='ltr'>sceleratorumque,</span> <span class='ocrx_word' id='word_1_185' title='bbox 1202 1552 1241 1590; x_wconf 89' lang='lat' dir='ltr'>in</span> <span class='ocrx_word' id='word_1_186' title='bbox 1290 1553 1535 1602; x_wconf 88' lang='lat' dir='ltr'>praedonum</span> 
     </span>
     <span class='ocr_line' id='line_1_28' title="bbox 204 1617 1537 1671; baseline -0.005 -10"><span class='ocrx_word' id='word_1_187' title='bbox 204 1622 457 1671; x_wconf 88' lang='lat' dir='ltr'>hostiumque</span> <span class='ocrx_word' id='word_1_188' title='bbox 479 1619 678 1659; x_wconf 86' lang='lat' dir='ltr'>custodias</span> <span class='ocrx_word' id='word_1_189' title='bbox 700 1627 741 1657; x_wconf 93' lang='lat' dir='ltr'>tu</span> <span class='ocrx_word' id='word_1_190' title='bbox 763 1626 915 1657; x_wconf 87' lang='lat' dir='ltr'>tantum</span> <span class='ocrx_word' id='word_1_191' title='bbox 939 1631 1146 1656; x_wconf 89' lang='lat' dir='ltr'>numerum</span> <span class='ocrx_word' id='word_1_192' title='bbox 1169 1617 1313 1655; x_wconf 79' lang='lat' dir='ltr'>civium</span> <span class='ocrx_word' id='word_1_193' title='bbox 1337 1619 1537 1655; x_wconf 89' lang='lat' dir='ltr'>Romano-</span> 
     </span>
     <span class='ocr_line' id='line_1_29' title="bbox 204 1681 1537 1732; baseline -0.005 -7"><span class='ocrx_word' id='word_1_194' title='bbox 204 1701 289 1725; x_wconf 92' lang='lat' dir='ltr'>rum</span> <span class='ocrx_word' id='word_1_195' title='bbox 322 1686 524 1725; x_wconf 89' lang='lat' dir='ltr'>includere</span> <span class='ocrx_word' id='word_1_196' title='bbox 554 1698 672 1723; x_wconf 85' lang='lat' dir='ltr'>ausus</span> <span class='ocrx_word' id='word_1_197' title='bbox 707 1686 778 1722; x_wconf 85' lang='lat' dir='ltr'>es?</span> <span class='ocrx_word' id='word_1_198' title='bbox 837 1684 1120 1732; x_wconf 84' lang='lat' dir='ltr'>Numquamne</span> <span class='ocrx_word' id='word_1_199' title='bbox 1156 1682 1225 1720; x_wconf 90' lang='lat' dir='ltr'>tibi</span> <span class='ocrx_word' id='word_1_200' title='bbox 1260 1681 1394 1729; x_wconf 88' lang='lat' dir='ltr'>iudici,</span> <span class='ocrx_word' id='word_1_201' title='bbox 1426 1695 1537 1720; x_wconf 88' lang='lat' dir='ltr'>num-</span> 
     </span>
     <span class='ocr_line' id='line_1_30' title="bbox 204 1746 1593 1802; baseline -0.004 -12"><span class='ocrx_word' id='word_1_202' title='bbox 204 1765 323 1802; x_wconf 90' lang='lat' dir='ltr'>quam</span> <span class='ocrx_word' id='word_1_203' title='bbox 354 1750 562 1796; x_wconf 89' lang='lat' dir='ltr'>contionis‚</span> <span class='ocrx_word' id='word_1_204' title='bbox 595 1761 813 1798; x_wconf 89' lang='lat' dir='ltr'>numquam</span> <span class='ocrx_word' id='word_1_205' title='bbox 844 1748 960 1785; x_wconf 90' lang='lat' dir='ltr'>huius</span> <span class='ocrx_word' id='word_1_206' title='bbox 990 1754 1122 1785; x_wconf 86' lang='lat' dir='ltr'>tantae</span> <span class='ocrx_word' id='word_1_207' title='bbox 1152 1746 1406 1796; x_wconf 87' lang='lat' dir='ltr'>frequentiae,</span> <span class='ocrx_word' id='word_1_208' title='bbox 1435 1760 1536 1796; x_wconf 89' lang='lat' dir='ltr'>quae</span> <span class='ocrx_word' id='word_1_209' title='bbox 1557 1761 1593 1794; x_wconf 90' lang='lat'>²5</span> 
     </span>
     <span class='ocr_line' id='line_1_31' title="bbox 204 1811 1536 1864; baseline -0.005 -8"><span class='ocrx_word' id='word_1_210' title='bbox 204 1831 311 1856; x_wconf 90' lang='lat' dir='ltr'>nunc</span> <span class='ocrx_word' id='word_1_211' title='bbox 340 1824 378 1855; x_wconf 91' lang='lat' dir='ltr'>te</span> <span class='ocrx_word' id='word_1_212' title='bbox 407 1815 541 1854; x_wconf 86' lang='lat' dir='ltr'>animo</span> <span class='ocrx_word' id='word_1_213' title='bbox 571 1813 819 1864; x_wconf 87' lang='lat' dir='ltr'>iniquissimo</span> <span class='ocrx_word' id='word_1_214' title='bbox 852 1811 1185 1862; x_wconf 79' lang='lat' dir='ltr'>infestissimoque</span> <span class='ocrx_word' id='word_1_215' title='bbox 1216 1812 1398 1858; x_wconf 90' lang='lat' dir='ltr'>intuetur,</span> <span class='ocrx_word' id='word_1_216' title='bbox 1431 1811 1536 1850; x_wconf 87' lang='lat' dir='ltr'>venit</span> 
     </span>
     <span class='ocr_line' id='line_1_32' title="bbox 202 1877 1536 1929; baseline -0.004 -8"><span class='ocrx_word' id='word_1_217' title='bbox 202 1883 243 1920; x_wconf 90' lang='lat' dir='ltr'>in</span> <span class='ocrx_word' id='word_1_218' title='bbox 271 1883 476 1921; x_wconf 87' lang='lat' dir='ltr'>mentem?</span> <span class='ocrx_word' id='word_1_219' title='bbox 511 1893 729 1929; x_wconf 86' lang='lat' dir='ltr'>numquam</span> <span class='ocrx_word' id='word_1_220' title='bbox 758 1878 827 1916; x_wconf 90' lang='lat' dir='ltr'>tibi</span> <span class='ocrx_word' id='word_1_221' title='bbox 856 1878 992 1929; x_wconf 86' lang='lat' dir='ltr'>populi</span> <span class='ocrx_word' id='word_1_222' title='bbox 1020 1877 1191 1915; x_wconf 85' lang='lat' dir='ltr'>Romani</span> <span class='ocrx_word' id='word_1_223' title='bbox 1218 1877 1392 1916; x_wconf 91' lang='lat' dir='ltr'>absentis</span> <span class='ocrx_word' id='word_1_224' title='bbox 1413 1877 1536 1927; x_wconf 82' lang='lat' dir='ltr'>digni-</span> 
     </span>
     <span class='ocr_line' id='line_1_33' title="bbox 204 1942 1537 1997; baseline -0.005 -10"><span class='ocrx_word' id='word_1_225' title='bbox 204 1956 274 1996; x_wconf 85' lang='lat' dir='ltr'>tas,</span> <span class='ocrx_word' id='word_1_226' title='bbox 306 1960 523 1997; x_wconf 87' lang='lat' dir='ltr'>numquam</span> <span class='ocrx_word' id='word_1_227' title='bbox 555 1945 704 1996; x_wconf 89' lang='lat' dir='ltr'>species</span> <span class='ocrx_word' id='word_1_228' title='bbox 739 1944 822 1994; x_wconf 86' lang='lat' dir='ltr'>ipsa</span> <span class='ocrx_word' id='word_1_229' title='bbox 857 1943 1021 1982; x_wconf 87' lang='lat' dir='ltr'>huiusce</span> <span class='ocrx_word' id='word_1_230' title='bbox 1052 1943 1314 1981; x_wconf 85' lang='lat' dir='ltr'>multitudinis</span> <span class='ocrx_word' id='word_1_231' title='bbox 1346 1943 1383 1980; x_wconf 89' lang='lat' dir='ltr'>in</span> <span class='ocrx_word' id='word_1_232' title='bbox 1414 1942 1537 1981; x_wconf 88' lang='lat' dir='ltr'>oculis</span> 
     </span>
     <span class='ocr_line' id='line_1_34' title="bbox 204 2008 1536 2063; baseline -0.005 -11"><span class='ocrx_word' id='word_1_233' title='bbox 204 2013 418 2063; x_wconf 91' lang='lat' dir='ltr'>animoque</span> <span class='ocrx_word' id='word_1_234' title='bbox 439 2019 590 2051; x_wconf 86' lang='lat' dir='ltr'>versata</span> <span class='ocrx_word' id='word_1_235' title='bbox 610 2012 697 2049; x_wconf 88' lang='lat' dir='ltr'>est?</span> <span class='ocrx_word' id='word_1_236' title='bbox 731 2023 949 2059; x_wconf 87' lang='lat' dir='ltr'>numquam</span> <span class='ocrx_word' id='word_1_237' title='bbox 978 2017 1015 2048; x_wconf 91' lang='lat' dir='ltr'>te</span> <span class='ocrx_word' id='word_1_238' title='bbox 1043 2008 1082 2046; x_wconf 90' lang='lat' dir='ltr'>in</span> <span class='ocrx_word' id='word_1_239' title='bbox 1110 2010 1251 2047; x_wconf 90' lang='lat' dir='ltr'>horum</span> <span class='ocrx_word' id='word_1_240' title='bbox 1279 2016 1536 2058; x_wconf 87' lang='lat' dir='ltr'>conspectum</span> 
     </span>
     <span class='ocr_line' id='line_1_35' title="bbox 205 2073 1596 2126; baseline -0.006 -8"><span class='ocrx_word' id='word_1_241' title='bbox 205 2079 433 2126; x_wconf 84' lang='lat' dir='ltr'>rediturum,</span> <span class='ocrx_word' id='word_1_242' title='bbox 466 2089 684 2126; x_wconf 86' lang='lat' dir='ltr'>numquam</span> <span class='ocrx_word' id='word_1_243' title='bbox 716 2075 754 2112; x_wconf 93' lang='lat' dir='ltr'>in</span> <span class='ocrx_word' id='word_1_244' title='bbox 787 2076 913 2113; x_wconf 92' lang='lat' dir='ltr'>sorum</span> <span class='ocrx_word' id='word_1_245' title='bbox 945 2073 1080 2124; x_wconf 89' lang='lat' dir='ltr'>populi</span> <span class='ocrx_word' id='word_1_246' title='bbox 1113 2073 1285 2111; x_wconf 88' lang='lat' dir='ltr'>Romani</span> <span class='ocrx_word' id='word_1_247' title='bbox 1316 2081 1533 2120; x_wconf 86' lang='lat' dir='ltr'>venturum,</span> <span class='ocrx_word' id='word_1_248' title='bbox 1557 2084 1596 2115; x_wconf 84' lang='lat'>30</span> 
     </span>
    </p>
   </div>
   <div class='ocr_carea' id='block_1_6' title="bbox 206 2175 1538 2349">
    <p class='ocr_par' dir='ltr' id='par_1_7' title="bbox 206 2175 1538 2349">
     <span class='ocr_line' id='line_1_36' title="bbox 249 2175 1536 2221; baseline -0.005 -8"><span class='ocrx_word' id='word_1_249' title='bbox 249 2193 267 2212; x_wconf 88' lang='lat'><em>2</em></span> <span class='ocrx_word' id='word_1_250' title='bbox 291 2181 443 2213; x_wconf 86' lang='lat' dir='ltr'>adfectus</span> <span class='ocrx_word' id='word_1_251' title='bbox 465 2180 535 2221; x_wconf 83' lang='lat' dir='ltr'>(aff.</span> <span class='ocrx_word' id='word_1_252' title='bbox 553 2180 590 2220; x_wconf 84' lang='lat' dir='ltr'>p)</span> <span class='ocrx_word' id='word_1_253' title='bbox 610 2179 665 2219; x_wconf 79' lang='lat' dir='ltr'>Rp</span> <span class='ocrx_word' id='word_1_254' title='bbox 681 2178 724 2209; x_wconf 83' lang='lat' dir='ltr'>al.</span> <span class='ocrx_word' id='word_1_255' title='bbox 745 2189 751 2207; x_wconf 92' lang='lat'>:</span> <span class='ocrx_word' id='word_1_256' title='bbox 776 2178 897 2208; x_wconf 79' lang='lat' dir='ltr'>affatus</span> <span class='ocrx_word' id='word_1_257' title='bbox 914 2176 979 2208; x_wconf 82' lang='lat' dir='ltr'>SD</span> <span class='ocrx_word' id='word_1_258' title='bbox 1095 2187 1115 2216; x_wconf 84' lang='lat'><strong>3</strong></span> <span class='ocrx_word' id='word_1_259' title='bbox 1141 2177 1220 2207; x_wconf 91' lang='lat' dir='ltr'>illim</span> <span class='ocrx_word' id='word_1_260' title='bbox 1234 2181 1259 2216; x_wconf 83' lang='lat' dir='ltr'>p</span> <span class='ocrx_word' id='word_1_261' title='bbox 1277 2188 1284 2207; x_wconf 90' lang='lat'>:</span> <span class='ocrx_word' id='word_1_262' title='bbox 1309 2176 1401 2206; x_wconf 89' lang='lat' dir='ltr'>illum</span> <span class='ocrx_word' id='word_1_263' title='bbox 1419 2175 1536 2207; x_wconf 86' lang='lat' dir='ltr'><em>RSD:</em></span> 
     </span>
     <span class='ocr_line' id='line_1_37' title="bbox 206 2220 1537 2260; baseline -0.005 -4"><span class='ocrx_word' id='word_1_264' title='bbox 206 2225 296 2256; x_wconf 86' lang='lat' dir='ltr'>illine</span> <span class='ocrx_word' id='word_1_265' title='bbox 321 2236 346 2256; x_wconf 84' lang='lat' dir='ltr'>s.</span> <span class='ocrx_word' id='word_1_266' title='bbox 375 2225 441 2255; x_wconf 90' lang='lat' dir='ltr'>illic</span> <span class='ocrx_word' id='word_1_267' title='bbox 467 2224 510 2254; x_wconf 84' lang='lat' dir='ltr'>al.</span> <span class='ocrx_word' id='word_1_268' title='bbox 623 2232 658 2260; x_wconf 91' lang='lat'>14</span> <span class='ocrx_word' id='word_1_269' title='bbox 686 2222 860 2257; x_wconf 63' lang='lat' dir='ltr'>indignum</span> <span class='ocrx_word' id='word_1_270' title='bbox 883 2226 928 2260; x_wconf 81' lang='lat' dir='ltr'>p:</span> <span class='ocrx_word' id='word_1_271' title='bbox 966 2221 1137 2259; x_wconf 86' lang='lat' dir='ltr'>indignum</span> <span class='ocrx_word' id='word_1_272' title='bbox 1163 2221 1254 2251; x_wconf 88' lang='lat' dir='ltr'>enim</span> <span class='ocrx_word' id='word_1_273' title='bbox 1278 2220 1374 2250; x_wconf 69' lang='lat' dir='ltr'>RSw</span> <span class='ocrx_word' id='word_1_274' title='bbox 1399 2220 1432 2259; x_wconf 82' lang='lat'>(§</span> <span class='ocrx_word' id='word_1_275' title='bbox 1461 2220 1537 2258; x_wconf 69' lang='lat'>109)</span> 
     </span>
     <span class='ocr_line' id='line_1_38' title="bbox 207 2261 1538 2303; baseline -0.005 -4"><span class='ocrx_word' id='word_1_276' title='bbox 207 2279 249 2299; x_wconf 85' lang='lat'>20</span> <span class='ocrx_word' id='word_1_277' title='bbox 275 2274 325 2299; x_wconf 87' lang='lat' dir='ltr'>est</span> <span class='ocrx_word' id='word_1_278' title='bbox 343 2269 452 2299; x_wconf 85' lang='lat' dir='ltr'>Halm</span> <span class='ocrx_word' id='word_1_279' title='bbox 577 2265 725 2296; x_wconf 83' lang='lat' dir='ltr'>statuitis</span> <span class='ocrx_word' id='word_1_280' title='bbox 742 2264 944 2303; x_wconf 65' lang='lat' dir='ltr'>Naugcrfus.</span> <span class='ocrx_word' id='word_1_281' title='bbox 965 2264 1132 2295; x_wconf 84' lang='lat' dir='ltr'>statuistis</span> <span class='ocrx_word' id='word_1_282' title='bbox 1144 2266 1186 2303; x_wconf 69' lang='grc' dir='ltr'>ῥδ</span> <span class='ocrx_word' id='word_1_283' title='bbox 1202 2275 1208 2294; x_wconf 84' lang='grc'>;</span> <span class='ocrx_word' id='word_1_284' title='bbox 1233 2264 1328 2294; x_wconf 87' lang='lat' dir='ltr'>statis</span> <span class='ocrx_word' id='word_1_285' title='bbox 1346 2261 1403 2303; x_wconf 82' lang='lat' dir='ltr'>R¹‚</span> <span class='ocrx_word' id='word_1_286' title='bbox 1422 2263 1538 2294; x_wconf 85' lang='lat' dir='ltr'>sciatis</span> 
     </span>
     <span class='ocr_line' id='line_1_39' title="bbox 206 2307 1257 2349; baseline -0.007 -6"><span class='ocrx_word' id='word_1_287' title='bbox 206 2312 347 2343; x_wconf 62' lang='lat' dir='ltr'>Rsssow</span> <span class='ocrx_word' id='word_1_288' title='bbox 481 2320 522 2349; x_wconf 87' lang='lat'>25</span> <span class='ocrx_word' id='word_1_289' title='bbox 548 2309 777 2340; x_wconf 85' lang='lat' dir='ltr'>contentionis</span> <span class='ocrx_word' id='word_1_290' title='bbox 795 2307 858 2338; x_wconf 82' lang='lat' dir='ltr'>RS</span> <span class='ocrx_word' id='word_1_291' title='bbox 992 2308 1033 2337; x_wconf 88' lang='grc'>28</span> <span class='ocrx_word' id='word_1_292' title='bbox 1059 2308 1130 2346; x_wconf 80' lang='lat' dir='ltr'>ipsa</span> <span class='ocrx_word' id='word_1_293' title='bbox 1149 2317 1213 2337; x_wconf 83' lang='lat' dir='ltr'>om.</span> <span class='ocrx_word' id='word_1_294' title='bbox 1236 2319 1257 2336; x_wconf 91' lang='grc' dir='ltr'><em>π</em></span> 
     </span>
    </p>
   </div>
  </div>
 </body>
</html>
