1715 2734
11 301 13 310 s
10 271 15 290 Μ
0 0 16 267 -ῑ--....---Α.;.ω

165 111 431 152 ACTIONIS
462 113 521 150 IN
552 112 598 151 C.
630 113 870 150 VERREM
901 113 1195 152 SECVNDAE
1227 113 1329 150 LIB.
1363 113 1421 150 IV
1459 121 1486 158 4

165 215 349 262 Primum,
374 216 405 253 si
426 216 465 254 id
488 217 595 265 quod
611 216 667 254 vis
689 217 759 255 tibi
779 231 852 267 ego
873 219 1101 264 concedam,
1120 226 1161 255 ut
1183 217 1486 265 emeris,—quo-

163 279 268 317 niam
298 280 338 317 in
368 289 451 318 toto
481 282 556 318 hoc
586 295 728 331 genere
755 283 828 320 hac
858 296 935 320 una
960 282 1190 320 defensione
1210 295 1349 320 usurus
1377 295 1487 327 es,—

162 359 308 395 quaero
337 346 448 384 cuius
478 346 586 385 modi
615 354 656 384 tu
686 346 831 385 iudicia
860 349 1013 385 Romae
1042 346 1189 396 putaris
1223 360 1318 392 esse,
1350 346 1381 384 si
1416 346 1486 385 tibi

162 411 238 448 hoc
266 423 506 460 quemquam
536 424 816 450 concessurum
846 411 1000 461 putasti,
1024 419 1062 449 te
1090 411 1129 448 in
1161 418 1340 461 praetura
1367 419 1486 460 atque

123 490 140 520 5
162 474 326 524 imperio
365 483 422 513 tot
461 489 520 513 res
561 484 640 514 tam
679 476 879 526 pretiosas,
917 477 1045 514 omnis
1085 476 1257 525 denique
1292 489 1350 513 res
1385 489 1486 525 quae

160 538 324 576 alicuius
345 539 441 589 preti
464 539 616 587 fuerint,
640 548 721 578 tota
742 555 787 579 ex
809 541 1009 591 provincia
1030 541 1252 579 coemisse?

214 604 357 642 Videte
389 605 579 642 maiorum
611 605 863 655 diligentiam,
897 606 963 655 qui
994 605 1188 643 nihildum
1223 605 1340 659 etiam
1376 605 1485 643 istius

161 669 269 707 modi
290 670 598 719 suspicabantur,
622 684 756 708 verum
788 680 918 709 tamen
944 685 989 709 ea
1014 684 1114 720 quae
1142 671 1268 720 parvis
1300 671 1338 707 in
1369 671 1484 708 rebus

159 734 338 772 accidere
376 742 555 784 poterant
587 735 856 785 providebant.
917 736 1128 774 Neminem
1159 735 1225 784 qui
1257 749 1347 773 cum
1378 743 1484 785 pote-

104 815 139 835 10
159 806 257 836 state
278 806 344 836 aut
364 799 559 849 legatione
580 800 618 837 in
640 800 881 850 provinciam
903 809 1004 839 esset
1025 802 1222 849 profectus
1249 810 1325 838 tam
1353 814 1484 838 amen-

159 871 237 901 tem
259 865 340 902 fore
362 872 595 914 putaverunt
622 873 663 902 ut
689 873 835 903 emeret
861 872 1076 916 argentum,
1105 866 1270 903 dabatur
1299 866 1404 903 enim
1432 867 1482 904 de

158 928 345 978 publico,-
374 937 416 967 ut
437 938 596 976 vestem,
620 931 880 980 praebebatur
908 930 1013 969 enim
1036 930 1210 979 legibus:
1241 930 1481 980 mancipium

158 1001 353 1043 putarunt,
378 1007 457 1043 quo
484 1002 521 1032 et
549 1008 686 1033 omnes
709 995 853 1033 utimur
873 1002 912 1034 et
936 1009 1015 1033 non
1037 996 1244 1045 praebetur
1264 1010 1286 1033 a
1306 997 1455 1045 populo
1474 1011 1480 1033 :

158 1066 367 1096 sanxerunt
398 1072 447 1096 ne
474 1058 560 1107 quis
591 1068 736 1097 emeret
764 1059 837 1098 nisi
860 1059 898 1097 in
919 1059 1115 1098 demortui
1143 1061 1284 1097 locum.
1344 1060 1383 1098 Si
1414 1060 1479 1110 qui

99 1135 135 1167 15
160 1123 313 1160 Romae
333 1131 435 1161 esset
455 1124 713 1162 demortuus?
742 1124 874 1171 immo,
897 1124 929 1162 si
950 1124 1037 1174 quis
1062 1123 1235 1169 ibidem,
1265 1138 1343 1163 non
1374 1126 1479 1163 enim

155 1194 193 1225 te
223 1187 411 1226 instruere
438 1189 602 1226 domum
622 1196 729 1227 tuam
751 1191 957 1227 voluerunt
977 1189 1016 1226 in
1037 1189 1246 1239 provincia,
1270 1191 1339 1228 sed
1370 1190 1478 1228 illum

155 1265 269 1290 usum
299 1253 522 1303 provinciae
551 1255 741 1303 supplere.
802 1255 916 1303 Quae
947 1254 1017 1291 fuit
1048 1267 1164 1292 causa
1190 1268 1258 1292 cur
1285 1263 1363 1292 tam
1396 1256 1479 1293 dili-

153 1324 289 1366 genter
332 1331 403 1356 nos
452 1317 491 1355 in
534 1318 744 1368 provinciis
786 1319 837 1357 ab
880 1319 1148 1369 emptionibus
1197 1323 1477 1359 removerent?

156 1382 280 1428 Haec,
305 1381 465 1429 iudices,
499 1384 607 1432 quod
633 1384 825 1433 putabant
857 1383 1099 1433 ereptionem
1133 1398 1228 1430 esse,
1264 1398 1343 1422 non
1374 1399 1478 1436 emp-

96 1461 136 1483 20
155 1445 314 1490 tionem,
342 1461 432 1484 cum
468 1447 660 1486 venditori
693 1462 765 1486 suo
799 1448 986 1486 arbitratu
1017 1450 1186 1487 vendere
1221 1462 1301 1487 non
1332 1450 1474 1488 liceret.

94 2108 132 2139 30

156 1511 203 1547 In
233 1510 441 1560 provinciis
472 1511 761 1562 intellegebant,
785 1512 816 1550 si
840 1513 871 1551 is
901 1513 967 1562 qui
995 1520 1096 1551 esset
1123 1526 1212 1551 cum
1239 1514 1403 1563 imperio
1431 1528 1477 1553 ac

154 1582 347 1624 potestate
367 1577 475 1625 quod
502 1578 609 1626 apud
638 1590 837 1627 quemque
865 1585 966 1615 esset
994 1591 1123 1616 emere
1144 1579 1270 1625 vellet,
1295 1579 1414 1628 idque
1442 1580 1475 1617 ei

152 1639 295 1686 liceret,
318 1641 400 1678 fore
424 1640 477 1678 uti
506 1642 614 1690 quod
642 1642 809 1691 quisque
834 1643 958 1689 vellet,
992 1641 1071 1679 sive
1099 1651 1200 1680 esset
1230 1645 1366 1681 venale
1397 1644 1477 1682 sive

152 1717 231 1742 non
254 1712 365 1752 esset,
389 1705 524 1755 quanti
545 1708 660 1744 vellet
680 1708 857 1745 auferret.

208 1769 324 1807 Dicet
354 1769 518 1820 aliquis:
561 1771 675 1809 ‘Noli
708 1771 782 1809 isto
818 1773 939 1810 modo
967 1785 1080 1822 agere
1113 1786 1202 1810 cum
1231 1775 1362 1820 Verre,
1396 1774 1476 1812 noli

152 1833 235 1872 eius
265 1835 366 1873 facta
395 1836 446 1873 ad
475 1835 660 1885 antiquae
692 1836 887 1886 religionis
919 1836 1110 1875 rationem
1133 1837 1357 1887 exquirere,
1387 1852 1477 1877 con-

151 1901 250 1938 cede
273 1908 316 1937 ut
346 1900 508 1950 impune
528 1901 675 1948 emerit,
700 1903 821 1941 modo
844 1910 884 1940 ut
906 1903 1011 1941 bona
1039 1902 1188 1941 ratione
1210 1903 1357 1950 emerit,
1380 1904 1477 1942 nihil

152 1978 222 2014 pro
260 1973 463 2014 potestate,
505 1966 601 2004 nihil
639 1967 690 2004 ab
729 1966 861 2012 invito,
896 1967 992 2005 nihil
1032 1981 1100 2017 per
1138 1967 1342 2006 iniuriam?
1413 1970 1477 2008 Sic

151 2042 286 2079 agam:
317 2029 359 2076 si,
383 2031 490 2079 quod
515 2033 651 2069 venale
682 2031 817 2069 habuit
850 2032 989 2079 Heius,
1012 2032 1052 2070 id
1081 2033 1217 2082 quanti
1244 2033 1476 2073 aestimabat

151 2094 248 2132 tanti
268 2095 459 2143 vendidit,
480 2095 620 2134 desino
641 2110 826 2145 quaerere
847 2110 915 2135 cur
936 2097 1086 2136 emeris.

193 2199 213 2227 6
238 2197 370 2229 suerunt
389 2198 452 2229 RS
551 2201 571 2230 8
596 2202 706 2240 pravis
724 2203 930 2241 temporibus
947 2203 1109 2236 Schwabe,
1128 2203 1297 2233 Eberhard
1312 2204 1369 2244 (Cl
1394 2204 1474 2236 Rev.

151 2241 240 2271 xviii.
259 2250 337 2271 210*
476 2245 514 2273 16
538 2243 645 2282 ipsum
664 2255 756 2274 usum
774 2245 864 2275 Nolzl
1003 2257 1041 2284 27
1068 2247 1167 2276 modo
1186 2252 1220 2276 ut
1237 2247 1302 2279 55:
1328 2249 1430 2278 modo
1443 2254 1476 2278 ut

151 2284 183 2312 in
203 2283 277 2323 Rp:
301 2286 400 2314 modo
418 2285 550 2325 Meusel‚
569 2287 658 2317 Nolzl
766 2299 807 2328 29
831 2290 857 2319 si
874 2290 961 2328 quod
982 2290 1098 2319 venale
1118 2291 1228 2320 habuit
1247 2291 1318 2321 eius
1335 2291 1474 2330 (Heius)

151 2326 184 2356 id
201 2328 314 2366 quanti
339 2327 423 2358 RS:
447 2329 474 2359 si
493 2331 572 2368 quid
592 2332 694 2369 <quod
707 2333 746 2371 ῥ’)
765 2343 841 2363 ν6η.
864 2333 938 2363 hab.
963 2333 1069 2362 Heius
1094 2334 1121 2363 si
1147 2334 1178 2363 id
1203 2335 1319 2372 quanti
1330 2339 1365 2374 p,
1385 2335 1474 2375 vulg.

150 2380 194 2408 30
217 2380 274 2400 cur
289 2370 377 2401 codd.
395 2382 401 2401 ε
427 2372 543 2403 iurene
559 2373 686 2414 Ehem,
706 2386 772 2414 quo
790 2376 860 2405 iure
878 2375 987 2414 Meyer

1506 118 1524 148 8

1500 1274 1537 1295 10
