1715 2734
149 102 417 141 ACTIONIS
449 102 509 140 IN
540 102 584 141 C.
607 102 849 140 VERREM
880 100 1179 140 SECVNDAE
1210 99 1314 137 LIB.
1339 100 1380 136 II
1429 107 1554 146 71174

146 211 381 250 arbitrantur
413 225 472 251 res
506 212 679 251 iudicare
713 220 892 262 oportere
928 209 1247 263 [publicanorum
1282 207 1473 262 iudicio];

146 290 247 328 quos
285 278 467 317 videlicet
505 291 612 315 nunc
651 279 819 328 populus
859 277 1008 315 iudices
1047 275 1184 326 poscit,
1226 276 1276 313 de
1315 275 1470 324 quibus,

146 350 188 380 ut
220 356 287 381 eos
326 343 474 381 iudices
509 343 739 387 habeamus,
778 344 903 391 legem
942 342 992 380 ab
1032 340 1193 378 homine
1231 353 1312 377 non
1352 339 1472 378 nostri

144 408 307 457 generis,
349 422 429 447 non
468 422 514 447 ex
553 408 721 458 equestri
761 409 850 446 loco
889 409 1075 458 profecto,
1118 407 1188 444 sed
1226 405 1473 443 nobilissimo

107 475 431 523 5promulgatam
470 473 674 520 videmus,
722 473 944 519 decumani,
986 474 1061 510 hoc
1100 479 1158 509 est
1200 470 1395 521 principes
1434 478 1472 508 et
1495 479 1554 513 175

145 537 255 586 quasi
277 545 474 576 senatores
495 537 807 587 publicanorum,
826 537 1084 576 removendas
1104 537 1155 574 de
1175 535 1308 573 medio
1327 534 1472 572 litteras

145 610 391 640 censuerunt.
451 602 596 640 Habeo
626 615 672 640 ex
701 601 745 639 iis
775 603 841 651 qui
871 603 1080 639 adfuerunt
1113 613 1213 650 quos
1242 600 1470 649 producam,

145 666 288 715 quibus
319 668 395 705 hoc
419 666 675 711 committam,
699 666 880 705 homines
907 665 1205 704 honestissimos
1232 677 1277 702 ac
1303 665 1472 714 locuple-

146 730 325 777 tissimos,
367 731 462 770 istos
500 731 605 780 ipsos
644 731 838 781 principes
877 730 1066 780 equestris
1104 729 1263 775 ordinis,
1304 741 1470 779 quorum

89 812 125 834 ιο
145 796 354 844 splendore
383 798 443 834 vel
473 795 641 834 maxime
670 795 779 833 istius
808 795 875 845 qui
905 797 1030 845 legem
1060 793 1318 844 promulgavit
1347 793 1471 831 oratio

143 867 182 898 et
202 873 319 899 causa
335 860 478 899 nititur.
520 860 691 899 Venient
713 860 752 898 in
774 860 959 907 medium,
978 861 1110 898 dicent
1131 858 1227 908 quid
1243 859 1471 905 statuerint3

143 926 330 974 profecto,
366 927 396 964 si
429 933 532 964 recte
567 925 748 963 homines
779 924 881 971 novi,
914 937 994 962 non
1030 923 1292 970 mentientur3
1325 922 1470 960 litteras

142 989 248 1028 enim
275 990 496 1028 communis
524 991 573 1028 de
595 990 727 1028 medio
748 1003 946 1028 removere
973 996 1194 1039 potuerunt,
1218 989 1338 1026 fidem
1359 1000 1469 1025 suam

143 1062 181 1092 et
201 1054 428 1104 religionem
450 1068 648 1093 removere
668 1068 748 1092 non
769 1061 944 1104 possunt.
988 1055 1091 1103 Ergo
1112 1052 1262 1103 equites
1285 1051 1467 1098 Romani,

87 1136 123 1168 15
143 1119 210 1169 qui
231 1128 269 1158 te
285 1133 356 1158 suo
374 1120 519 1158 iudicio
540 1121 866 1166 condemnarunt,
885 1120 1025 1157 horum
1047 1117 1194 1156 iudicio
1214 1116 1469 1156 condemnari

142 1185 353 1223 noluerunt
371 1200 377 1222 :
407 1198 475 1223 vos
497 1197 602 1222 nunc
619 1191 748 1222 utrum
769 1183 923 1222 illorum
945 1183 1133 1222 iudicium
1156 1196 1205 1221 an
1226 1183 1469 1220 voluntatem

143 1248 254 1298 sequi
276 1249 429 1296 malitis,
453 1248 709 1287 considerate.

196 1315 249 1351 At
278 1314 368 1352 vide
397 1314 493 1363 quid
523 1321 561 1352 te
589 1313 804 1352 amicorum
835 1320 990 1351 tuorum
1022 1312 1208 1359 studium,
1237 1311 1333 1362 quid
1358 1319 1468 1350 tuum

141 1378 361 1425 consilium,
393 1378 489 1428 quid
518 1379 714 1417 sociorum
743 1380 923 1416 voluntas
952 1377 1120 1417 adiuvet.
1182 1376 1321 1415 Dicam
1352 1378 1470 1426 paulo

84 1461 125 1482 20
144 1443 390 1493 promptius3
437 1457 566 1494 neque
609 1443 714 1482 enim
755 1443 831 1482 iam
874 1457 1009 1482 vereor
1051 1457 1100 1481 ne
1147 1442 1234 1492 quis
1282 1443 1358 1480 hoc
1407 1455 1469 1479 me

144 1508 265 1558 magis
295 1508 534 1547 accusatorie
564 1522 683 1558 quam
712 1508 833 1547 libere
863 1508 1006 1547 dixisse
1032 1507 1249 1554 arbitretur.
1308 1506 1347 1544 Si
1377 1505 1468 1544 istas

143 1573 288 1612 litteras
328 1587 408 1611 non
447 1575 606 1612 decreto
645 1574 955 1612 decumanorum
997 1572 1167 1622 magistri
1199 1571 1466 1618 removissent,

143 1646 295 1676 tantum
322 1652 478 1688 possem
499 1638 538 1676 in
561 1646 598 1676 te
619 1638 748 1676 dicere
770 1646 961 1688 quantum
984 1637 1024 1675 in
1045 1637 1180 1675 litteris
1208 1636 1443 1674 invenissem
1461 1652 1468 1674 ;

144 1717 248 1742 nunc
269 1705 428 1743 decreto
449 1703 523 1742 isto
544 1705 647 1742 facto
667 1703 882 1752 litterisque
906 1702 1065 1741 remotis
1086 1710 1239 1740 tantum
1262 1701 1357 1739 mihi
1378 1701 1468 1740 licet

85 1786 122 1817 25
142 1770 273 1808 dicere
302 1778 493 1820 quantum
523 1783 696 1819 possum,
728 1777 880 1807 tantum
911 1768 1029 1807 iudici
1059 1768 1245 1818 suspicari
1275 1776 1467 1817 quantum

142 1834 243 1872 velit.
305 1834 407 1872 Dico
437 1842 474 1872 te
505 1834 718 1872 maximum
748 1834 904 1883 pondus
935 1833 1016 1871 auri
1046 1832 1193 1882 argenti
1224 1832 1352 1870 eboris
1382 1846 1467 1882 pur-

143 1913 272 1949 purae,
300 1899 507 1950 plurimam
538 1906 686 1937 vestem
719 1898 981 1943 Melitensem,
1006 1897 1212 1947 plurimam
1244 1899 1463 1946 stragulam,

143 1966 305 2002 multam
344 1964 546 2002 Deliacam
582 1963 874 2013 supellectilem,
918 1962 1084 2012 plurima
1115 1975 1205 2000 vasa
1245 1961 1460 2008 Corinthia,

1489 1293 1539 1332 72

1493 1344 1552 1385 176

189 2078 202 2098 1
228 2068 430 2099 arbitrentur
447 2067 702 2099 (arbitrarentur
718 2067 749 2106 b)
770 2077 824 2097 res
842 2065 980 2096 iudicari
998 2065 1086 2096 codd.
1102 2068 1229 2104 praeter
1245 2063 1304 2094 CO
1372 2065 1462 2104 publ.

143 2111 208 2142 iud.
227 2112 296 2143 secl.
314 2112 405 2142 Bake
422 2110 514 2147 (Ziel.
529 2116 562 2151 p.
586 2112 661 2149 194)
828 2120 844 2148 7
870 2120 912 2139 ex
928 2110 979 2139 his
999 2108 1075 2139 COb
1229 2118 1249 2147 9
1273 2108 1357 2138 istos
1373 2109 1465 2147 ipsos

144 2154 223 2185 CO:
248 2156 329 2185 istos
343 2161 366 2195 p
383 2155 448 2186 rell.
609 2164 648 2184 10
673 2153 766 2184 istius
786 2152 814 2183 C
827 2153 893 2184 rell.
913 2164 919 2183 ε
946 2153 1033 2182 illius
1049 2151 1117 2182 edd.
1285 2161 1318 2181 11
1348 2152 1466 2182 nititur

145 2197 203 2227 CO
219 2210 225 2228 ε
251 2199 374 2228 nitetur
386 2204 409 2238 j>
427 2197 485 2228 rell
569 2197 714 2227 Venient
730 2196 798 2227 edd.
818 2207 825 2226 :
848 2196 986 2227 veniunt
999 2195 1045 2235 Cp
1062 2195 1128 2225 rell.
1145 2206 1150 2225 :
1176 2195 1312 2225 veniant
1330 2194 1380 2225 Ob
1397 2194 1468 2229 (sed

143 2242 256 2271 dicent
273 2241 361 2272 codd.
382 2242 511 2279 omnes)
680 2250 717 2278 14
744 2239 887 2270 Romani
904 2240 959 2279 qui
978 2263 985 2270 .
1006 2263 1013 2269 .
1034 2263 1041 2269 .
1065 2248 1102 2276 15
1127 2238 1344 2268 condemnari
1371 2236 1463 2267 CO':

144 2294 255 2314 mance
273 2285 337 2316 rell.
360 2284 503 2314 Romani
528 2289 561 2314 te
578 2293 639 2314 suo
657 2283 778 2314 iudicio
796 2282 1026 2321 condemnari,
1049 2281 1162 2311 mediis
1179 2281 1311 2311 omissis
1426 2283 1464 2311 16

142 2337 199 2356 vos
216 2338 278 2358 (ml.
301 2327 359 2358 CO
489 2328 526 2357 18
550 2327 594 2357 At
612 2326 639 2356 C
652 2326 716 2357 rell.
731 2330 860 2366 praeter
876 2326 925 2356 Ol»
943 2325 1011 2367 (ac)
1115 2335 1155 2355 20
1179 2324 1363 2364 promptius
1382 2323 1463 2355 CO:

142 2371 284 2408 amplius
299 2378 321 2410 p
339 2371 404 2402 rell.
