1715 2734
120 145 388 184 ACTIONIS
410 145 470 182 IN
492 145 538 183 C.
559 143 800 180 VERREM
822 142 1121 180 SECVNDAE
1153 143 1254 180 LIB.
1280 144 1339 181 IV
1394 152 1447 191 47
1471 158 1528 190 104

120 253 409 303 suspicionibus
438 252 479 290 in
508 251 697 290 iudicium
718 253 901 289 vocatur!
961 250 1013 288 Di
1033 250 1163 297 ablati,
1187 253 1276 290 fana
1296 259 1443 300 vexata,

121 319 294 357 nudatae
310 318 426 356 urbes
447 316 691 367 reperiuntur
708 331 718 364 3
747 329 880 355 earum
900 323 1033 354 autem
1054 330 1181 354 rerum
1202 319 1350 355 nullam
1371 317 1445 356 sibi

120 382 192 420 iste
214 396 342 432 neque
362 381 557 420 infitiandi
578 381 770 420 rationem
797 395 927 431 neque
955 381 1197 420 defendendi
1219 383 1443 420 facultatem

121 447 275 497 reliquit
293 461 303 494 3
342 446 526 485 omnibus
561 446 601 484 in
632 447 748 485 rebus
780 446 1001 496 coarguitur
1029 460 1052 484 a
1087 460 1164 493 me,
1199 446 1446 485 convincitur

82 522 100 553 5
119 525 143 549 a
163 511 338 558 testibus,
361 518 517 561 urgetur
547 510 795 550 confessione
825 525 905 557 sua,
929 510 1144 548 manifestis
1174 509 1214 548 in
1244 511 1444 549 maleficiis

121 583 382 624 tenetur,—et
429 583 561 614 manet
608 575 725 614 etiam
769 589 815 614 ac
859 575 998 614 tacitus
1041 577 1143 614 facta
1181 589 1337 614 mecum
1376 589 1445 614 sua

119 640 362 691 recognoscit
382 643 388 678 Ξ

5 754 6 757 ¹
174 704 353 742 Nimium
374 704 470 742 mihi
491 704 559 743 diu
579 704 765 743 videorin
788 718 868 743 uno
889 718 1031 754 genere
1051 704 1191 743 versari
1213 704 1445 753 criminum;

0 766 10 820 ξ
120 770 257 816 sentio,
291 770 451 816 iudices,
488 771 775 808 occurrendum
810 784 894 808 esse
925 769 1091 808 satietati
1121 769 1272 807 aurium
1297 769 1446 807 animo-

65 852 102 873 10
120 848 287 885 rumque
315 843 542 873 vestrorum.
604 836 735 882 Quam
766 834 818 871 ob
848 848 929 872 rem
961 836 1083 871 multa
1113 833 1447 883 praetermittam-3

119 902 170 938 ad
192 914 237 938 ea
256 908 388 938 autem
409 913 510 949 quae
530 899 704 938 dicturus
726 912 813 936 sum
835 899 981 937 reficite
1002 913 1083 946 vos,
1107 913 1267 948 quaeso,
1284 899 1443 945 iudices,

120 979 188 1016 per
218 966 314 1003 deos
341 964 709 1011 immortalis‚—eos
741 963 846 1013 ipsos
878 965 928 1002 de
960 977 1129 1013 quorum
1158 963 1344 1012 religione
1369 963 1445 1000 iam

120 1030 188 1068 diu
217 1028 550 1074 dicimus,—-dum
580 1028 620 1067 id
650 1028 733 1067 eius
763 1028 913 1066 facinus
943 1042 1213 1066 commemoro
1234 1036 1272 1066 et
1293 1029 1446 1077 profero

121 1109 200 1145 quo
221 1093 421 1145 provincia
451 1101 532 1132 tota
561 1101 761 1131 commota
791 1101 859 1132 est.
922 1095 983 1131 De
1013 1107 1093 1142 quo
1123 1093 1154 1130 si
1185 1095 1302 1142 paulo
1331 1092 1445 1130 altius

64 1175 101 1206 15
121 1159 238 1198 ordiri
266 1173 312 1197 ac
342 1166 515 1209 repetere
545 1158 775 1196 memoriam
806 1158 1003 1208 religionis
1023 1158 1198 1204 videbor,
1230 1158 1443 1207 ignoscite:

120 1226 174 1263 rei
195 1223 425 1274 magnitudo
446 1237 510 1263 me
538 1223 706 1262 breviter
730 1223 987 1274 perstringere
1007 1223 1252 1261 atrocitatem
1273 1223 1446 1261 criminis

120 1302 202 1327 non
222 1296 322 1326 Slnlt.

175 1355 298 1391 Vetus
328 1360 386 1391 est
415 1353 513 1391 haec
543 1352 688 1403 opinio,
713 1352 877 1399 iudices,
899 1366 1000 1402 quae
1021 1359 1176 1391 constat
1195 1366 1241 1391 ex
1261 1352 1446 1402 antiquis·
1464 1338 1490 1375 4

121 1417 228 1455 simis
259 1418 499 1455 Graecorum
530 1417 665 1455 litteris
696 1431 742 1455 ac
773 1416 1052 1463 monumentis,
1085 1416 1253 1454 insulam
1275 1417 1444 1455 Siciliam

9 1473 24 1538 'si
61 1497 101 1518 20
122 1490 243 1520 totam
262 1495 345 1520 esse
363 1481 494 1520 Cereri
515 1490 553 1520 et
571 1481 735 1520 Liberae
751 1489 1032 1519 consecratam.
1077 1483 1170 1519 Hoc
1187 1495 1277 1519 cum
1294 1489 1446 1520 ceterae

118 1554 254 1597 gentes
284 1546 339 1584 sic
368 1546 613 1593 arbitrantur,
644 1554 727 1584 turn
758 1546 851 1596 ipsis
881 1546 1019 1585 Siculis
1049 1547 1102 1584 ita
1130 1560 1359 1596 persuasum
1389 1554 1447 1585 est

120 1619 162 1649 ut
192 1613 230 1649 in
260 1611 400 1649 animis
430 1625 565 1650 eorum
596 1611 756 1649 insitum
785 1619 904 1661 atque
935 1612 1113 1650 innatum
1143 1626 1228 1650 esse
1257 1613 1443 1650 videatur.

121 1677 224 1714 Nam
247 1684 285 1715 et
305 1684 415 1715 natas
436 1690 521 1715 esse
542 1678 610 1714 has
632 1676 672 1714 in
691 1676 750 1714 his
771 1678 867 1715 locis
892 1678 985 1715 deas
1013 1684 1051 1715 et
1072 1678 1198 1727 fruges
1223 1677 1261 1714 in
1282 1691 1327 1715 ea
1349 1684 1446 1715 terra

122 1740 291 1791 primum
322 1749 490 1792 repertas
521 1755 605 1779 esse
634 1740 879 1789 arbitrantur,
913 1749 951 1780 et
972 1750 1121 1792 raptam
1143 1756 1227 1780 esse
1250 1742 1444 1789 Liberam,

18 1803 31 1864 «ξ
61 1823 101 1855 25
121 1819 240 1855 quam
261 1807 429 1844 eandem
451 1805 725 1856 Proserpinam
742 1814 895 1853 vocant,
915 1820 961 1844 ex
979 1806 1258 1844 Hennensium
1273 1820 1443 1853 nemore,

121 1872 187 1920 qui
208 1872 328 1917 locus,
352 1869 489 1921 quod
480 1884 521 1908 1n
550 1870 680 1909 media
706 1878 765 1909 est
786 1872 911 1908 insula
932 1870 1038 1917 situs,
1063 1870 1272 1908 umbilicus
1292 1870 1446 1909 Siciliae

121 1935 354 1974 nominatur.
415 1937 546 1985 Quam
585 1949 676 1974 cum
715 1935 946 1985 investigare
986 1944 1023 1974 et
1062 1936 1291 1985 conquirere
1327 1937 1445 1975 Ceres

121 2002 249 2048 vellet,
270 2000 412 2039 dicitur
437 2000 702 2039 inflammasse
732 2002 866 2039 taedas
896 2000 940 2038 iis
963 1999 1117 2050 ignibus
1139 1999 1205 2049 qui
1227 2014 1273 2038 ex
1293 2002 1445 2038 Aetnae

34 2110 36 2120 Ι
121 2065 264 2104 vertice
297 2073 532 2115 erumpunt3
572 2079 669 2115 quas
704 2064 777 2104 sibi
809 2079 899 2104 cum
939 2065 1022 2116 ipsa
1054 2067 1272 2116 praeferret,
1308 2065 1444 2103 orbem

27 2147 37 2162 ψ’
61 2146 103 2176 30
122 2145 282 2170 omnem
314 2144 536 2181 peragrasse
569 2138 767 2169 terrarum.
827 2131 972 2169 Henna
995 2139 1138 2177 autem,
1165 2130 1233 2168 ubi
1267 2144 1312 2168 ea
1344 2144 1445 2179 quae

170 2244 206 2264 12
232 2244 292 2265 eos
319 2235 410 2273 ipsos
437 2232 522 2264 RS:
560 2244 622 2273 per
646 2244 704 2265 eos
730 2234 821 2274 ipsos
842 2235 908 2273 p6:
942 2244 1005 2273 per
1028 2235 1109 2264 deos
1134 2233 1226 2272 ipsos
1249 2244 1268 2272 q
1407 2234 1446 2263 16

122 2279 370 2318 praestringere
388 2278 421 2308 R
436 2284 465 2309 et
480 2290 558 2310 corr.
579 2279 607 2310 S
752 2290 793 2309 22
819 2280 850 2308 in
868 2289 933 2309 om.
949 2281 991 2318 pf>
1139 2289 1179 2317 23
1203 2278 1256 2308 his
1273 2278 1361 2309 codd.
1376 2291 1383 2317 ;
1407 2281 1443 2318 cf.

123 2322 240 2352 horum
260 2323 293 2352 in
312 2323 363 2352 his
382 2325 398 2360 ξ
420 2332 495 2361 107:
522 2323 562 2352 iis
583 2322 689 2356 Orelli,
709 2322 780 2352 edd.
889 2324 930 2352 28
955 2323 994 2352 iis
1011 2321 1078 2350 Rlz
1104 2322 1155 2351 his
1173 2320 1290 2351 R25n:
1315 2323 1414 2354 exiis
1430 2324 1446 2353 δ

122 2375 165 2404 29
187 2366 302 2396 orbem
322 2376 453 2396 omnem
472 2366 524 2396 R:
549 2366 663 2397 orbern
680 2366 830 2396 omnium
843 2367 905 2404 pb:
930 2375 1059 2396 omnem
1078 2365 1191 2395 orbem
1209 2364 1302 2395 SDW

1468 718 1527 749 ¹05

1470 1389 1528 1419 106

1468 2142 1527 2175 107
