1715 2734
221 104 238 130 1
259 109 274 130 2
454 103 458 107 ·
624 94 680 131 M.
711 93 879 130 TVLLI
911 91 1216 131 CICERONIS

256 204 353 244 locis
374 204 664 252 communibus,
688 217 739 243 ne
760 203 798 241 in
827 203 926 241 fanis
946 202 1119 253 quidem,
1143 201 1240 240 nihil
1260 202 1367 252 apud
1397 200 1583 248 Siculum,

257 269 354 308 nihil
375 271 481 320 apud
509 269 635 308 civem
659 271 898 315 Romanum,
923 267 1096 318 denique
1117 267 1215 305 nihil
1245 266 1374 314 istum,
1398 267 1506 316 quod
1534 266 1584 304 ad

255 336 393 373 oculos
427 335 684 384 animumque
714 332 911 380 acciderit,
947 346 1077 383 neque
1111 331 1249 382 privati
1280 344 1410 381 neque
1439 329 1587 381 publici

257 413 387 450 neque
409 399 560 450 profani
582 412 711 448 neque
732 397 830 436 sacri
851 405 933 435 tota
962 397 1001 435 in
1023 397 1153 436 Sicilia
1173 396 1387 446 reliquisse.

219 481 236 512 3
310 466 428 503 Vnde
459 464 574 514 igitur
605 463 736 513 potius
769 462 953 512 incipiam
986 476 1105 512 quam
1139 462 1189 500 ab
1219 475 1266 500 ea
1296 461 1452 499 civitate
1486 473 1623 510 quae5

256 529 327 568 tibi
356 543 435 568 una
464 529 502 567 in
533 543 668 567 amore
695 536 815 578 atque
842 527 881 565 in
908 527 1058 566 deliciis
1085 527 1166 574 fuit,
1189 535 1256 565 aut
1277 540 1322 564 ex
1350 539 1431 575 quo
1457 525 1588 576 potius

257 608 422 633 numero
457 608 575 644 quam
611 608 657 632 ex
691 593 784 643 ipsis
816 592 1085 631 laudatoribus
1120 592 1225 630 tuis?
1283 590 1451 629 Facilius
1482 589 1587 628 enim

258 659 512 710 perspicietur
538 658 663 709 qualis
687 659 794 708 apud
828 671 895 697 eos
922 657 1037 696 fueris
1072 657 1138 707 qui
1170 665 1208 695 te
1240 657 1418 702 oderunt,
1442 655 1509 705 qui
1530 668 1589 693 ac-

258 733 407 772 cusant,
432 724 499 774 qui
535 732 833 774 persequuntur,
857 737 947 761 cum
987 724 1093 773 apud
1128 731 1216 761 tuos
1246 720 1506 760 Mamertinos
1536 720 1589 758 in-

258 790 414 829 veniare
435 789 729 840 improbissima
749 788 899 827 ratione
920 802 1005 827 esse
1026 790 1246 839 praedatus.
1615 799 1650 820 ¹0

213 870 237 896 2
312 857 357 895 C.
410 855 538 894 Heius
596 863 654 893 est
714 854 975 893 Mamertinus
996 878 1046 882 —
1067 867 1206 892 omnes
1254 854 1331 891 hoc
1379 852 1475 890 mihi
1523 852 1590 902 qui

261 922 488 959 Messanam
527 928 777 959 accesserunt
816 920 928 958 facile
968 917 1436 957 concedunt-omnibus
1475 917 1590 956 rebus

259 987 324 1024 illa
350 985 390 1024 in
418 985 574 1024 civitate
605 985 886 1024 ornatissimus.
949 984 1081 1023 Huius
1110 986 1254 1023 domus
1282 991 1341 1022 est
1360 985 1420 1022 vel
1442 982 1592 1033 optima

261 1053 486 1098 Messanae,
525 1050 730 1090 notissima
763 1050 925 1101 quidem
966 1058 1070 1088 certe
1109 1058 1147 1088 et
1182 1049 1324 1088 nostris
1362 1047 1590 1087 hominibus

258 1116 505 1167 apertissima
534 1115 785 1166 maximeque
815 1114 1030 1166 hospitalis.
1091 1117 1150 1153 Ea
1178 1116 1321 1153 domus
1355 1122 1446 1152 ante
1481 1113 1591 1152 istius
1615 1126 1648 1157 ¹5

258 1183 474 1221 adventum
508 1189 646 1219 ornata
667 1181 721 1219 sic
743 1180 814 1219 fuit
836 1188 877 1218 ut
905 1180 991 1218 urbi
1012 1194 1173 1231 quoque
1200 1188 1301 1218 esset
1331 1188 1566 1218 ornamento
1584 1194 1594 1227 3

260 1261 351 1285 nam
373 1246 458 1297 ipsa
479 1248 676 1294 Messana,
696 1260 797 1296 quae
823 1245 898 1284 situ
929 1245 1137 1284 moenibus
1158 1253 1353 1296 portuque
1375 1253 1511 1283 ornata
1532 1245 1590 1292 sit,

259 1312 311 1350 ab
331 1311 391 1350 his
413 1311 529 1355 rebus
552 1311 696 1361 quibus
721 1310 792 1349 iste
821 1312 1038 1349 delectatur
1065 1324 1159 1349 sane
1190 1324 1313 1349 vacua
1340 1319 1458 1361 atque
1487 1312 1595 1349 nuda

222 1397 239 1424 4
261 1384 330 1416 cst.
404 1379 497 1415 Erat
530 1377 637 1427 apud
672 1375 822 1414 Heium
852 1375 1062 1414 sacrarium
1094 1389 1235 1426 magna
1269 1390 1359 1414 cum
1404 1375 1594 1426 dignitate

261 1441 300 1480 in
321 1441 486 1481 aedibus
507 1456 530 1480 a
551 1440 763 1479 maioribus
785 1440 970 1479 traditum
992 1441 1279 1491 perantiquum,
1304 1441 1343 1479 in
1374 1455 1454 1491 quo
1485 1441 1595 1492 signa
1616 1458 1655 1481 20

261 1506 524 1558 pulcherrima
558 1514 743 1557 quattuor
774 1519 931 1545 summo
968 1505 1144 1553 artificio,
1182 1520 1337 1544 summa
1376 1506 1592 1553 nobilitate,

262 1586 363 1623 quae
402 1586 482 1610 non
523 1573 645 1610 modo
679 1571 797 1610 istum
837 1572 1040 1610 hominem
1089 1571 1337 1622 ingeniosum
1377 1580 1415 1611 et
1450 1572 1596 1610 intelle-

262 1646 431 1688 gentem,
467 1651 602 1676 verum
642 1636 759 1675 etiam
794 1636 972 1687 quemvis
1007 1644 1195 1683 nostrum,
1225 1652 1324 1688 quos
1354 1637 1426 1676 iste
1456 1637 1597 1676 idiotas

262 1704 445 1753 appellat,
483 1704 679 1742 delectare
712 1710 884 1753 possent,
921 1716 1045 1741 unum
1087 1702 1295 1753 Cupidinis
1334 1716 1596 1741 marmoreum

265 1768 472 1815 Praxiteli3
512 1767 696 1806 nimirum
736 1767 857 1806 didici
891 1768 1020 1815 etiarn,
1061 1769 1157 1807 dum
1196 1768 1236 1806 in
1274 1767 1392 1806 istum
1430 1768 1596 1818 inquiro,
1622 1783 1657 1814 ²5

263 1834 457 1872 artificum
498 1833 671 1871 nomina.
739 1834 864 1881 Idem,
907 1833 1056 1884 opinor,
1098 1833 1233 1872 artifex
1272 1833 1449 1872 eiusdem
1490 1833 1597 1872 modi

265 1899 506 1949 Cupidinem
547 1898 637 1937 fecit
683 1898 793 1936 illum
833 1898 899 1949 qui
940 1906 998 1937 est
1037 1898 1231 1949 Thespiis,
1273 1906 1431 1949 propter
1478 1912 1597 1948 quem

265 1964 463 2014 Thespiae
508 1963 711 2012 visuntur,
760 1978 851 2002 nam
899 1963 974 2002 alia
1017 1963 1169 2002 visendi
1213 1977 1330 2002 causa
1373 1965 1480 2003 nulla
1527 1971 1596 2002 est.

268 2033 400 2080 Atque
429 2029 492 2068 ille
522 2031 563 2067 L.
591 2029 822 2076 Mummius,
847 2043 937 2068 curn
968 2030 1226 2080 Thespiadas,
1250 2043 1350 2080 quae
1380 2031 1430 2068 ad
1457 2030 1597 2068 aedem

269 2095 481 2134 Felicitatis
521 2103 622 2141 sunt,
664 2103 872 2144 ceteraque
907 2097 1070 2145 profana
1104 2109 1151 2133 ex
1186 2095 1252 2133 illo
1300 2095 1449 2145 oppido
1488 2094 1597 2145 signa
1618 2110 1658 2142 30

269 2162 434 2208 tolleret,
469 2162 574 2198 hunc
610 2174 871 2198 marmoreum
907 2159 1159 2210 Cupidinem,
1200 2161 1308 2210 quod
1347 2168 1427 2199 erat
1466 2173 1600 2199 conse-

269 2233 408 2273 cratus,
441 2239 521 2263 non
551 2225 688 2275 attigit.

317 2341 403 2368 9—10
431 2330 604 2360 inveniere
617 2335 651 2369 p,
662 2330 743 2368 sort.
764 2333 840 2358 ναῖε
977 2337 1013 2357 12
1037 2329 1229 2358 concedent
1242 2329 1284 2367 p&
1396 2338 1438 2366 29
1465 2327 1499 2358 L.
1512 2326 1601 2366 salso

272 2374 305 2403 in
326 2373 358 2402 R
374 2373 476 2403 deesse
492 2373 614 2403 dicilur
