1715 2734
113 103 381 141 ACTIONIS
404 86 464 140 IN
486 103 530 141 C.
554 104 795 140 VERREM
819 103 1116 142 SECVNDAE
1139 104 1241 140 LIB.
1267 104 1332 141 III
1391 103 1439 150 85
1464 120 1525 150 195

167 214 260 251 Hoc
280 226 372 251 vero
405 211 501 262 quid
533 215 623 251 est?
671 227 788 263 quam
821 214 939 252 habet
967 213 1157 251 rationem
1190 226 1269 251 non
1292 227 1438 263 quaero
1460 215 1510 261 85

111 277 330 327 aequitatis,
371 279 440 315 sed
489 277 608 327 ipsius
657 278 917 328 improbitatis
975 286 1093 327 atque
1139 277 1439 327 impudentiae?

113 343 255 391 Neque
275 342 380 380 enim
402 349 459 380 est
480 343 559 380 fere
579 345 792 392 quiequam
821 344 928 392 quod
956 343 1137 380 homines
1162 344 1288 391 palam
1312 345 1438 381 facere

111 408 283 445 audeant
314 406 352 444 in
381 407 606 457 magistratu
631 408 809 456 quamvis
835 408 1023 457 improbe,
1053 407 1147 456 quin
1173 407 1255 445 eius
1286 408 1375 445 faeti
1407 407 1437 445 si

73 485 89 516 5
111 484 192 509 non
231 472 388 519 bonam,
422 480 460 510 at
498 472 669 521 aliquam
710 472 900 510 rationem
938 474 1088 510 adferre
1122 474 1284 510 soleant.
1346 475 1438 510 Hoc
1463 478 1523 519 196

111 536 207 585 quid
239 538 325 574 est?
381 536 500 574 Venit
534 547 712 587 praetor:
747 539 997 583 frumentum,
1034 537 1171 586 inquit,
1202 551 1264 575 me
1298 538 1368 575 abs
1401 545 1438 575 te

111 614 241 638 emere
271 609 434 650 oportet.
494 601 665 650 Optime.
732 601 915 639 Modium
946 601 1117 639 denario.
1188 601 1363 651 Benigne
1393 615 1438 639 ac

111 665 342 713 liberalitem
371 680 463 704 nam
484 680 557 716 ego
578 666 696 704 ternis
720 669 789 705 HS
810 681 889 705 non
912 681 1071 716 possum
1094 668 1274 705 vendere.
1337 667 1437 704 Mihi

110 729 348 766 frumentum
382 742 461 766 non
490 742 589 778 opus
619 737 686 773 est,
711 742 894 766 nummos
922 730 1021 766 volo.
1082 730 1185 766 Nam
1218 729 1439 778 sperabam,

52 804 92 829 10
110 791 237 841 inquit
273 801 411 839 arator,
453 807 516 831 me
554 794 605 831 ad
642 793 824 831 denarios
864 802 1167 843 perventurum3
1206 795 1286 840 sed,
1324 794 1352 831 si
1387 793 1439 831 ita

110 870 271 895 necesse
301 865 368 904 est,
401 857 538 907 quanti
570 859 810 896 frumentum
840 858 888 896 sit
917 858 1134 896 considera.
1194 858 1322 896 Video
1353 857 1438 896 esse

111 921 212 959 binis
244 923 325 960 Hs.
386 923 495 971 Quid
524 936 615 973 ergo
649 937 672 961 a
706 937 768 961 me
803 922 873 961 tibi
901 936 1153 960 nummorum
1182 923 1264 960 dari
1294 932 1434 973 potest,

110 1000 201 1024 cum
235 994 393 1025 senatus
431 987 502 1026 tibi
541 996 751 1037 quaternos
792 989 862 1026 HS
902 987 1083 1026 dederit?
1139 987 1248 1036 Quid
1282 988 1438 1037 poscit?

111 1051 316 1090 Attendite
345 1060 394 1098 et,
426 1065 494 1090 vos
522 1066 682 1102 quaeso,
712 1052 838 1100 simul,
871 1052 1032 1099 iudices,
1064 1052 1301 1102 aequitatem
1333 1067 1438 1103 prae-

0 1101 4 1174 ξ
54 1129 91 1159 15
111 1115 204 1154 toris
223 1116 427 1154 attendite.
486 1117 709 1165 Quaternos
736 1118 816 1163 HS,
840 1130 939 1166 quos
965 1116 1059 1154 mihi
1087 1125 1244 1154 senatus
1266 1118 1437 1155 decrevit
1461 1127 1521 1162 197

110 1188 149 1218 et
169 1194 215 1218 ex
234 1181 382 1219 aerario
402 1181 523 1228 dedit,
546 1195 619 1231 ego
648 1181 805 1219 habebo
830 1189 867 1219 et
892 1181 930 1218 in
961 1180 1098 1219 cistam
1129 1183 1355 1219 transferam
1387 1183 1437 1220 de

109 1245 215 1283 fisco.
276 1245 384 1294 Quid
405 1248 573 1295 postea?
603 1246 731 1295 quid?
789 1247 864 1283 Pro
885 1245 1046 1295 singulis
1067 1246 1220 1292 modiis,
1245 1260 1344 1295 quos
1367 1246 1437 1284 tibi

108 1309 269 1360 impero,
302 1318 343 1348 tu
374 1310 470 1348 mihi
499 1318 665 1348 octonos
698 1312 767 1349 HS
797 1311 903 1348 dato.
972 1312 1062 1359 Qua
1091 1310 1270 1349 ratione?
1327 1311 1437 1359 Quid

109 1375 263 1425 quaeris
287 1375 511 1414 rationem?
541 1389 621 1414 non
643 1384 792 1413 tantam
814 1375 1006 1413 rationem
1028 1389 1087 1414 res
1108 1376 1227 1414 habet
1248 1385 1435 1425 quantam

50 1456 90 1478 20
109 1440 317 1478 utilitatem
350 1448 470 1490 atque
508 1441 704 1490 praedam.
768 1440 853 1486 Dic,
887 1440 965 1487 dic,
1003 1440 1130 1489 inquit
1164 1440 1239 1487 ille,
1269 1441 1432 1490 planius.

109 1506 274 1543 Senatus
302 1513 340 1543 te
366 1505 489 1543 voluit
513 1505 609 1543 mihi
641 1518 840 1551 nummos,
862 1518 925 1543 me
949 1505 1018 1543 tibi
1047 1506 1285 1543 frumentum
1317 1507 1434 1545 dare:

108 1578 150 1608 tu
170 1585 237 1609 eos
258 1584 442 1609 nummos
464 1584 563 1620 quos
586 1570 682 1608 mihi
703 1578 861 1609 senatus
884 1571 976 1608 dare
998 1570 1119 1608 voluit
1142 1570 1224 1620 ipse
1246 1571 1436 1619 habebis3

107 1649 130 1673 a
157 1650 229 1682 me,
248 1635 310 1674 cui
323 1636 497 1686 singulos
514 1635 696 1674 denarios
709 1649 731 1673 a
748 1643 785 1673 te
799 1635 882 1674 dari
897 1635 1080 1685 oportuit,
1101 1635 1215 1673 binos
1230 1637 1379 1674 auferes
1396 1645 1434 1675 et

107 1701 199 1739 huic
220 1702 387 1751 praedae
416 1715 462 1739 ac
491 1701 702 1751 direptioni
733 1702 854 1738 cellae
879 1714 1026 1738 nornen
1054 1700 1262 1750 impones?
1321 1703 1435 1739 Haec
1460 1709 1517 1749 ¹98

50 1780 87 1812 ²5
107 1768 241 1805 deerat
267 1766 407 1804 iniuria
433 1774 471 1804 et
499 1767 596 1804 haec
625 1765 824 1804 calamitas
853 1765 1071 1802 aratoribus
1096 1772 1134 1803 te
1159 1773 1335 1814 praetore
1356 1779 1434 1815 qua

107 1831 264 1881 reliquis
304 1831 469 1869 fortunis
507 1830 692 1869 omnibus
730 1837 1003 1868 everterentur.
1072 1831 1175 1868 Nam
1215 1830 1310 1880 quid
1349 1844 1434 1869 esse

106 1896 244 1947 reliqui
271 1904 422 1947 poterat
443 1896 478 1934 ei
499 1896 566 1946 qui
593 1910 661 1946 per
682 1897 783 1933 hanc
805 1895 985 1933 iniuriam
1007 1909 1087 1934 non
1116 1896 1236 1934 modo
1264 1896 1432 1933 fructum

106 1974 267 2000 omnem
299 1961 505 2008 amitteret,
537 1962 607 1999 sed
636 1960 753 1999 etiam
785 1973 904 1999 omne
930 1960 1233 1998 instrumentum
1264 1961 1433 1998 vendere

151 2070 169 2098 4
194 2059 344 2099 improbe
365 2057 447 2088 VO:
475 2059 615 2098 improbi
629 2063 653 2098 p
672 2058 735 2089 rell.
886 2067 903 2095 7
930 2058 1070 2088 denario
1088 2057 1233 2087 modium
1253 2057 1283 2087 O
1415 2058 1434 2086 8

107 2103 214 2133 ternis
239 2103 307 2133 cO:
334 2103 441 2133 tribus
460 2108 484 2142 p
508 2102 571 2132 rell.
750 2112 771 2140 9
795 2100 999 2131 frumentum
1030 2100 1095 2131 cO:
1124 2101 1292 2131 frumento
1315 2105 1339 2140 p
1365 2101 1429 2132 rell.

107 2147 193 2177 Nam
210 2146 399 2186 Naugerius
417 2146 452 2185 (i,
468 2149 482 2182 ξ
504 2154 582 2183 133;
616 2144 648 2183 ii,
668 2146 683 2181 ξ
704 2144 758 2183 72)
776 2155 783 2174 z
808 2153 874 2173 non
887 2148 910 2182 p
928 2144 1014 2173 rell.:
1039 2154 1104 2175 om.
1125 2143 1155 2174 O
1318 2154 1434 2184 spera-

106 2190 180 2220 bam
197 2189 286 2230 ch:
310 2199 525 2228 speraveram
541 2193 566 2228 ρ
583 2188 647 2218 rell.
774 2197 812 2226 13
836 2189 944 2226 poscit
964 2187 1013 2216 O:
1041 2188 1146 2227 possit
1161 2193 1184 2226 j>
1202 2187 1265 2218 rell.
1395 2198 1429 2225 14

107 2233 233 2264 iudices
251 2234 346 2264 simul
365 2231 396 2262 O
518 2242 553 2270 17
580 2231 669 2270 Quid
687 2234 863 2270 praeterea
883 2230 925 2261 Οι
1045 2241 1087 2260 20
1113 2231 1165 2260 dic
1184 2231 1235 2260 dic
1253 2229 1321 2260 cO:
1345 2231 1396 2260 dic
1409 2238 1434 2272 p

107 2276 171 2306 rell.
312 2287 352 2306 22
376 2275 483 2307 habes
502 2275 532 2305 O
673 2283 715 2312 23
738 2273 895 2304 denarios
911 2284 930 2303 a
947 2277 981 2303 te
999 2273 1070 2303 dari
1096 2274 1139 2303 πΙε
1155 2285 1160 2302 :
1186 2273 1344 2304 denarios
1362 2275 1432 2304 dari

105 2316 168 2348 rell.
188 2320 315 2356 praeter
332 2315 361 2345 Ο
378 2316 474 2354 (dare
491 2315 665 2346 denarios*
782 2315 913 2346 auferes
930 2341 935 2346 .
955 2339 961 2346 .
985 2340 991 2345 .
1012 2316 1163 2353 impones
1181 2327 1214 2345 c:
1241 2316 1350 2346 aufers
1366 2340 1373 2347 .
1395 2342 1401 2347 .
1423 2341 1430 2348 .

105 2360 247 2433 impznis
281 2358 450 2431 rellbedd.
586 2360 627 2389 28
653 2358 821 2389 amitteret
851 2359 898 2389 O:
939 2359 1092 2389 amittere
1119 2363 1144 2397 p
1177 2359 1241 2390 rell.
1333 2369 1433 2390 omne

101 2409 124 2445 p
143 2413 174 2433 re
201 2413 230 2432 .:
255 2412 319 2432 om.
