1715 2734
143 61 197 97 26
218 65 260 96 66
587 61 643 98 M.
675 61 844 98 TVLLI
876 59 1182 99 CICERONIS

215 170 344 210 vincia
359 170 616 224 suburbana}
650 173 795 210 Nonne
810 171 944 210 omnia
957 170 1087 221 potius
1101 170 1184 210 eius
1201 171 1309 210 modi
1325 178 1416 210 sunt
1430 184 1542 222 quae,

216 235 245 274 si
269 236 443 275 Athenio
473 250 538 275 rex
566 235 816 285 fugitivorum
838 235 1004 283 vicisset,
1028 236 1067 274 in
1098 236 1229 274 Sicilia
1259 250 1340 275 non
1361 236 1546 275 fecisset?

217 303 323 348 Non,
352 301 526 351 inquam,
551 301 712 349 iudices,
741 309 844 340 esset
875 303 993 340 ullam
1025 309 1174 352 partem
1206 301 1316 340 istius
1347 302 1546 352 nequitiae

218 366 467 416 fugitivorum
490 366 699 405 insolentia
719 374 943 405 consecuta.

147 445 197 484 27
273 431 455 470 Privatim
497 433 572 469 hoc
612 433 757 470 modo:
796 431 922 481 quid?
956 431 1114 481 publice
1152 431 1328 470 civitates
1361 439 1583 479 tractatae5

216 510 334 547 quern
365 498 415 535 ad
447 498 610 534 modum
641 498 761 534 sunt?
817 496 995 535 Audistis
1025 498 1227 546 permulta,
1256 497 1416 544 iudices,
1445 497 1547 535 testi-

154 565 195 606 67
217 561 350 599 monia
379 561 593 605 civitatum,
626 568 663 599 et
693 560 930 610 reliquarum
959 561 1140 600 audietis.
1198 564 1259 600 Ac
1293 562 1463 612 primum
1496 563 1547 600 de

216 626 448 677 Agyrinensi
489 627 638 676 populo
681 627 788 664 fideli
827 634 865 664 et
905 626 1056 665 inlustri
1101 627 1267 665 breviter
1305 627 1542 677 cognoscite.

216 691 468 742 Agyrinensis
498 701 556 730 est
578 691 615 729 in
639 691 772 741 primis
802 693 969 730 honesta
1000 692 1154 731 Siciliae
1181 692 1316 731 civitas
1338 693 1545 730 hominum

213 766 304 795 ante
326 759 431 795 bunc
453 764 670 807 praetorem
698 757 954 807 locupletium
983 770 1309 807 summorumque
1333 767 1542 795 aratorum.
1568 773 1606 794 10

215 822 309 860 Eius
336 822 415 872 agri
445 823 634 860 decumas
665 836 754 860 cum
786 822 945 860 emisset
976 822 1080 860 idem
1112 823 1322 872 Apronius,
1355 822 1545 872 Agyrium

212 887 327 925 venit.
389 887 468 936 Qui
496 900 586 925 cum
617 887 904 937 apparitoribus
935 900 982 925 eo
1013 895 1051 925 et
1080 887 1116 924 vi
1143 900 1188 925 ac
1219 887 1334 925 minis
1362 887 1542 934 venisset,

212 966 372 1002 poscere
394 952 604 1003 pecuniam
628 953 817 1002 grandem
839 952 969 1002 coepit
992 960 1032 990 ut
1053 960 1219 1002 accepto
1240 954 1348 990 lucro
1369 952 1545 991 discede-

211 1025 290 1065 ret,
325 1019 429 1056 nolle
459 1031 500 1055 se
530 1017 661 1067 negoti
683 1017 895 1067 quicquam
927 1017 1071 1055 babere
1092 1016 1260 1064 dicebat,
1283 1018 1352 1055 sed
1382 1025 1544 1067 accepta

210 1082 379 1131 pecunia
406 1083 505 1121 velle
531 1095 649 1132 quam
679 1081 848 1132 primum
879 1081 917 1119 in
948 1081 1065 1120 aliam
1096 1081 1293 1120 civitatem
1325 1094 1538 1120 occurrere.
1564 1100 1603 1133 15

209 1149 308 1186 Sunt
356 1161 495 1186 omnes
545 1146 664 1186 Siculi
713 1160 793 1186 non
847 1147 1142 1193 contemnendi,
1192 1146 1224 1185 si
1271 1160 1340 1197 per
1387 1154 1542 1186 nostros

209 1213 456 1263 magistratus
495 1212 619 1259 liceat,
662 1213 732 1250 sed
772 1211 953 1250 homines
993 1219 1031 1250 et
1070 1212 1162 1250 satis
1195 1213 1313 1251 fortes
1348 1220 1385 1250 et
1426 1213 1542 1262 plane

209 1278 303 1327 frugi
339 1291 385 1316 ac
417 1277 550 1325 sobrii,
578 1285 615 1316 et
650 1277 689 1315 in
725 1277 859 1327 primis
895 1279 993 1315 haec
1028 1276 1164 1315 civitas
1194 1278 1245 1316 de
1275 1290 1353 1326 qua
1387 1278 1538 1327 loquor,

144 1353 185 1385 68
208 1343 368 1381 iudices.
430 1345 570 1393 Itaque
609 1342 759 1380 homini
801 1342 1093 1392 improbissimo
1132 1344 1373 1392 respondent
1407 1342 1540 1392 Agyri-

207 1422 348 1446 nenses
370 1422 454 1447 sese
475 1410 663 1447 decumas
684 1407 717 1445 ei
744 1420 862 1457 quem
883 1408 934 1445 ad
957 1408 1119 1445 modum
1143 1408 1332 1445 deberent
1354 1408 1513 1445 daturos
1531 1423 1537 1445 :
1560 1424 1602 1446 20

206 1475 369 1521 lucrum,
392 1487 482 1512 cum
504 1473 569 1511 ille
596 1486 740 1523 magno
761 1472 985 1522 praesertim
1018 1471 1187 1519 emisset,
1212 1486 1292 1510 non
1320 1472 1535 1511 addituros.

132 1541 183 1578 28
206 1538 404 1589 Apronius
429 1538 634 1577 certiorem
657 1537 747 1576 facit
774 1537 891 1575 istum
923 1539 1010 1576 cuia
1032 1551 1090 1575 res
1115 1545 1205 1575 crat.
1266 1537 1416 1585 Statim,
1445 1546 1539 1576 tam-

205 1617 323 1654 quam
357 1603 576 1642 coniuratio
604 1603 737 1653 aliqua
769 1602 886 1653 Agyri
925 1611 1061 1640 contra
1092 1616 1173 1641 rem
1204 1602 1403 1653 publicam
1437 1603 1538 1641 facta

200 1677 267 1707 aut
288 1670 436 1719 legatus
453 1668 640 1720 praetoris
662 1669 837 1718 pulsatus
859 1675 972 1715 esset,
992 1667 1043 1705 ita
1065 1667 1209 1717 Agyrio
1232 1667 1477 1718 magistratus
1499 1675 1536 1707 et

201 1733 376 1784 quinque
399 1734 511 1785 primi
532 1734 659 1773 accitu
688 1733 797 1772 istius
821 1740 1042 1772 evocantur.
1104 1733 1279 1771 Veniunt
1301 1734 1535 1782 Syracusas,-
1556 1747 1594 1779 ²5

199 1808 354 1850 praesto
393 1807 450 1839 est
486 1800 685 1850 Apronius
704 1815 712 1846 ;
750 1799 803 1838 ait
839 1812 906 1837 eos
939 1799 1044 1849 ipsos
1074 1798 1141 1848 qui
1171 1798 1368 1837 venissent
1399 1807 1534 1837 contra

199 1866 372 1905 edictum
388 1866 574 1917 praetoris
593 1866 741 1905 secisse.
793 1865 1058 1914 Quaerebant,
1078 1863 1204 1914 quid?
1249 1864 1533 1914 Respondebat

247 1981 258 2000 1
287 1976 362 2001 sunt
379 1981 444 2001 0171.
464 1970 493 2000 O
509 1970 579 2001 edel.
704 1981 722 2000 2
748 1980 807 2000 rex
827 1969 953 2008 fugitiv.
977 1968 1044 1999 cO:
1069 1979 1133 1998 om.
1153 1967 1219 1999 rell.
1241 1967 1309 1998 edd.
1432 1978 1469 1998 12
1493 1979 1533 1998 eo

200 2020 232 2044 et
254 2014 283 2044 vi
307 2025 344 2044 ac
372 2015 469 2044 minis
492 2016 603 2053 scripsi
629 2019 675 2043 'et
704 2024 776 2043 cum
803 2013 832 2043 vi
859 2012 983 2042 Halm}
1004 2023 1010 2042 t
1043 2022 1084 2042 eo
1107 2017 1139 2041 ct
1158 2022 1230 2041 cum
1249 2010 1393 2050 agminis
1416 2011 1461 2041 1⁷:
1492 2022 1534 2041 eo

199 2068 272 2088 cum
290 2058 321 2088 vi
338 2068 376 2088 ac
396 2058 495 2087 minis
511 2058 575 2097 qu
584 2057 673 2097 sorte
693 2061 767 2087 recle
786 2057 836 2095 (ζῖ.
853 2056 884 2095 ii,
908 2058 923 2092 ξ
943 2064 998 2094 421
1017 2067 1022 2085 :
1049 2057 1078 2085 vi
1099 2066 1135 2085 ac
1156 2056 1252 2085 minis
1270 2066 1310 2085 eo
1327 2055 1357 2085 O
1372 2059 1400 2084 et
1416 2054 1532 2085 Lamb.

200 2113 232 2131 m
251 2112 317 2141 mg.
341 2103 420 2140 1584
440 2100 503 2141 (pCl.
526 2102 602 2131 Rev.
624 2101 713 2131 xviii.
728 2106 760 2141 p.
781 2102 836 2138 26>
945 2109 981 2138 15
1008 2099 1092 2129 velle
1111 2097 1180 2128 cO:
1206 2109 1271 2130 om.
1288 2104 1311 2139 s>
1328 2098 1415 2137 vulg.
1502 2098 1532 2128 in

199 2146 297 2176 aliam
316 2146 377 2176 ciV.
399 2155 577 2175 occurrere
598 2144 647 2174 V:
673 2144 703 2174 in
716 2154 781 2174 om.
798 2149 821 2183 p
841 2142 907 2174 rell.
926 2154 931 2172 :
957 2143 1054 2173 aliam
1074 2142 1134 2172 civ.
1150 2152 1317 2181 occupare
1334 2141 1443 2171 Oedd.
1459 2152 1529 2172 recc.

204 2191 241 2218 16
265 2199 384 2219 omnes
408 2188 468 2218 VO
486 2201 490 2218 :
519 2188 670 2218 homines
686 2192 708 2226 p
726 2187 790 2217 ΝΗ.
888 2197 923 2225 ¹7
949 2192 982 2216 et
1001 2190 1091 2216 (ante
1104 2186 1200 2215 satis*
1220 2195 1286 2216 om.
1307 2185 1356 2214 V:
1382 2190 1415 2215 et
1428 2185 1533 2215 sortes

200 2233 281 2262 satis
292 2233 333 2261 rrk
344 2231 402 2262 sed
412 2242 487 2262 cnm
501 2233 603 2271 szgm's
617 2235 741 2270 transf).
752 2236 776 2270 p
850 2234 883 2260 et
895 2229 975 2260 satis
990 2230 1118 2269 planes>
1132 2228 1218 2258 codd.
1231 2232 1359 2267 praeter
1374 2228 1409 2261 V.
1425 2229 1458 2258 1'11
1471 2239 1534 2268 quo

199 2280 244 2306 est
260 2277 318 2306 scd
340 2276 437 2316 plane
453 2275 553 2313 (Am.
571 2274 607 2312 J.
622 2274 683 2304 Ph.
700 2274 811 2304 xxviii.
832 2274 907 2312 144)
975 2284 1012 2311 ¹9
1036 2273 1160 2302 homini
1179 2271 1273 2301 140.-
1296 2272 1421 2302 homini
1436 2272 1530 2311 impr.

194 2324 219 2358 p
237 2319 298 2350 rcll.
383 2329 421 2349 21
452 2329 558 2357 praes.
575 2328 693 2356 magno
707 2318 737 2347 O
814 2327 854 2346 22
879 2322 950 2347 erat
970 2316 1050 2346 l'O:
1069 2321 1139 2345 crat
1157 2316 1236 2354 quid
1256 2316 1302 2345 rei
1321 2320 1410 2345 esset
1424 2320 1448 2354 p
1466 2314 1531 2345 rell.
