1715 2734
159 75 218 115 68
239 90 300 124 157
602 80 659 118 M.
690 79 860 117 TVLLI
891 79 1200 118 CICERONIS

154 649 213 688 158

152 1174 212 1207 159

153 1823 212 1853 160

235 196 390 236 tassem,
413 188 487 228 nisi
508 197 550 228 ut
571 203 618 228 ex
637 203 684 228 ea
699 189 819 228 totius
839 189 1010 228 familiae
1031 196 1239 240 praecepta
1260 197 1298 228 et
1325 188 1503 228 instituta
1529 195 1568 228 et

235 253 483 304 disciplinam
524 254 825 304 cognosceretis.
886 254 1039 293 Videtis
1071 263 1113 293 ut
1153 262 1313 292 moneat
1343 253 1566 304 Apronium

234 318 378 368 quibus
417 320 532 357 rebus
571 333 617 356 ac
648 318 878 357 muneribus
917 333 959 357 se
988 319 1162 358 insinuet
1196 318 1235 356 in
1266 317 1567 356 familiaritatem

236 383 399 431 Metelli,
433 384 635 422 Volteium
671 391 907 433 corrumpat,
940 384 1087 423 scribas
1118 396 1412 433 accensumque
1441 382 1568 432 pretio

233 449 415 487 deleniat.
477 451 534 486 Ea
554 448 743 499 praecipit
764 462 866 498 quae
896 449 1004 495 vidit,
1029 462 1075 487 ea
1095 457 1230 488 monet
1250 448 1424 487 alienum
1445 448 1568 485 homi-

234 528 325 552 nem
353 528 453 564 quao
474 514 584 552 domi
604 514 744 553 didicit
765 514 872 564 ipse3
902 528 1035 553 verum
1059 515 1098 553 in
1127 517 1203 553 hoc
1225 521 1324 570 errat
1344 527 1435 560 unO,
1459 513 1568 563 quod

234 578 427 616 existimat
448 580 607 617 easdem
629 578 711 617 vias
725 581 777 618 ad
791 579 969 617 omnium
987 579 1267 618 familiaritates
1281 592 1367 618 esse
1384 577 1565 616 munitas.

234 644 488 693 Quamquam
520 644 659 682 merito
689 658 777 682 sum
807 644 926 683 iratus
958 646 1134 692 Metello,
1167 653 1300 683 tamen
1339 645 1436 682 haec
1467 656 1568 693 quae

233 722 322 746 vera
343 716 433 747 sunt
453 709 595 748 dicam.
655 709 855 760 Apronius
883 709 1011 760 ipsum
1036 711 1242 748 Metellum
1265 723 1345 747 non
1366 708 1502 759 pretio,
1526 716 1568 746 ut

233 775 406 820 Verrem,
436 788 517 812 non
543 774 736 822 convivio,
769 788 850 813 non
883 775 1059 822 muliere,
1088 788 1170 813 non
1200 788 1382 814 sermone
1411 774 1568 823 impuro

232 846 351 889 atque
372 839 554 889 improbo
575 848 708 890 posset
729 854 989 891 corrumpere,
1009 840 1153 890 quibus
1179 841 1295 879 rebus
1320 853 1401 878 non
1421 838 1567 877 sensim

232 911 350 953 atque
381 906 584 943 moderate
612 906 664 944 ad
704 905 814 943 istius
843 905 1056 943 amicitiam
1087 906 1323 955 adrepserat,
1358 905 1429 943 sed
1460 903 1567 942 brevi

233 977 410 1019 tempore
444 977 571 1008 totum
603 970 807 1008 hominem
838 978 1042 1020 totamque
1072 970 1155 1009 eius
1187 977 1407 1020 praeturam
1437 981 1568 1019 possc-

233 1035 342 1072 derat
361 1049 371 1082 3
398 1036 602 1073 cohortem
623 1042 755 1073 autem
775 1036 939 1082 Metelli,
958 1049 1077 1085 quam
1098 1043 1224 1082 vocat,
1244 1034 1340 1084 quid
1361 1041 1442 1072 erat
1458 1035 1567 1083 quod

232 1108 509 1150 corrumperet,
520 1113 652 1149 exqua
666 1108 957 1150 recuperatores
975 1101 1014 1138 in
1028 1109 1221 1138 aratorem
1238 1099 1567 1138 nullidabantur?

234 1166 337 1203 Nam
363 1166 472 1215 quod
501 1165 635 1203 scribit
667 1164 819 1203 Metelli
851 1165 974 1202 filium
999 1178 1164 1215 puerum
1195 1178 1290 1211 esse,
1314 1165 1568 1203 vehementer

232 1237 356 1277 errat,
386 1243 466 1268 non
480 1230 586 1268 enim
607 1231 658 1268 ad
679 1229 809 1267 omnis
830 1237 1054 1279 praetorum
1076 1230 1176 1268 filios
1194 1230 1299 1268 idem
1313 1229 1442 1268 aditus
1463 1237 1564 1267 sunt.

233 1296 269 1334 O
293 1294 561 1343 Timarchide,
584 1294 736 1333 Metelli
761 1303 819 1333 est
850 1295 951 1332 filius
979 1295 1018 1333 in
1045 1294 1247 1345 provincia
1267 1308 1348 1332 non
1367 1308 1473 1344 puer,
1497 1295 1567 1332 sed

231 1361 466 1399 adulescens
492 1361 647 1410 pudens
671 1373 717 1398 ac
747 1361 890 1407 bonus,
920 1359 1062 1409 dignus
1092 1360 1158 1398 illo
1188 1361 1277 1398 loco
1305 1373 1352 1397 ac
1382 1359 1568 1407 nomine3

232 1433 358 1463 vester
378 1425 450 1464 iste
482 1438 580 1474 puer
606 1432 869 1474 praetextatus
890 1424 929 1462 in
952 1424 1152 1475 provincia
1173 1438 1292 1474 quern
1319 1425 1370 1463 ad
1400 1425 1565 1462 modum

232 1490 367 1528 suisset
388 1504 467 1528 non
490 1490 662 1528 dicerem
685 1490 715 1527 si
738 1489 847 1540 pueri
868 1504 953 1528 esse
975 1490 1078 1527 illam
1101 1491 1257 1539 culpam
1279 1503 1325 1528 ac
1346 1502 1426 1528 non
1447 1489 1566 1539 patris

232 1555 505 1593 existimarem.
565 1557 692 1601 Tune,
716 1569 807 1593 cum
833 1563 871 1593 te
898 1569 943 1593 ac
968 1563 1075 1593 tuam
1098 1555 1217 1593 vitam
1239 1568 1386 1602 nosses,
1410 1554 1449 1592 in
1475 1554 1566 1593 Sici-

232 1620 323 1658 liam
374 1628 505 1659 tecum
556 1622 745 1669 grandem
798 1628 1083 1670 praetextatum
1124 1620 1246 1657 filium
1287 1620 1476 1666 ducebas,
1509 1628 1563 1666 ut,

231 1685 383 1723 etiamsi
423 1693 560 1723 natura
599 1698 764 1734 puerum
803 1699 826 1723 a
861 1686 1031 1736 paternis
1070 1685 1172 1723 vitiis
1211 1694 1329 1735 atque
1361 1699 1383 1723 a
1413 1684 1565 1734 generis

231 1751 488 1789 similitudine
507 1752 733 1797 abduceret,
757 1752 1005 1790 consuetudo
1026 1759 1158 1789 tamen
1189 1764 1279 1789 eum
1300 1759 1338 1789 et
1359 1750 1566 1800 disciplina

231 1817 468 1866 degenerare
497 1829 578 1854 non
609 1815 781 1854 sineret?
840 1818 917 1854 Fac
947 1816 1052 1855 enim
1083 1816 1202 1855 fuisse
1231 1815 1270 1853 in
1301 1828 1349 1854 eo
1379 1816 1422 1855 C.
1456 1815 1565 1853 Laeli

230 1889 297 1919 aut
324 1882 378 1918 M.
405 1881 569 1920 Catonis
600 1881 802 1920 materiem
823 1890 942 1932 atque
963 1882 1165 1920 indolem:
1196 1881 1292 1932 quid
1319 1894 1366 1920 ex
1394 1894 1442 1919 eo
1471 1880 1565 1919 boni

232 1946 374 1996 sperari
396 1953 514 1995 atque
535 1945 634 1984 effici
660 1954 789 1996 potest
810 1947 876 1997 qui
898 1947 936 1985 in
966 1947 1083 1997 patris
1111 1946 1259 1985 luxurie
1285 1946 1341 1985 sic
1361 1945 1496 1984 vixerit
1522 1953 1564 1984 ut

232 2013 384 2049 nullum
433 2025 622 2061 umquam
677 2013 865 2062 pudicum
918 2027 1048 2062 neque
1109 2013 1284 2051 sobrium
1338 2011 1562 2050 convivium

280 2126 292 2145 1
320 2116 365 2145 uti
387 2115 416 2145 O
529 2126 549 2155 3
573 2126 610 2147 se
627 2116 674 2147 cO
693 2127 700 2147 t
725 2127 790 2148 om.
811 2117 876 2147 rell.
993 2128 1011 2156 4
1035 2126 1266 2156 accensusque
1286 2116 1326 2153 O,
1347 2115 1432 2146 unde
1447 2114 1561 2147 Muell.

234 2169 352 2198 >osque
508 2169 526 2197 5
551 2160 689 2190 deliniat
704 2165 726 2200 j>
885 2171 924 2191 10
948 2170 1106 2191 sermone
1125 2161 1298 2200 incautop
1466 2168 1502 2198 15
1528 2159 1561 2188 in

233 2211 398 2233 aratorem
415 2203 462 2233 cO
480 2215 486 2233 :
511 2214 574 2234 om.
590 2207 614 2242 p
631 2208 658 2233 e!
670 2204 748 2243 plcr.
877 2215 915 2243 19
938 2205 1071 2243 pudens
1088 2214 1125 2234 ac
1144 2204 1253 2233 bonus
1265 2208 1289 2242 p
1305 2206 1333 2233 et
1345 2202 1424 2243 pler.
1445 2204 1479 2241 (ξ
1502 2203 1562 2232 160

233 2246 335 2285 infra)
355 2257 362 2276 z
401 2247 507 2277 bonus
525 2257 563 2277 ac
580 2247 711 2286 pudens
729 2247 912 2285 (prudens)
934 2247 964 2278 O
982 2247 1025 2278 al.
1177 2257 1219 2278 20
1244 2247 1306 2277 iste
1327 2246 1356 2276 O
1373 2257 1379 2276 ε
1420 2245 1474 2276 ille
1492 2245 1557 2277 rell.

235 2299 270 2318 21
298 2289 395 2330 [nonl
412 2295 487 2320 ante
504 2290 651 2320 dicerem
669 2289 798 2331 Plto'g„
816 2290 933 2331 Kays„
952 2290 1063 2322 Muell.
1157 2291 1200 2321 26
1223 2300 1264 2321 eo
1282 2288 1329 2321 cO
1347 2301 1354 2320 :
1379 2289 1479 2329 istop
1492 2288 1556 2320 rell.

234 2341 275 2371 27
299 2337 357 2363 aut
373 2331 420 2363 cO
435 2344 440 2363 ε
467 2343 531 2364 om.
546 2337 572 2372 p
589 2333 655 2366 rell.

1588 461 1606 494 5

1591 786 1628 808 10

1590 1109 1625 1141 ¹5

1588 1438 1627 1459 20
