1715 2734
90 35 146 82 36
166 42 208 83 89
534 36 591 73 M.
623 35 792 73 TVLLI
823 35 1132 75 CICERONIS

161 154 281 197 atque
305 146 490 186 incensus
521 147 733 198 hospitium
765 147 800 186 ei
829 147 1037 195 renuntiat,
1064 149 1188 199 domo
1217 148 1300 188 eius
1330 150 1494 202 emigrat

161 219 280 262 atque
313 213 416 252 adeo
446 212 548 260 exit3
587 226 679 250 nam
711 212 789 251 iam
820 221 911 252 ante
945 213 1161 263 emigrarat.
1190 265 1193 267 Β
1222 216 1326 253 Eum
1360 223 1494 255 autem

161 277 291 315 statim
309 277 567 316 inimicissimi
589 277 725 316 Stheni
742 279 907 317 domum
928 292 1039 317 suam
1060 278 1236 327 invitant,
1255 287 1297 318 ut
1316 280 1494 319 animum

161 341 244 380 eius
265 342 305 380 in
327 342 533 381 Sthenium
555 341 845 381 inflammarent
865 343 1120 383 ementiendo
1140 344 1290 394 aliquid
1311 353 1349 384 et
1370 345 1495 384 crimi-

162 408 306 445 nando.
368 407 424 444 Hi
453 415 586 445 autem
617 415 727 445 erant
753 407 901 445 inimici
927 407 1159 458 Agathinus,
1189 410 1312 448 homo
1336 409 1494 459 nobilis,

161 479 199 509 et
240 473 477 518 Dorotheus,
519 471 586 521 qui
626 472 799 511 habebat
842 472 882 510 in
922 472 1173 512 matrimonio
1218 473 1492 522 Callidamam,

161 536 348 586 Agathini
391 536 475 575 eius
518 536 663 585 filiam3
711 538 762 576 de
803 551 882 587 qua
920 537 992 577 iste
1034 537 1224 586 audierat,
1262 538 1395 589 itaque
1442 541 1493 579 ad

160 616 347 652 generum
373 601 561 652 Agathini
588 603 752 653 migrare
783 602 930 641 maluit.
989 604 1080 641 Vna
1112 616 1191 641 nox
1222 603 1493 643 intercesserat

160 680 251 705 cum
283 666 355 706 iste
392 668 640 705 Dorotheum
671 667 727 706 sic
756 667 943 718 diligebat
972 675 1015 706 ut
1043 666 1195 706 diceres
1229 668 1363 706 omnia
1392 668 1493 708 inter

159 745 227 770 eos
257 746 343 771 esse
367 732 605 780 communia,
638 733 881 783 Agathinum
909 732 962 771 ita
988 733 1223 772 observabat
1250 742 1293 772 ut
1319 733 1491 784 aliquem

158 798 331 836 adfinem
374 805 494 848 atque
536 797 830 848 propinquum,
877 805 1132 837 contemnere
1174 797 1292 837 etiam
1336 798 1491 849 signum

160 862 256 902 illud
299 863 489 903 Himerae
537 864 614 902 iam
658 864 878 911 videbatur,
916 865 1025 914 quod
1064 877 1155 902 eum
1201 864 1326 902 multo
1369 863 1492 914 magis

89 915 140 954 37
160 929 282 979 figura
311 936 349 967 et
378 928 609 968 liniamenta
643 928 822 979 hospitae
852 929 1113 967 delectabant.
1176 929 1316 978 Itaque
1347 928 1491 966 hortari

98 977 141 1009 90

99 1922 137 1954 91

160 993 341 1032 homines
371 993 502 1044 coepit
531 1002 574 1032 ut
602 993 753 1044 aliquid
783 992 948 1032 Sthenio
977 992 1138 1043 periculi
1165 1000 1341 1031 crearent
1367 992 1492 1031 crimi-

159 1058 299 1109 nisque
333 1060 615 1109 confingerent.
678 1058 876 1097 Dicebant
910 1072 951 1096 se
990 1057 1045 1096 illi
1076 1057 1173 1096 nihil
1206 1058 1351 1096 habere
1382 1059 1491 1108 quod

158 1124 344 1163 dicerent.
404 1126 509 1163 Turn
541 1124 613 1163 iste
644 1123 690 1163 iis
716 1132 850 1174 aperte
879 1122 1054 1162 ostendit
1083 1131 1121 1162 et
1148 1122 1395 1161 confirmavit
1424 1137 1492 1162 eos

159 1188 198 1227 in
219 1189 426 1228 Sthenium
448 1189 644 1239 quidquid
660 1190 818 1235 vellent,
839 1188 955 1227 simul
975 1195 1094 1238 atque
1113 1189 1164 1227 ad
1185 1201 1226 1227 se
1246 1188 1489 1234 detulissent,

158 1255 402 1305 probaturos.
464 1257 605 1304 Itaque
626 1254 680 1292 illi
705 1268 786 1293 non
808 1253 1104 1304 procrastinant,
1127 1252 1335 1292 Sthenium
1361 1253 1492 1291 statim

158 1321 344 1366 educunt,
389 1319 499 1358 aiunt
539 1320 589 1358 ab
638 1333 685 1358 eo
729 1318 875 1357 litteras
916 1317 1095 1369 publicas
1143 1331 1228 1357 esse
1276 1326 1489 1368 corruptas.

158 1384 343 1424 Sthenius
371 1386 543 1435 postulat
568 1391 621 1431 ut,
645 1397 735 1422 cum
767 1397 901 1422 secum
928 1382 987 1421 sui
1012 1382 1117 1421 cives
1143 1390 1260 1433 agant
1281 1384 1331 1421 de
1357 1382 1492 1422 litteris

158 1449 326 1500 publicis
351 1449 554 1500 corruptis,
578 1449 742 1499 eiusque
767 1448 820 1487 rei
843 1447 994 1498 legibus
1015 1447 1363 1486 Thermitanorum
1387 1447 1492 1486 actio

158 1515 217 1562 sit,
255 1522 494 1565 senatusque
533 1522 572 1553 et
611 1515 780 1564 populus
822 1515 1028 1551 Romanus
1063 1512 1341 1560 Thermitanis,
1382 1514 1491 1563 quod

159 1593 313 1630 semper
364 1579 404 1618 in
453 1579 626 1618 amicitia
677 1579 836 1628 fideque
887 1577 1133 1623 mansissent,
1189 1578 1328 1616 urbem
1379 1591 1492 1628 agros

159 1647 344 1696 legesque
365 1659 454 1684 suas
475 1644 712 1684 reddidisset
744 1642 987 1693 Publiusque
1016 1642 1200 1693 Rupilius
1221 1651 1358 1693 postea
1388 1644 1492 1693 leges

160 1710 213 1749 ita
246 1710 387 1749 Siculis
419 1725 466 1749 ex
497 1718 656 1749 senatus
692 1711 875 1748 consulto
904 1709 954 1747 de
988 1720 1016 1746 Χ
1046 1709 1262 1759 legatorum
1297 1708 1492 1747 sententia

160 1775 334 1815 dedisset
364 1784 406 1814 ut
435 1775 540 1814 cives
570 1775 670 1814 inter
697 1788 782 1813 sese
813 1773 964 1824 legibus
994 1772 1073 1811 suis
1103 1780 1273 1823 agerent,
1306 1772 1492 1823 idemque

161 1842 237 1879 hoc
275 1842 438 1880 haberet
476 1843 618 1879 Verres
656 1840 739 1890 ipse
779 1839 817 1877 in
858 1838 1013 1877 edicto:
1052 1845 1094 1876 ut
1133 1839 1183 1877 de
1215 1837 1274 1876 his
1306 1838 1491 1877 omnibus

160 1906 287 1944 causis
326 1920 367 1944 se
405 1907 456 1945 ad
494 1907 598 1955 leges
630 1906 802 1943 reiceret.
863 1905 943 1941 Iste
977 1904 1098 1941 homo
1130 1904 1308 1942 omnium
1342 1903 1492 1954 aequis-

160 1971 281 2009 simus
306 1979 425 2022 atque
451 1985 474 2010 a
500 1970 717 2021 cupiditate
744 1968 1028 2008 remotissimus
1054 1981 1094 2007 se
1125 1968 1373 2018 cogniturum
1404 1983 1489 2008 esse

1513 419 1531 452 5

1513 746 1554 769 10

1514 1398 1554 1420 20

160 2038 365 2075 confirmat
382 2052 390 2084 ;
420 2044 599 2087 paratum
623 2037 673 2074 ad
695 2047 853 2074 causam
879 2033 1091 2073 dicendam
1112 2033 1243 2072 venire
1264 2035 1360 2072 hora
1384 2047 1490 2073 nona
1510 2049 1552 2081 30

208 2149 218 2167 1
246 2144 346 2178 atque
364 2150 399 2170 c:
424 2144 457 2170 et
477 2139 570 2179 0qu
588 2140 620 2176 (ς
640 2147 681 2177 95
700 2137 803 2176 infra}
821 2148 827 2167 :
851 2147 915 2167 om.
935 2135 973 2165 ὁδ
1138 2145 1159 2174 3
1182 2136 1295 2166 statim
1308 2139 1384 2176 post
1398 2146 1489 2168 suam

156 2182 275 2213 habent
289 2182 325 2212 ὀδ
335 2182 402 2212 cdd.
510 2192 528 2221 5
546 2186 575 2212 et
592 2192 609 2221 7
629 2182 754 2212 inimici
773 2186 801 2212 et
818 2181 980 2221 Agathini
998 2181 1057 2212 del.
1071 2180 1108 2219 J.
1120 2181 1157 2219 J.
1175 2181 1348 2211 Hartman
1452 2182 1488 2211 16

158 2226 187 2256 is
201 2231 222 2266 p
240 2237 246 2256 :
272 2227 322 2256 his
343 2226 429 2266 vulg.
453 2226 520 2265 (his
538 2226 601 2256 iste
619 2226 653 2255 bt
836 2236 871 2265 17
897 2225 1026 2256 vellent
1050 2225 1199 2255 dicerent
1220 2229 1244 2264 p
1261 2229 1288 2254 ct
1303 2223 1391 2254 codd.
1407 2224 1486 2264 pler.

159 2280 200 2300 20
223 2279 296 2299 cum
314 2269 380 2299 cO:
405 2280 469 2300 om.
486 2275 509 2309 p
527 2269 591 2299 rell.
613 2280 659 2305 tv,
681 2271 696 2306 §
720 2269 798 2309 116)
932 2271 973 2299 26
996 2279 1032 2299 se
1051 2267 1100 2297 Ob
1216 2277 1256 2306 27
1282 2267 1421 2298 haberet
1440 2267 1486 2299 O:

159 2313 312 2346 habuerit
326 2318 348 2354 p
365 2313 429 2344 rell.
566 2323 607 2354 29
632 2313 817 2352 cupiditate
835 2311 899 2344 cO:
928 2312 1038 2354 cupid.
1057 2311 1147 2342 omni
1165 2316 1188 2352 p
1207 2311 1270 2342 rell.
