1715 2734
172 84 439 124 ACTIONIS
470 85 531 122 IN
561 85 606 124 C.
629 85 870 122 VERREM
900 82 1197 124 SECVNDAE
1228 86 1332 122 LIB.
1355 85 1391 121 V
1452 94 1496 130 31
1516 89 1559 120 80

171 196 361 234 luxuriem
400 196 663 246 libidinesque
701 206 790 235 suas
829 197 951 235 domo
989 210 1059 234 sua
1096 196 1358 245 regia—quae
1396 194 1496 245 regis

173 261 360 298 Hieronis
381 263 465 309 fuit,
486 276 563 311 qua
586 269 782 311 praetores
803 261 859 299 uti
880 263 1272 299 solent—contentus
1298 275 1378 299 non
1399 260 1496 308 fuit3

170 325 432 373 tabernacula,
450 340 569 376 quem
585 327 636 364 ad
657 328 821 364 modum
839 334 1045 364 consuerat
1062 325 1306 375 temporibus
1326 325 1494 372 aestivis,

169 391 278 438 quod
311 399 426 428 antea
460 391 736 438 demonstravi,
768 390 961 428 carbaseis
991 390 1142 428 intenta
1173 390 1267 428 velis
1297 389 1496 428 conlocari

131 468 147 497 5
169 453 278 492 iussit
298 455 338 492 in
358 455 479 501 litore,
503 457 611 504 quod
642 464 700 493 est
729 455 819 493 litus
848 457 886 492 in
914 456 1049 493 Insula
1075 455 1274 504 Syracusis
1294 462 1383 504 post
1405 456 1497 492 Are-

167 521 306 557 thusae
326 521 475 558 fontem
496 528 654 570 propter
674 521 802 569 ipsum
823 519 1026 558 introitum
1047 527 1166 569 atque
1195 519 1337 557 ostium
1360 526 1495 569 portus

166 597 335 622 amoeno
355 598 449 623 sane
469 592 508 622 et
527 585 577 622 ab
597 585 750 622 arbitris
778 592 929 623 remoto
958 586 1057 622 loco.
1120 584 1201 623 Hic
1222 586 1305 623 dies
1325 584 1494 622 aestivos
1514 591 1552 622 81

165 656 319 698 praetor
347 649 481 698 populi
513 649 700 696 Romani,
727 657 859 687 custos
888 650 1150 699 defensorque
1180 649 1414 700 provinciae,
1439 650 1494 688 sic

164 713 256 751 vixit
288 721 330 752 ut
364 714 569 752 muliebria
603 714 749 752 cotidie
774 714 953 753 convivia
981 723 1124 762 essent,
1155 715 1212 753 vir
1240 716 1493 755 accumberet

108 790 144 811 10
164 791 283 816 nemo
302 786 454 828 praeter
473 779 602 829 ipsum
623 787 661 817 et
689 787 973 829 praetextatum
995 779 1167 818 filium-
1177 780 1249 818 etsi
1277 781 1493 820 recte-sine

163 843 394 894 exceptione
414 845 588 883 dixeram
609 844 745 891 virum,
770 858 861 882 cum
882 844 945 882 isti
974 852 1113 891 essent,
1137 846 1337 883 neminem
1359 845 1488 884 fuisse.

161 910 256 947 Non
290 923 507 960 numquam
546 909 664 948 etiam
703 909 864 947 libertus
902 909 1176 949 Timarchides
1214 910 1487 958 adhibebatur,

161 975 342 1013 mulieres
370 983 503 1013 autem
533 982 679 1025 nuptae
708 975 862 1013 nobiles
892 983 1044 1026 praeter
1073 989 1192 1014 unam
1214 976 1323 1014 mimi
1347 976 1489 1015 Isidori

160 1038 292 1086 filiam,
324 1053 444 1089 quam
474 1039 546 1078 iste
575 1047 733 1089 propter
761 1053 937 1078 amorem
966 1041 1017 1078 ab
1049 1040 1212 1079 Rhodio
1243 1041 1404 1080 tibicine
1425 1042 1490 1079 ab·

103 1118 140 1148 ¹5
160 1106 333 1143 duxerat.
391 1107 502 1143 Erat
519 1105 617 1155 Pipa
636 1107 842 1155 quaedam,
860 1119 956 1144 uxor
971 1106 1225 1144 Aeschrionis
1242 1106 1485 1155 Syracusani,

159 1171 210 1208 de
241 1183 319 1220 qua
350 1169 512 1209 muliere
543 1170 700 1220 plurimi
731 1184 864 1209 versus
902 1170 969 1220 qui
1009 1171 1048 1208 in
1088 1171 1197 1210 istius
1231 1171 1486 1221 cupiditatem

159 1234 250 1273 facti
298 1242 389 1273 sunt
431 1242 514 1273 tota
551 1234 683 1273 Sicilia
726 1236 1069 1285 percelebrantur3
1117 1245 1197 1275 erat
1237 1237 1348 1284 Nice,
1389 1238 1488 1275 facie
1507 1246 1547 1276 82

158 1299 313 1347 eximia,
342 1307 384 1338 ut
413 1300 669 1350 praedicatur,
705 1314 800 1338 uxor
831 1301 1036 1339 Cleomeni
1066 1302 1306 1350 Syracusani.
1368 1304 1486 1340 Hanc

158 1365 213 1403 vir
233 1365 400 1411 amabat,
423 1378 557 1403 verum
578 1372 710 1403 tamen
731 1366 846 1403 huius
868 1365 1020 1404 libidini
1034 1367 1228 1404 adversari
1246 1380 1318 1405 nec
1334 1375 1486 1417 poterat

99 1447 141 1468 20
160 1443 233 1468 nec
264 1430 449 1477 audebat,
483 1438 521 1468 et
555 1430 670 1468 simul
703 1430 754 1468 ab
786 1430 860 1468 isto
894 1432 1008 1469 donis
1045 1432 1326 1482 beneficiisque
1354 1433 1485 1471 multis

158 1494 462 1533 devinciebatur.
523 1496 597 1532 Illo
635 1502 767 1533 autem
806 1503 983 1545 tempore
1028 1496 1110 1544 iste,
1151 1497 1304 1536 tametsi
1343 1512 1389 1536 ea
1426 1507 1484 1537 est

156 1559 328 1598 hominis
357 1560 603 1610 impudentia
631 1573 751 1610 quam
781 1560 916 1608 nostis,
938 1561 1022 1611 ipse
1042 1569 1173 1600 tamen
1195 1576 1284 1600 cum
1307 1564 1362 1600 vir
1383 1572 1483 1602 esset

155 1625 364 1674 Syracusis,
386 1639 546 1663 uxorem
568 1626 650 1664 eius
667 1639 805 1675 parum
825 1634 977 1676 poterat
990 1626 1124 1664 animo
1144 1628 1274 1665 soluto
1293 1640 1339 1665 ac
1359 1627 1483 1667 libero

156 1696 213 1727 tot
233 1689 273 1727 in
293 1698 379 1728 acta
400 1689 483 1728 dies
505 1703 639 1728 secum
660 1691 816 1729 habere.
878 1693 1018 1741 Itaque
1039 1692 1231 1741 excogitat
1252 1706 1332 1730 rem
1354 1693 1482 1744 singu-

97 1770 134 1802 25
155 1756 274 1793 larem
292 1770 302 1802 3
340 1755 449 1793 navis
483 1755 627 1805 quibus
660 1758 809 1806 legatus
846 1758 1065 1806 praefuerat
1106 1757 1311 1796 Cleomeni
1352 1759 1479 1807 tradit,

154 1820 267 1858 classi
298 1820 434 1870 populi
467 1820 639 1859 Romani
678 1822 937 1860 Cleomenem
977 1823 1260 1871 Syracusanum
1299 1836 1480 1872 praeesse

200 1935 213 1954 Ι
240 1925 404 1956 luxuriem
423 1925 545 1956 RSD:
569 1937 635 1956 >am
658 1926 703 1955 Va
829 1936 914 1965 quae
939 1949 946 1957 .
975 1949 982 1957 .
1010 1950 1017 1956 .
1044 1925 1155 1955 solent
1179 1924 1236 1954 del.
1256 1924 1336 1954 Ern.
1354 1930 1384 1955 et
1406 1926 1474 1958 edd.

153 1978 223 1999 rece.
243 1980 250 1998 ε
276 1969 318 2008 iv,
336 1972 350 2006 ξ
372 1971 433 2000 118
556 1979 575 2006 4
600 1974 698 1999 antea
716 1969 779 1999 iam
793 1969 858 2008 pleb
981 1979 1000 2008 5
1026 1969 1058 1998 in
1080 1972 1169 2007 tante
1186 1968 1309 2004 Insula)
1329 1979 1394 1999 om.
1414 1970 1478 2000 RS

149 2022 167 2051 7
193 2012 340 2041 aestivos
367 2011 430 2040 iam
461 2009 640 2040 continuos
672 2008 710 2048 V,
735 2010 826 2050 prob.
858 2010 1076 2040 Luterbacher
1103 2012 1156 2048 (ἓξ
1186 2022 1236 2050 94,
1268 2022 1325 2051 137
1351 2013 1477 2051 insum:

149 2055 293 2084 aestivos
310 2064 352 2084 Lx
366 2055 407 2093 p5
539 2054 559 2083 8
584 2057 719 2092 praetor
736 2063 768 2092 p.
789 2064 814 2084 r.
830 2055 871 2093 p5
887 2066 894 2085 :
921 2063 990 2084 PRO
1009 2064 1064 2085 PR.
1091 2054 1134 2084 V:
1162 2064 1216 2085 Ρκ.
1236 2055 1290 2085 R:
1317 2066 1380 2094 .pr.
1396 2056 1477 2087 SD:

149 2108 225 2138 pop.
256 2098 354 2129 Rom.
380 2101 514 2137 praetor
538 2096 638 2126 Klotz
662 2097 719 2136 (iv,
740 2099 756 2134 ξ
779 2098 863 2135 1463
889 2108 919 2135 v,
943 2101 957 2134 ᾗ
981 2099 1055 2136 136)
1210 2109 1231 2137 9
1255 2099 1431 2128 accubaret
1453 2099 1484 2128 V

153 2151 192 2171 10
216 2141 278 2171 etsi
296 2139 382 2170 RS:
406 2140 539 2170 tametsi
563 2139 649 2180 Vpk5
668 2143 701 2179 (ξ
720 2150 760 2178 37
780 2141 899 2180 supra)
1023 2151 1058 2170 11
1086 2141 1229 2170 dixerim
1248 2141 1294 2173 H.
1314 2142 1480 2172 Richards

153 2194 190 2214 12
214 2185 353 2214 libertus
370 2183 469 2214 etiam
487 2184 506 2213 k
695 2193 733 2221 15
759 2183 840 2214 Erat
862 2187 958 2223 <post
973 2184 1169 2215 abduxerat*
1187 2185 1293 2224 suppl.
1315 2185 1454 2216 Schuetz
1470 2199 1476 2217 :

150 2227 232 2267 Pipa
249 2227 312 2258 RS
328 2228 415 2259 rell.:
445 2232 478 2257 et
504 2226 587 2266 Pipa
609 2227 654 2258 V:
690 2227 724 2256 in
757 2227 810 2256 his
836 2232 910 2257 erat
936 2227 1019 2266 Pipa
1044 2227 1175 2257 Richter
1307 2230 1409 2267 16—17
1435 2231 1477 2260 de

149 2281 215 2310 qua
232 2295 239 2302 .
258 2295 266 2302 .
286 2295 294 2302 .
314 2272 497 2310 percelebr.
516 2271 584 2301 secl.
605 2271 694 2300 Bake
788 2271 969 2309 cupiditate
990 2270 1077 2301 codd.
1093 2274 1221 2310 praeler
1235 2270 1293 2311 Lg.
1307 2283 1347 2310 42
1440 2275 1477 2303 18

150 2314 343 2345 Cleomenis
363 2315 509 2354 V5,sort.
529 2319 603 2345 recte
621 2316 675 2351 (βξ
700 2324 770 2353 101,
796 2324 866 2353 112,
892 2316 966 2345 1225
1071 2325 1109 2353 19
1133 2314 1332 2345 Cleomenes
1348 2316 1397 2346 vii·
1414 2316 1477 2346 RS

146 2357 211 2389 rell.
230 2368 236 2387 :
261 2358 310 2388 vir
326 2357 530 2389 Cleomenes
551 2358 599 2388 V:
625 2358 828 2388 Cleomenes
847 2358 915 2390 secl.
936 2357 1051 2396 Kays,
1071 2368 1128 2397 ego
1142 2357 1243 2388 delevi

194 2410 256 2434 elc.
276 2411 355 2432 VER.
1347 2404 1388 2433 27
