1715 2734
149 135 416 174 ACTIONIS
439 135 500 172 IN
522 135 563 173 C.
589 135 832 172 VERREM
853 135 1153 174 SECVNDAE
1175 137 1278 174 LIB.
1305 139 1364 174 IV
1423 147 1476 185 45
1499 154 1560 175 100

147 245 349 284 sententiis
403 246 668 284 condemnare
724 245 890 295 possitis.
978 245 1086 295 Quid
1133 247 1238 285 enim
1287 250 1471 298 postulas,
1498 264 1554 285 101

148 311 317 349 Verres?
350 309 445 360 quid
475 323 619 360 speras,
644 309 740 359 quid
770 318 982 361 exspectas,
1006 325 1125 361 quem
1155 312 1226 351 tibi
1256 321 1323 351 aut
1352 315 1473 352 deum

145 383 213 414 aut
242 375 444 414 hominem
473 374 617 413 auxilio
647 377 818 414 futurum
845 378 988 425 putas?
1045 378 1157 415 Eone
1188 384 1228 415 tu
1259 391 1390 416 servos
1424 380 1474 417 ad

147 441 396 492 spoliandum
416 441 551 478 fanum
572 440 781 479 immittere
801 455 919 479 ausus
946 455 986 479 es
1014 455 1095 491 quo
1122 441 1265 480 liberos
1290 443 1398 481 adire
1426 457 1475 482 ne

110 518 126 548 5
146 505 311 545 ornandi
342 505 503 555 quidem
531 518 648 543 causa
675 507 731 544 fas
761 508 873 544 erat?
902 506 1000 544 iisne
1027 506 1142 544 rebus
1164 520 1303 545 manus
1324 508 1475 546 adferre

146 584 226 609 non
247 569 435 609 dubitasti
454 583 477 608 a
497 569 640 619 quibus
661 569 778 608 etiam
799 572 935 609 oculos
960 570 1146 610 cohibere
1173 578 1211 609 te
1241 571 1472 621 religionum

146 634 228 673 iura
257 634 483 684 cogebant?
539 634 714 672 Tametsi
736 648 785 672 ne
806 634 929 673 oculis
955 634 1116 685 quidem
1139 643 1275 686 captus
1305 636 1345 674 in
1372 638 1474 675 hanc

146 701 321 739 fraudem
342 707 422 738 tam
444 700 671 737 sceleratam
695 713 741 737 ac
768 706 847 737 tarn
869 699 1057 738 nefariam
1078 699 1259 739 decidisti
1278 715 1286 748 3
1317 715 1407 739 nam
1433 701 1472 740 id

146 763 364 814 concupisti
399 764 508 813 quod
538 776 755 813 numquam
787 763 949 810 videras,
984 763 1035 811 id,
1074 764 1246 814 inquam,
1279 766 1470 804 adamasti

90 846 125 867 10
146 830 254 879 quod
281 835 397 867 antea
422 841 503 866 non
529 840 760 878 aspexeras3
795 828 953 867 auribus
981 836 1023 867 tu
1045 836 1193 868 tantam
1215 829 1471 880 cupiditatem

146 893 361 945 concepisti
389 901 431 931 ut
456 906 542 931 eam
571 907 651 931 non
673 901 812 940 metm,
836 907 916 932 non
947 894 1091 944 religio,
1115 909 1195 933 non
1217 897 1381 934 deorum
1403 896 1470 941 vis,
1501 916 1554 937 ιω

145 974 226 999 non
258 959 465 998 hominum
500 957 735 997 existimatio
770 959 997 997 contineret.
1072 962 1125 997 At
1159 974 1205 998 ex
1240 961 1347 999 bono
1379 960 1471 1007 viro,

145 1025 275 1072 credo,
297 1023 476 1062 audieras
504 1030 542 1061 et
570 1023 676 1061 bono
702 1031 871 1062 auctore.
932 1024 1010 1073 Qui
1039 1024 1079 1063 id
1107 1032 1229 1074 potes,
1252 1025 1319 1075 qui
1350 1040 1398 1064 ne
1429 1040 1474 1064 ex

146 1088 228 1127 viro
262 1088 423 1138 quidem
454 1087 590 1126 audire
624 1087 827 1137 potueris?
883 1088 1040 1127 Audisti
1075 1088 1189 1139 igitur
1219 1104 1265 1128 ex
1300 1090 1474 1139 muliere,

89 1173 125 1204 15
147 1153 334 1203 quoniam
355 1153 395 1192 id
415 1152 485 1190 viri
505 1166 579 1191 nec
600 1152 744 1191 vidisse
765 1166 894 1202 neque
916 1167 1031 1191 nosse
1052 1160 1244 1203 poterant.
1303 1156 1472 1203 Qualem

146 1232 261 1268 porro
290 1218 395 1256 illam
417 1217 603 1256 feminam
626 1217 743 1256 fuisse
764 1217 919 1268 putatis,
942 1218 1102 1265 iudices,
1126 1232 1244 1268 quam
1274 1220 1470 1269 pudicam,

145 1296 247 1333 quae
277 1296 367 1321 cum
389 1283 510 1321 Verre
539 1283 774 1332 loqueretur,
800 1295 921 1332 quam
942 1282 1175 1332 religiosam,
1199 1297 1300 1333 quae
1332 1285 1471 1322 sacrari

145 1347 341 1398 spoliandi
370 1346 561 1385 rationem
592 1347 847 1385 ostenderet?
902 1348 963 1384 Ac
993 1346 1155 1385 minime
1188 1347 1339 1394 mirum,
1372 1361 1472 1397 quae

145 1425 254 1451 sacra
273 1425 342 1462 per
362 1424 558 1450 summam
580 1412 854 1449 castimoniam
876 1410 1046 1450 virorum
1068 1425 1113 1450 ac
1135 1411 1342 1450 mulierum
1364 1413 1469 1459 fiant,

87 1497 126 1519 20
145 1478 283 1516 eadem
305 1490 374 1527 per
399 1475 509 1514 istius
531 1483 708 1526 stuprum
729 1489 774 1514 ac
796 1475 985 1526 flagitium
1007 1490 1092 1515 esse
1112 1477 1265 1515 violata.
1490 1479 1546 1524 46

200 1541 308 1591 Quid
330 1543 449 1592 ergo?
478 1542 554 1579 hoc
575 1542 702 1579 solum
724 1540 926 1580 auditione
954 1549 1135 1591 expetere
1156 1541 1296 1592 coepit,
1320 1556 1410 1581 cum
1432 1543 1471 1581 id

145 1605 228 1656 ipse
255 1619 335 1644 non
362 1605 550 1644 vidisset?
607 1607 738 1643 Immo
769 1618 861 1644 vero
891 1605 965 1643 alia
994 1608 1221 1655 complura,
1260 1621 1306 1644 ex
1331 1607 1472 1656 quibus

144 1671 284 1721 eligam
315 1670 589 1721 spoliationem
618 1670 852 1709 nobilissimi
878 1678 996 1720 atque
1025 1671 1286 1721 antiquissimi
1311 1672 1400 1719 fani,
1423 1674 1472 1711 de

145 1749 223 1785 qua
244 1735 370 1785 priore
396 1735 552 1774 actione
579 1734 687 1774 testis
709 1735 839 1774 dicere
859 1735 1034 1774 audistis.
1096 1737 1213 1773 Nunc
1235 1737 1372 1774 eadem
1395 1736 1469 1783 illa,

18 1809 22 1825 ¹
86 1821 125 1851 25
146 1814 304 1850 quaeso,
327 1799 459 1838 audite
480 1808 517 1838 et
538 1799 752 1850 diligenter,
777 1799 877 1838 sicut
896 1801 1027 1838 adhuc
1048 1799 1207 1846 fecistis,
1224 1800 1426 1838 attendite.
1495 1819 1557 1849 103,

200 1867 334 1904 Insula
354 1872 412 1904 est
430 1865 577 1912 Melita,
595 1864 754 1912 iudices,
774 1865 866 1903 satis
887 1867 966 1903 lato
982 1879 1005 1903 a
1026 1864 1156 1903 Sicilia
1173 1865 1266 1903 mari
1284 1865 1469 1915 periculo-

144 1943 267 1980 soque
283 1929 482 1977 diiuncta3
510 1929 550 1967 in
567 1943 644 1980 qua
660 1938 717 1968 est
734 1931 876 1969 eodem
897 1930 1059 1969 nomine
1080 1929 1282 1979 oppidum,
1299 1943 1378 1979 quo
1400 1930 1470 1968 iste

144 2007 360 2044 numquam
380 1993 553 2040 accessit,
577 1995 685 2044 quod
706 2001 837 2033 tamen
859 1994 920 2032 isti
942 1994 1150 2032 textrinum
1173 2007 1240 2043 per
1261 1993 1468 2032 triennium

143 2061 194 2099 ad
226 2059 457 2098 muliebrem
488 2067 636 2098 vestem
667 2059 956 2098 conficiendam
991 2059 1073 2097 fuit.
1143 2059 1207 2097 Ab
1242 2072 1289 2097 eo
1320 2059 1469 2109 oppido

188 2175 207 2194 2
233 2164 311 2203 quid
340 2168 502 2203 expectas
526 2168 592 2203 pq:
620 2163 698 2202 quid
722 2168 853 2203 spectas
875 2163 958 2194 RS:
985 2168 1118 2203 spectas
1134 2163 1149 2191 δ
1281 2172 1299 2200 5
1327 2162 1468 2193 ornandi

144 2209 284 2240 RSHn:
309 2209 426 2239 orandi
445 2210 460 2238 ὃ
473 2212 501 2238 et
517 2208 584 2239 edd.
679 2218 716 2247 15
740 2218 802 2238 nec
821 2218 921 2238 nosse
936 2207 1100 2245 Zielinski,
1113 2213 1144 2246 p.
1165 2217 1223 2246 197
1317 2210 1354 2238 16
1379 2207 1467 2237 illam

143 2264 208 2283 om.
225 2252 282 2283 ΒΨ
372 2253 515 2291 putastis
535 2253 637 2282 fuisse
654 2264 675 2281 π
778 2252 815 2281 18
840 2251 891 2281 Ac
908 2262 949 2282 vr:
973 2261 1014 2280 an
1034 2250 1115 2280 RS:
1139 2255 1172 2279 at
1191 2253 1206 2280 δ
1222 2250 1292 2282 cdd.
1309 2262 1315 2281 z
1341 2252 1404 2280 iam
1424 2249 1466 2282 K.

143 2296 268 2326 Busche
286 2298 332 2336 (v,
352 2300 365 2333 ξ
381 2296 422 2334 48
432 2302 437 2326 ⁴»
486 2296 619 2326 minime
633 2295 690 2326 del.
703 2294 810 2325 Halm
827 2305 833 2323 :
858 2293 992 2324 minime
1005 2299 1058 2323 est
1075 2294 1191 2323 mirum
1212 2306 1231 2322 π
1309 2304 1347 2332 19
1363 2294 1466 2332 virgi-

138 2349 217 2368 num
233 2349 271 2368 ac
289 2338 365 2369 mul.
386 2338 561 2368 Hotoman
659 2347 700 2366 22
718 2336 879 2374 conplura
899 2336 985 2365 RS:
1019 2336 1204 2374 compluria
1225 2337 1327 2370 Prisc.
1428 2349 1469 2378 23

138 2392 235 2411 unam
253 2381 373 2419 eligam
386 2387 432 2421 pq
448 2381 514 2412 cod.
537 2381 607 2412 Vrs.
701 2382 742 2410 26
757 2381 798 2409 ab
813 2380 929 2410 Sicilia
947 2382 961 2407 δ
977 2379 1066 2420 (Dm.
1084 2382 1097 2415 ξ
1118 2381 1172 2417 28)
1263 2391 1301 2419 27
1321 2382 1469 2413 diiuncta

138 2424 186 2454 R1
204 2425 239 2466 (i,
261 2427 276 2462 §
297 2426 371 2465 154)
389 2436 396 2455 z
420 2425 585 2455 disiuncta
602 2423 700 2464 R²Sp
716 2425 748 2464 (ξ
772 2434 829 2462 117
847 2424 949 2464 infra)
1049 2424 1090 2453 28
1105 2434 1176 2453 cum
1192 2428 1302 2454 tamen
1321 2425 1471 2456 ll'eidncr
