<?xml version="1.0" encoding="UTF-8"?>
<!DOCTYPE html PUBLIC "-//W3C//DTD XHTML 1.0 Transitional//EN"
    "http://www.w3.org/TR/xhtml1/DTD/xhtml1-transitional.dtd">
<html xmlns="http://www.w3.org/1999/xhtml" xml:lang="en" lang="en">
 <head>
  <title>
</title>
<meta http-equiv="Content-Type" content="text/html;charset=utf-8" />
  <meta name='ocr-system' content='tesseract 3.04.00' />
  <meta name='ocr-capabilities' content='ocr_page ocr_carea ocr_par ocr_line ocrx_word'/>
</head>
<body>
  <div class='ocr_page' id='page_1' title='image "./orationesrecogno03ciceuoft/orationesrecogno03ciceuoft_0076.png"; bbox 0 0 1715 2734; ppageno 0'>
   <div class='ocr_carea' id='block_1_1' title="bbox 223 838 232 860">
    <p class='ocr_par' dir='ltr' id='par_1_1' title="bbox 223 838 232 860">
     <span class='ocr_line' id='line_1_1' title="bbox 223 838 232 860; baseline 0 0"><span class='ocrx_word' id='word_1_1' title='bbox 223 838 232 860; x_wconf 86' lang='lat'>1</span> 
     </span>
    </p>
   </div>
   <div class='ocr_carea' id='block_1_2' title="bbox 237 103 1246 150">
    <p class='ocr_par' dir='ltr' id='par_1_2' title="bbox 237 103 1246 150">
     <span class='ocr_line' id='line_1_2' title="bbox 237 103 1246 150; baseline 0.003 -11"><span class='ocrx_word' id='word_1_2' title='bbox 237 111 264 150; x_wconf 88' lang='lat'><strong>4</strong></span> <span class='ocrx_word' id='word_1_3' title='bbox 287 117 321 140; x_wconf 79' lang='grc' dir='ltr'>ιι</span> <span class='ocrx_word' id='word_1_4' title='bbox 651 105 709 142; x_wconf 93' lang='grc' dir='ltr'>Μ.</span> <span class='ocrx_word' id='word_1_5' title='bbox 739 104 908 142; x_wconf 91' lang='lat' dir='ltr'>TVLLI</span> <span class='ocrx_word' id='word_1_6' title='bbox 939 103 1246 144; x_wconf 91' lang='lat' dir='ltr'>CICERONIS</span> 
     </span>
    </p>
   </div>
   <div class='ocr_carea' id='block_1_3' title="bbox 281 212 1612 457">
    <p class='ocr_par' dir='ltr' id='par_1_3' title="bbox 281 212 1612 457">
     <span class='ocr_line' id='line_1_3' title="bbox 281 212 1608 262; baseline 0.002 -12"><span class='ocrx_word' id='word_1_7' title='bbox 281 225 304 249; x_wconf 90' lang='lat' dir='ltr'>a</span> <span class='ocrx_word' id='word_1_8' title='bbox 343 212 615 261; x_wconf 80' lang='lat' dir='ltr'>quaestoribus</span> <span class='ocrx_word' id='word_1_9' title='bbox 663 212 832 260; x_wconf 88' lang='lat' dir='ltr'>urbanis,</span> <span class='ocrx_word' id='word_1_10' title='bbox 875 214 983 262; x_wconf 89' lang='lat' dir='ltr'>quod</span> <span class='ocrx_word' id='word_1_11' title='bbox 1031 212 1158 262; x_wconf 92' lang='lat' dir='ltr'>priore</span> <span class='ocrx_word' id='word_1_12' title='bbox 1205 213 1360 252; x_wconf 89' lang='lat' dir='ltr'>actione</span> <span class='ocrx_word' id='word_1_13' title='bbox 1405 213 1608 261; x_wconf 87' lang='lat' dir='ltr'>didicistis,</span> 
     </span>
     <span class='ocr_line' id='line_1_4' title="bbox 282 276 1611 328; baseline 0.001 -13"><span class='ocrx_word' id='word_1_14' title='bbox 282 276 490 326; x_wconf 88' lang='lat' dir='ltr'>pecuniam</span> <span class='ocrx_word' id='word_1_15' title='bbox 518 277 726 315; x_wconf 79' lang='lat' dir='ltr'>abstulisse</span> <span class='ocrx_word' id='word_1_16' title='bbox 741 292 750 325; x_wconf 72' lang='lat'><em>3</em></span> <span class='ocrx_word' id='word_1_17' title='bbox 781 285 893 315; x_wconf 90' lang='lat' dir='ltr'>erunt</span> <span class='ocrx_word' id='word_1_18' title='bbox 919 276 987 326; x_wconf 90' lang='lat' dir='ltr'>qui</span> <span class='ocrx_word' id='word_1_19' title='bbox 1014 285 1052 315; x_wconf 89' lang='lat' dir='ltr'>et</span> <span class='ocrx_word' id='word_1_20' title='bbox 1078 277 1117 315; x_wconf 90' lang='lat' dir='ltr'>in</span> <span class='ocrx_word' id='word_1_21' title='bbox 1145 291 1194 316; x_wconf 92' lang='lat' dir='ltr'>eo</span> <span class='ocrx_word' id='word_1_22' title='bbox 1217 291 1377 328; x_wconf 87' lang='lat' dir='ltr'>quoque</span> <span class='ocrx_word' id='word_1_23' title='bbox 1403 277 1611 317; x_wconf 86' lang='lat' dir='ltr'>audaciam</span> 
     </span>
     <span class='ocr_line' id='line_1_5' title="bbox 281 341 1611 393; baseline 0.002 -14"><span class='ocrx_word' id='word_1_24' title='bbox 281 341 364 380; x_wconf 90' lang='lat' dir='ltr'>eius</span> <span class='ocrx_word' id='word_1_25' title='bbox 412 344 712 392; x_wconf 80' lang='lat' dir='ltr'>reprehendant,</span> <span class='ocrx_word' id='word_1_26' title='bbox 756 343 864 392; x_wconf 93' lang='lat' dir='ltr'>quod</span> <span class='ocrx_word' id='word_1_27' title='bbox 911 341 1062 392; x_wconf 87' lang='lat' dir='ltr'>aliquot</span> <span class='ocrx_word' id='word_1_28' title='bbox 1109 342 1338 381; x_wconf 85' lang='lat' dir='ltr'>nominibus</span> <span class='ocrx_word' id='word_1_29' title='bbox 1385 344 1436 382; x_wconf 94' lang='lat' dir='ltr'>de</span> <span class='ocrx_word' id='word_1_30' title='bbox 1483 343 1611 393; x_wconf 88' lang='lat' dir='ltr'>capite</span> 
     </span>
     <span class='ocr_line' id='line_1_6' title="bbox 281 407 1612 457; baseline 0 -12"><span class='ocrx_word' id='word_1_31' title='bbox 281 415 472 457; x_wconf 91' lang='lat' dir='ltr'>quantum</span> <span class='ocrx_word' id='word_1_32' title='bbox 501 409 758 446; x_wconf 91' lang='lat' dir='ltr'>commodum</span> <span class='ocrx_word' id='word_1_33' title='bbox 789 407 903 446; x_wconf 90' lang='lat' dir='ltr'>fuerit</span> <span class='ocrx_word' id='word_1_34' title='bbox 932 407 1115 446; x_wconf 89' lang='lat' dir='ltr'>frumenti</span> <span class='ocrx_word' id='word_1_35' title='bbox 1143 408 1353 446; x_wconf 87' lang='lat' dir='ltr'>decumani</span> <span class='ocrx_word' id='word_1_36' title='bbox 1380 407 1587 446; x_wconf 77' lang='lat' dir='ltr'>detraxerit</span> <span class='ocrx_word' id='word_1_37' title='bbox 1602 423 1612 456; x_wconf 80' lang='lat'>3</span> 
     </span>
    </p>
   </div>
   <div class='ocr_carea' id='block_1_4' title="bbox 281 472 1648 523">
    <p class='ocr_par' dir='ltr' id='par_1_4' title="bbox 281 472 1648 523">
     <span class='ocr_line' id='line_1_7' title="bbox 281 472 1648 523; baseline 0.001 -13"><span class='ocrx_word' id='word_1_38' title='bbox 281 481 393 510; x_wconf 86' lang='lat' dir='ltr'>erunt</span> <span class='ocrx_word' id='word_1_39' title='bbox 424 473 541 511; x_wconf 89' lang='lat' dir='ltr'>etiam</span> <span class='ocrx_word' id='word_1_40' title='bbox 573 474 745 519; x_wconf 86' lang='lat' dir='ltr'>fortasse,</span> <span class='ocrx_word' id='word_1_41' title='bbox 769 472 930 519; x_wconf 90' lang='lat' dir='ltr'>iudices,</span> <span class='ocrx_word' id='word_1_42' title='bbox 954 472 1021 523; x_wconf 90' lang='lat' dir='ltr'>qui</span> <span class='ocrx_word' id='word_1_43' title='bbox 1051 472 1160 511; x_wconf 91' lang='lat' dir='ltr'>illum</span> <span class='ocrx_word' id='word_1_44' title='bbox 1191 472 1274 511; x_wconf 91' lang='lat' dir='ltr'>eius</span> <span class='ocrx_word' id='word_1_45' title='bbox 1303 474 1528 523; x_wconf 90' lang='lat' dir='ltr'>peculatum</span> <span class='ocrx_word' id='word_1_46' title='bbox 1550 474 1610 511; x_wconf 88' lang='lat' dir='ltr'>vel</span> <span class='ocrx_word' id='word_1_47' title='bbox 1631 489 1648 521; x_wconf 87' lang='lat'>5</span> 
     </span>
    </p>
   </div>
   <div class='ocr_carea' id='block_1_5' title="bbox 280 537 1612 783">
    <p class='ocr_par' dir='ltr' id='par_1_5' title="bbox 280 537 1612 783">
     <span class='ocr_line' id='line_1_8' title="bbox 280 537 1612 588; baseline 0.001 -13"><span class='ocrx_word' id='word_1_48' title='bbox 280 538 467 576; x_wconf 84' lang='lat' dir='ltr'>acerrime</span> <span class='ocrx_word' id='word_1_49' title='bbox 502 538 785 576; x_wconf 88' lang='lat' dir='ltr'>vindicandum</span> <span class='ocrx_word' id='word_1_50' title='bbox 824 545 974 588; x_wconf 91' lang='lat' dir='ltr'>putent,</span> <span class='ocrx_word' id='word_1_51' title='bbox 1011 539 1120 587; x_wconf 91' lang='lat' dir='ltr'>quod</span> <span class='ocrx_word' id='word_1_52' title='bbox 1155 537 1226 576; x_wconf 90' lang='lat' dir='ltr'>iste</span> <span class='ocrx_word' id='word_1_53' title='bbox 1267 539 1322 576; x_wconf 90' lang='lat' dir='ltr'>M.</span> <span class='ocrx_word' id='word_1_54' title='bbox 1362 538 1539 576; x_wconf 84' lang='lat' dir='ltr'>Marcelli</span> <span class='ocrx_word' id='word_1_55' title='bbox 1573 546 1612 576; x_wconf 87' lang='lat' dir='ltr'>et</span> 
     </span>
     <span class='ocr_line' id='line_1_9' title="bbox 282 602 1611 654; baseline 0.001 -14"><span class='ocrx_word' id='word_1_56' title='bbox 282 604 322 640; x_wconf 91' lang='lat' dir='ltr'>P.</span> <span class='ocrx_word' id='word_1_57' title='bbox 341 603 515 640; x_wconf 88' lang='lat' dir='ltr'>Africani</span> <span class='ocrx_word' id='word_1_58' title='bbox 537 610 806 650; x_wconf 87' lang='lat' dir='ltr'>monumenta,</span> <span class='ocrx_word' id='word_1_59' title='bbox 825 616 926 653; x_wconf 89' lang='lat' dir='ltr'>quae</span> <span class='ocrx_word' id='word_1_60' title='bbox 947 603 1109 641; x_wconf 88' lang='lat' dir='ltr'>nomine</span> <span class='ocrx_word' id='word_1_61' title='bbox 1129 602 1297 650; x_wconf 92' lang='lat' dir='ltr'>illorum,</span> <span class='ocrx_word' id='word_1_62' title='bbox 1315 616 1355 641; x_wconf 93' lang='lat' dir='ltr'>re</span> <span class='ocrx_word' id='word_1_63' title='bbox 1371 616 1461 641; x_wconf 89' lang='lat' dir='ltr'>vera</span> <span class='ocrx_word' id='word_1_64' title='bbox 1475 603 1611 654; x_wconf 87' lang='lat' dir='ltr'>populi</span> 
     </span>
     <span class='ocr_line' id='line_1_10' title="bbox 282 667 1611 718; baseline 0.002 -13"><span class='ocrx_word' id='word_1_65' title='bbox 282 668 453 706; x_wconf 91' lang='lat' dir='ltr'>Romani</span> <span class='ocrx_word' id='word_1_66' title='bbox 485 675 522 706; x_wconf 89' lang='lat' dir='ltr'>et</span> <span class='ocrx_word' id='word_1_67' title='bbox 552 676 661 707; x_wconf 86' lang='lat' dir='ltr'>erant</span> <span class='ocrx_word' id='word_1_68' title='bbox 691 676 729 706; x_wconf 91' lang='lat' dir='ltr'>et</span> <span class='ocrx_word' id='word_1_69' title='bbox 758 668 1016 715; x_wconf 88' lang='lat' dir='ltr'>habebantur,</span> <span class='ocrx_word' id='word_1_70' title='bbox 1040 682 1087 706; x_wconf 86' lang='lat' dir='ltr'>ex</span> <span class='ocrx_word' id='word_1_71' title='bbox 1116 668 1214 706; x_wconf 90' lang='lat' dir='ltr'>fanis</span> <span class='ocrx_word' id='word_1_72' title='bbox 1245 667 1544 718; x_wconf 84' lang='lat' dir='ltr'>religiosissimis</span> <span class='ocrx_word' id='word_1_73' title='bbox 1573 677 1611 707; x_wconf 91' lang='lat' dir='ltr'>et</span> 
     </span>
     <span class='ocr_line' id='line_1_11' title="bbox 280 733 1608 783; baseline 0 -12"><span class='ocrx_word' id='word_1_74' title='bbox 280 747 326 772; x_wconf 87' lang='lat' dir='ltr'>ex</span> <span class='ocrx_word' id='word_1_75' title='bbox 346 733 510 771; x_wconf 91' lang='lat' dir='ltr'>urbibus</span> <span class='ocrx_word' id='word_1_76' title='bbox 531 733 727 772; x_wconf 91' lang='lat' dir='ltr'>sociorum</span> <span class='ocrx_word' id='word_1_77' title='bbox 747 741 867 783; x_wconf 89' lang='lat' dir='ltr'>atque</span> <span class='ocrx_word' id='word_1_78' title='bbox 893 733 1110 772; x_wconf 90' lang='lat' dir='ltr'>amicorum</span> <span class='ocrx_word' id='word_1_79' title='bbox 1138 746 1218 771; x_wconf 88' lang='lat' dir='ltr'>non</span> <span class='ocrx_word' id='word_1_80' title='bbox 1241 733 1428 771; x_wconf 86' lang='lat' dir='ltr'>dubitarit</span> <span class='ocrx_word' id='word_1_81' title='bbox 1447 735 1608 772; x_wconf 89' lang='lat' dir='ltr'>auferre.</span> 
     </span>
    </p>
   </div>
   <div class='ocr_carea' id='block_1_6' title="bbox 235 779 1611 860">
    <p class='ocr_par' dir='ltr' id='par_1_6' title="bbox 235 779 1611 860">
     <span class='ocr_line' id='line_1_12' title="bbox 235 779 1611 860; baseline -0.001 -22"><span class='ocrx_word' id='word_1_82' title='bbox 235 779 261 860; x_wconf 59' lang='grc' dir='ltr'>ξ</span> <span class='ocrx_word' id='word_1_83' title='bbox 282 799 493 838; x_wconf 90' lang='lat' dir='ltr'>Emerserit</span> <span class='ocrx_word' id='word_1_84' title='bbox 515 813 560 837; x_wconf 90' lang='lat' dir='ltr'>ex</span> <span class='ocrx_word' id='word_1_85' title='bbox 581 801 785 849; x_wconf 90' lang='lat' dir='ltr'>peculatus</span> <span class='ocrx_word' id='word_1_86' title='bbox 806 799 924 838; x_wconf 89' lang='lat' dir='ltr'>etiam</span> <span class='ocrx_word' id='word_1_87' title='bbox 946 799 1116 838; x_wconf 90' lang='lat' dir='ltr'>iudicio:</span> <span class='ocrx_word' id='word_1_88' title='bbox 1149 799 1361 838; x_wconf 89' lang='lat' dir='ltr'>meditetur</span> <span class='ocrx_word' id='word_1_89' title='bbox 1377 800 1427 837; x_wconf 92' lang='lat' dir='ltr'>de</span> <span class='ocrx_word' id='word_1_90' title='bbox 1443 799 1611 838; x_wconf 90' lang='lat' dir='ltr'>ducibus</span> 
     </span>
    </p>
   </div>
   <div class='ocr_carea' id='block_1_7' title="bbox 276 864 1612 1620">
    <p class='ocr_par' dir='ltr' id='par_1_7' title="bbox 276 864 1612 1620">
     <span class='ocr_line' id='line_1_13' title="bbox 280 864 1612 915; baseline 0 -13"><span class='ocrx_word' id='word_1_91' title='bbox 280 864 453 903; x_wconf 89' lang='lat' dir='ltr'>hostium</span> <span class='ocrx_word' id='word_1_92' title='bbox 489 878 588 914; x_wconf 91' lang='lat' dir='ltr'>quos</span> <span class='ocrx_word' id='word_1_93' title='bbox 626 872 789 915; x_wconf 89' lang='lat' dir='ltr'>accepta</span> <span class='ocrx_word' id='word_1_94' title='bbox 827 864 996 914; x_wconf 91' lang='lat' dir='ltr'>pecunia</span> <span class='ocrx_word' id='word_1_95' title='bbox 1034 864 1222 911; x_wconf 90' lang='lat' dir='ltr'>liberavit,</span> <span class='ocrx_word' id='word_1_96' title='bbox 1257 864 1387 902; x_wconf 90' lang='lat' dir='ltr'>videat</span> <span class='ocrx_word' id='word_1_97' title='bbox 1425 864 1523 914; x_wconf 88' lang='lat' dir='ltr'>quid</span> <span class='ocrx_word' id='word_1_98' title='bbox 1561 865 1612 903; x_wconf 92' lang='lat' dir='ltr'>de</span> 
     </span>
     <span class='ocr_line' id='line_1_14' title="bbox 279 929 1612 980; baseline 0 -13"><span class='ocrx_word' id='word_1_99' title='bbox 279 929 352 967; x_wconf 91' lang='lat' dir='ltr'>illis</span> <span class='ocrx_word' id='word_1_100' title='bbox 382 931 619 980; x_wconf 88' lang='lat' dir='ltr'>respondeat</span> <span class='ocrx_word' id='word_1_101' title='bbox 647 943 746 980; x_wconf 92' lang='lat' dir='ltr'>quos</span> <span class='ocrx_word' id='word_1_102' title='bbox 776 930 816 968; x_wconf 90' lang='lat' dir='ltr'>in</span> <span class='ocrx_word' id='word_1_103' title='bbox 846 943 982 968; x_wconf 91' lang='lat' dir='ltr'>eorum</span> <span class='ocrx_word' id='word_1_104' title='bbox 1013 931 1144 968; x_wconf 91' lang='lat' dir='ltr'>locum</span> <span class='ocrx_word' id='word_1_105' title='bbox 1174 929 1354 968; x_wconf 89' lang='lat' dir='ltr'>subditos</span> <span class='ocrx_word' id='word_1_106' title='bbox 1379 929 1488 968; x_wconf 92' lang='lat' dir='ltr'>domi</span> <span class='ocrx_word' id='word_1_107' title='bbox 1518 942 1612 968; x_wconf 89' lang='lat' dir='ltr'>suae</span> 
     </span>
     <span class='ocr_line' id='line_1_15' title="bbox 278 994 1611 1044; baseline 0 -12"><span class='ocrx_word' id='word_1_108' title='bbox 278 994 497 1041; x_wconf 88' lang='lat' dir='ltr'>reservavit,</span> <span class='ocrx_word' id='word_1_109' title='bbox 539 1002 700 1044; x_wconf 78' lang='lat' dir='ltr'>quaerat</span> <span class='ocrx_word' id='word_1_110' title='bbox 739 1008 821 1033; x_wconf 92' lang='lat' dir='ltr'>non</span> <span class='ocrx_word' id='word_1_111' title='bbox 860 996 988 1033; x_wconf 88' lang='lat' dir='ltr'>solum</span> <span class='ocrx_word' id='word_1_112' title='bbox 1023 1008 1141 1044; x_wconf 89' lang='lat' dir='ltr'>quem</span> <span class='ocrx_word' id='word_1_113' title='bbox 1182 996 1232 1033; x_wconf 91' lang='lat' dir='ltr'>ad</span> <span class='ocrx_word' id='word_1_114' title='bbox 1272 995 1436 1033; x_wconf 90' lang='lat' dir='ltr'>modum</span> <span class='ocrx_word' id='word_1_115' title='bbox 1476 1002 1611 1033; x_wconf 90' lang='lat' dir='ltr'>nostro</span> 
     </span>
     <span class='ocr_line' id='line_1_16' title="bbox 277 1059 1611 1110; baseline 0 -13"><span class='ocrx_word' id='word_1_116' title='bbox 277 1059 441 1106; x_wconf 90' lang='lat' dir='ltr'>crimini,</span> <span class='ocrx_word' id='word_1_117' title='bbox 478 1073 612 1097; x_wconf 89' lang='lat' dir='ltr'>verum</span> <span class='ocrx_word' id='word_1_118' title='bbox 652 1059 770 1097; x_wconf 91' lang='lat' dir='ltr'>etiam</span> <span class='ocrx_word' id='word_1_119' title='bbox 806 1073 886 1109; x_wconf 88' lang='lat' dir='ltr'>quo</span> <span class='ocrx_word' id='word_1_120' title='bbox 925 1068 1041 1110; x_wconf 87' lang='lat' dir='ltr'>pacto</span> <span class='ocrx_word' id='word_1_121' title='bbox 1079 1073 1172 1098; x_wconf 89' lang='lat' dir='ltr'>suae</span> <span class='ocrx_word' id='word_1_122' title='bbox 1211 1059 1449 1098; x_wconf 91' lang='lat' dir='ltr'>confessioni</span> <span class='ocrx_word' id='word_1_123' title='bbox 1488 1059 1611 1110; x_wconf 91' lang='lat' dir='ltr'>possit</span> 
     </span>
     <span class='ocr_line' id='line_1_17' title="bbox 278 1123 1609 1174; baseline -0.001 -11"><span class='ocrx_word' id='word_1_124' title='bbox 278 1124 436 1171; x_wconf 87' lang='lat' dir='ltr'>mederi,</span> <span class='ocrx_word' id='word_1_125' title='bbox 457 1124 678 1162; x_wconf 90' lang='lat' dir='ltr'>meminerit</span> <span class='ocrx_word' id='word_1_126' title='bbox 699 1138 740 1162; x_wconf 93' lang='lat' dir='ltr'>se</span> <span class='ocrx_word' id='word_1_127' title='bbox 761 1124 887 1174; x_wconf 90' lang='lat' dir='ltr'>priore</span> <span class='ocrx_word' id='word_1_128' title='bbox 903 1125 1069 1172; x_wconf 90' lang='lat' dir='ltr'>actione,</span> <span class='ocrx_word' id='word_1_129' title='bbox 1088 1125 1258 1162; x_wconf 90' lang='lat' dir='ltr'>clamore</span> <span class='ocrx_word' id='word_1_130' title='bbox 1279 1124 1415 1174; x_wconf 91' lang='lat' dir='ltr'>populi</span> <span class='ocrx_word' id='word_1_131' title='bbox 1437 1123 1609 1163; x_wconf 89' lang='lat' dir='ltr'>Romani</span> 
     </span>
     <span class='ocr_line' id='line_1_18' title="bbox 278 1189 1610 1240; baseline 0.001 -13"><span class='ocrx_word' id='word_1_132' title='bbox 278 1190 421 1228; x_wconf 89' lang='lat' dir='ltr'>infesto</span> <span class='ocrx_word' id='word_1_133' title='bbox 440 1198 559 1239; x_wconf 90' lang='lat' dir='ltr'>atque</span> <span class='ocrx_word' id='word_1_134' title='bbox 580 1189 742 1228; x_wconf 88' lang='lat' dir='ltr'>inimico</span> <span class='ocrx_word' id='word_1_135' title='bbox 763 1189 986 1236; x_wconf 84' lang='lat' dir='ltr'>excitatum,</span> <span class='ocrx_word' id='word_1_136' title='bbox 1010 1191 1235 1227; x_wconf 90' lang='lat' dir='ltr'>confessum</span> <span class='ocrx_word' id='word_1_137' title='bbox 1257 1202 1342 1228; x_wconf 92' lang='lat' dir='ltr'>esse</span> <span class='ocrx_word' id='word_1_138' title='bbox 1363 1190 1484 1228; x_wconf 88' lang='lat' dir='ltr'>duces</span> <span class='ocrx_word' id='word_1_139' title='bbox 1505 1202 1610 1240; x_wconf 86' lang='lat' dir='ltr'>prae-</span> 
     </span>
     <span class='ocr_line' id='line_1_19' title="bbox 277 1254 1611 1304; baseline 0 -11"><span class='ocrx_word' id='word_1_140' title='bbox 277 1256 428 1293; x_wconf 90' lang='lat' dir='ltr'>donum</span> <span class='ocrx_word' id='word_1_141' title='bbox 463 1269 486 1293; x_wconf 89' lang='lat' dir='ltr'>a</span> <span class='ocrx_word' id='word_1_142' title='bbox 518 1268 560 1293; x_wconf 88' lang='lat' dir='ltr'>se</span> <span class='ocrx_word' id='word_1_143' title='bbox 592 1255 716 1293; x_wconf 91' lang='lat' dir='ltr'>securi</span> <span class='ocrx_word' id='word_1_144' title='bbox 748 1268 829 1293; x_wconf 91' lang='lat' dir='ltr'>non</span> <span class='ocrx_word' id='word_1_145' title='bbox 862 1268 947 1293; x_wconf 89' lang='lat' dir='ltr'>esse</span> <span class='ocrx_word' id='word_1_146' title='bbox 978 1267 1195 1304; x_wconf 88' lang='lat' dir='ltr'>percussos,</span> <span class='ocrx_word' id='word_1_147' title='bbox 1228 1268 1269 1292; x_wconf 92' lang='lat' dir='ltr'>se</span> <span class='ocrx_word' id='word_1_148' title='bbox 1303 1254 1381 1292; x_wconf 92' lang='lat' dir='ltr'>iam</span> <span class='ocrx_word' id='word_1_149' title='bbox 1411 1262 1495 1292; x_wconf 91' lang='lat' dir='ltr'>tum</span> <span class='ocrx_word' id='word_1_150' title='bbox 1525 1267 1611 1293; x_wconf 91' lang='lat' dir='ltr'>esse</span> 
     </span>
     <span class='ocr_line' id='line_1_20' title="bbox 277 1318 1610 1369; baseline -0.002 -11"><span class='ocrx_word' id='word_1_151' title='bbox 277 1320 443 1358; x_wconf 88' lang='lat' dir='ltr'>veritum</span> <span class='ocrx_word' id='word_1_152' title='bbox 464 1334 513 1358; x_wconf 89' lang='lat' dir='ltr'>ne</span> <span class='ocrx_word' id='word_1_153' title='bbox 538 1320 612 1358; x_wconf 92' lang='lat' dir='ltr'>sibi</span> <span class='ocrx_word' id='word_1_154' title='bbox 637 1320 790 1358; x_wconf 89' lang='lat' dir='ltr'>crimini</span> <span class='ocrx_word' id='word_1_155' title='bbox 812 1321 969 1358; x_wconf 85' lang='lat' dir='ltr'>daretur</span> <span class='ocrx_word' id='word_1_156' title='bbox 989 1333 1057 1358; x_wconf 85' lang='lat' dir='ltr'>eos</span> <span class='ocrx_word' id='word_1_157' title='bbox 1079 1319 1130 1357; x_wconf 88' lang='lat' dir='ltr'>ab</span> <span class='ocrx_word' id='word_1_158' title='bbox 1151 1333 1192 1358; x_wconf 92' lang='lat' dir='ltr'>se</span> <span class='ocrx_word' id='word_1_159' title='bbox 1212 1319 1381 1369; x_wconf 89' lang='lat' dir='ltr'>pecunia</span> <span class='ocrx_word' id='word_1_160' title='bbox 1401 1318 1610 1368; x_wconf 68' lang='lat' dir='ltr'>liberatos,</span> 
     </span>
     <span class='ocr_line' id='line_1_21' title="bbox 277 1383 1609 1434; baseline -0.002 -11"><span class='ocrx_word' id='word_1_161' title='bbox 277 1386 452 1432; x_wconf 87' lang='lat' dir='ltr'>fateatur,</span> <span class='ocrx_word' id='word_1_162' title='bbox 475 1384 515 1423; x_wconf 91' lang='lat' dir='ltr'>id</span> <span class='ocrx_word' id='word_1_163' title='bbox 537 1386 646 1434; x_wconf 88' lang='lat' dir='ltr'>quod</span> <span class='ocrx_word' id='word_1_164' title='bbox 676 1384 807 1434; x_wconf 82' lang='lat' dir='ltr'>negari</span> <span class='ocrx_word' id='word_1_165' title='bbox 838 1398 917 1423; x_wconf 86' lang='lat' dir='ltr'>non</span> <span class='ocrx_word' id='word_1_166' title='bbox 948 1392 1087 1434; x_wconf 90' lang='lat' dir='ltr'>potest,</span> <span class='ocrx_word' id='word_1_167' title='bbox 1112 1398 1153 1422; x_wconf 93' lang='lat' dir='ltr'>se</span> <span class='ocrx_word' id='word_1_168' title='bbox 1182 1383 1376 1433; x_wconf 89' lang='lat' dir='ltr'>privatum</span> <span class='ocrx_word' id='word_1_169' title='bbox 1405 1383 1609 1422; x_wconf 89' lang='lat' dir='ltr'>hominem</span> 
     </span>
     <span class='ocr_line' id='line_1_22' title="bbox 276 1449 1610 1500; baseline -0.001 -12"><span class='ocrx_word' id='word_1_170' title='bbox 276 1451 521 1500; x_wconf 91' lang='lat' dir='ltr'>praedonum</span> <span class='ocrx_word' id='word_1_171' title='bbox 542 1451 664 1488; x_wconf 90' lang='lat' dir='ltr'>duces</span> <span class='ocrx_word' id='word_1_172' title='bbox 685 1449 793 1487; x_wconf 88' lang='lat' dir='ltr'>vivos</span> <span class='ocrx_word' id='word_1_173' title='bbox 818 1457 936 1499; x_wconf 87' lang='lat' dir='ltr'>atque</span> <span class='ocrx_word' id='word_1_174' title='bbox 964 1449 1173 1487; x_wconf 90' lang='lat' dir='ltr'>incolumis</span> <span class='ocrx_word' id='word_1_175' title='bbox 1194 1449 1303 1488; x_wconf 90' lang='lat' dir='ltr'>domi</span> <span class='ocrx_word' id='word_1_176' title='bbox 1331 1462 1434 1495; x_wconf 91' lang='lat' dir='ltr'>suae,</span> <span class='ocrx_word' id='word_1_177' title='bbox 1458 1457 1610 1499; x_wconf 89' lang='lat' dir='ltr'>postea-</span> 
     </span>
     <span class='ocr_line' id='line_1_23' title="bbox 276 1514 1611 1565; baseline 0 -12"><span class='ocrx_word' id='word_1_178' title='bbox 276 1529 395 1565; x_wconf 86' lang='lat' dir='ltr'>quam</span> <span class='ocrx_word' id='word_1_179' title='bbox 437 1517 607 1554; x_wconf 90' lang='lat' dir='ltr'>Romam</span> <span class='ocrx_word' id='word_1_180' title='bbox 647 1515 815 1562; x_wconf 89' lang='lat' dir='ltr'>redierit,</span> <span class='ocrx_word' id='word_1_181' title='bbox 857 1528 981 1565; x_wconf 90' lang='lat' dir='ltr'>usque</span> <span class='ocrx_word' id='word_1_182' title='bbox 1019 1516 1114 1553; x_wconf 92' lang='lat' dir='ltr'>dum</span> <span class='ocrx_word' id='word_1_183' title='bbox 1158 1528 1226 1565; x_wconf 92' lang='lat' dir='ltr'>per</span> <span class='ocrx_word' id='word_1_184' title='bbox 1265 1528 1329 1553; x_wconf 91' lang='lat' dir='ltr'>me</span> <span class='ocrx_word' id='word_1_185' title='bbox 1367 1514 1517 1553; x_wconf 89' lang='lat' dir='ltr'>licuerit</span> <span class='ocrx_word' id='word_1_186' title='bbox 1557 1529 1611 1553; x_wconf 92' lang='lat' dir='ltr'>re-</span> 
     </span>
     <span class='ocr_line' id='line_1_24' title="bbox 276 1579 1609 1620; baseline 0 -1"><span class='ocrx_word' id='word_1_187' title='bbox 276 1581 453 1619; x_wconf 84' lang='lat' dir='ltr'>tinuisse.</span> <span class='ocrx_word' id='word_1_188' title='bbox 516 1583 608 1619; x_wconf 89' lang='lat' dir='ltr'>Hoc</span> <span class='ocrx_word' id='word_1_189' title='bbox 647 1580 685 1618; x_wconf 88' lang='lat' dir='ltr'>in</span> <span class='ocrx_word' id='word_1_190' title='bbox 725 1580 793 1619; x_wconf 92' lang='lat' dir='ltr'>illo</span> <span class='ocrx_word' id='word_1_191' title='bbox 831 1580 1045 1618; x_wconf 83' lang='lat' dir='ltr'>maiestatis</span> <span class='ocrx_word' id='word_1_192' title='bbox 1086 1580 1233 1618; x_wconf 91' lang='lat' dir='ltr'>iudicio</span> <span class='ocrx_word' id='word_1_193' title='bbox 1272 1580 1302 1617; x_wconf 92' lang='lat' dir='ltr'>si</span> <span class='ocrx_word' id='word_1_194' title='bbox 1343 1579 1497 1618; x_wconf 87' lang='lat' dir='ltr'>licuisse</span> <span class='ocrx_word' id='word_1_195' title='bbox 1536 1581 1609 1620; x_wconf 93' lang='lat' dir='ltr'>sibi</span> 
     </span>
    </p>
   </div>
   <div class='ocr_carea' id='block_1_8' title="bbox 266 1645 1610 1696">
    <p class='ocr_par' dir='ltr' id='par_1_8' title="bbox 266 1645 1610 1696">
     <span class='ocr_line' id='line_1_25' title="bbox 266 1645 1610 1696; baseline 0.001 -13"><span class='ocrx_word' id='word_1_196' title='bbox 266 1646 502 1692; x_wconf 85' lang='lat' dir='ltr'>ostenderit,</span> <span class='ocrx_word' id='word_1_197' title='bbox 544 1659 617 1695; x_wconf 82' lang='lat' dir='ltr'>ego</span> <span class='ocrx_word' id='word_1_198' title='bbox 661 1645 881 1695; x_wconf 86' lang='lat' dir='ltr'>oportuisse</span> <span class='ocrx_word' id='word_1_199' title='bbox 924 1646 1154 1684; x_wconf 88' lang='lat' dir='ltr'>concedam.</span> <span class='ocrx_word' id='word_1_200' title='bbox 1234 1646 1292 1683; x_wconf 84' lang='lat' dir='ltr'>Ex</span> <span class='ocrx_word' id='word_1_201' title='bbox 1335 1646 1411 1683; x_wconf 92' lang='lat' dir='ltr'>hoc</span> <span class='ocrx_word' id='word_1_202' title='bbox 1450 1659 1610 1696; x_wconf 90' lang='lat' dir='ltr'>quoque</span> 
     </span>
    </p>
   </div>
   <div class='ocr_carea' id='block_1_9' title="bbox 276 1710 1610 1761">
    <p class='ocr_par' dir='ltr' id='par_1_9' title="bbox 276 1710 1610 1761">
     <span class='ocr_line' id='line_1_26' title="bbox 276 1710 1610 1761; baseline 0.001 -12"><span class='ocrx_word' id='word_1_203' title='bbox 276 1711 463 1750; x_wconf 87' lang='lat' dir='ltr'>evaserit:</span> <span class='ocrx_word' id='word_1_204' title='bbox 499 1710 722 1761; x_wconf 86' lang='lat' dir='ltr'>proficiscar</span> <span class='ocrx_word' id='word_1_205' title='bbox 745 1724 793 1748; x_wconf 93' lang='lat' dir='ltr'>eo</span> <span class='ocrx_word' id='word_1_206' title='bbox 814 1724 893 1760; x_wconf 92' lang='lat' dir='ltr'>quo</span> <span class='ocrx_word' id='word_1_207' title='bbox 918 1724 982 1748; x_wconf 89' lang='lat' dir='ltr'>me</span> <span class='ocrx_word' id='word_1_208' title='bbox 1009 1710 1086 1748; x_wconf 92' lang='lat' dir='ltr'>iam</span> <span class='ocrx_word' id='word_1_209' title='bbox 1117 1710 1268 1761; x_wconf 90' lang='lat' dir='ltr'>pridem</span> <span class='ocrx_word' id='word_1_210' title='bbox 1297 1718 1410 1748; x_wconf 86' lang='lat' dir='ltr'>vocat</span> <span class='ocrx_word' id='word_1_211' title='bbox 1440 1712 1610 1761; x_wconf 88' lang='lat' dir='ltr'>populus</span> 
     </span>
    </p>
   </div>
   <div class='ocr_carea' id='block_1_10' title="bbox 1634 812 1672 836">
    <p class='ocr_par' dir='ltr' id='par_1_10' title="bbox 1634 812 1672 836">
     <span class='ocr_line' id='line_1_27' title="bbox 1634 812 1672 836; baseline 0.053 -2"><span class='ocrx_word' id='word_1_212' title='bbox 1634 812 1672 836; x_wconf 89' lang='lat'>10</span> 
     </span>
    </p>
   </div>
   <div class='ocr_carea' id='block_1_11' title="bbox 1632 1136 1668 1169">
    <p class='ocr_par' dir='ltr' id='par_1_11' title="bbox 1632 1136 1668 1169">
     <span class='ocr_line' id='line_1_28' title="bbox 1632 1136 1668 1169; baseline 0 0"><span class='ocrx_word' id='word_1_213' title='bbox 1632 1136 1668 1169; x_wconf 88' lang='grc' dir='ltr'>Ι5</span> 
     </span>
    </p>
   </div>
   <div class='ocr_carea' id='block_1_12' title="bbox 1631 1464 1671 1486">
    <p class='ocr_par' dir='ltr' id='par_1_12' title="bbox 1631 1464 1671 1486">
     <span class='ocr_line' id='line_1_29' title="bbox 1631 1464 1671 1486; baseline 0.025 -1"><span class='ocrx_word' id='word_1_214' title='bbox 1631 1464 1671 1486; x_wconf 86' lang='grc'>20</span> 
     </span>
    </p>
   </div>
   <div class='ocr_carea' id='block_1_13' title="bbox 221 1775 1670 1826">
    <p class='ocr_par' dir='ltr' id='par_1_13' title="bbox 221 1775 1670 1826">
     <span class='ocr_line' id='line_1_30' title="bbox 221 1775 1670 1826; baseline -0.003 -12"><span class='ocrx_word' id='word_1_215' title='bbox 221 1793 259 1824; x_wconf 87' lang='lat'>13</span> <span class='ocrx_word' id='word_1_216' title='bbox 279 1778 509 1823; x_wconf 83' lang='lat' dir='ltr'>Romanus;</span> <span class='ocrx_word' id='word_1_217' title='bbox 548 1777 598 1814; x_wconf 90' lang='lat' dir='ltr'>de</span> <span class='ocrx_word' id='word_1_218' title='bbox 629 1775 710 1814; x_wconf 90' lang='lat' dir='ltr'>iure</span> <span class='ocrx_word' id='word_1_219' title='bbox 736 1775 841 1813; x_wconf 89' lang='lat' dir='ltr'>enim</span> <span class='ocrx_word' id='word_1_220' title='bbox 872 1775 1059 1814; x_wconf 89' lang='lat' dir='ltr'>libertatis</span> <span class='ocrx_word' id='word_1_221' title='bbox 1090 1783 1128 1814; x_wconf 89' lang='lat' dir='ltr'>et</span> <span class='ocrx_word' id='word_1_222' title='bbox 1158 1775 1324 1813; x_wconf 82' lang='lat' dir='ltr'>civitatis</span> <span class='ocrx_word' id='word_1_223' title='bbox 1354 1788 1468 1813; x_wconf 90' lang='lat' dir='ltr'>suum</span> <span class='ocrx_word' id='word_1_224' title='bbox 1499 1783 1610 1826; x_wconf 87' lang='lat' dir='ltr'>putat</span> <span class='ocrx_word' id='word_1_225' title='bbox 1631 1788 1670 1820; x_wconf 87' lang='lat'>25</span> 
     </span>
    </p>
   </div>
   <div class='ocr_carea' id='block_1_14' title="bbox 275 1840 1610 2089">
    <p class='ocr_par' dir='ltr' id='par_1_14' title="bbox 275 1840 1610 2089">
     <span class='ocr_line' id='line_1_31' title="bbox 277 1840 1610 1891; baseline -0.001 -11"><span class='ocrx_word' id='word_1_226' title='bbox 277 1855 362 1880; x_wconf 84' lang='lat' dir='ltr'>esse</span> <span class='ocrx_word' id='word_1_227' title='bbox 392 1841 596 1889; x_wconf 89' lang='lat' dir='ltr'>iudicium,</span> <span class='ocrx_word' id='word_1_228' title='bbox 616 1849 654 1879; x_wconf 90' lang='lat' dir='ltr'>et</span> <span class='ocrx_word' id='word_1_229' title='bbox 684 1848 788 1879; x_wconf 91' lang='lat' dir='ltr'>recte</span> <span class='ocrx_word' id='word_1_230' title='bbox 818 1848 938 1891; x_wconf 87' lang='lat' dir='ltr'>putat.</span> <span class='ocrx_word' id='word_1_231' title='bbox 1001 1841 1232 1890; x_wconf 80' lang='lat' dir='ltr'>Confringat</span> <span class='ocrx_word' id='word_1_232' title='bbox 1263 1840 1334 1879; x_wconf 87' lang='lat' dir='ltr'>iste</span> <span class='ocrx_word' id='word_1_233' title='bbox 1362 1853 1456 1878; x_wconf 88' lang='lat' dir='ltr'>sane</span> <span class='ocrx_word' id='word_1_234' title='bbox 1477 1840 1512 1878; x_wconf 90' lang='lat' dir='ltr'>vi</span> <span class='ocrx_word' id='word_1_235' title='bbox 1540 1854 1610 1879; x_wconf 90' lang='lat' dir='ltr'>sua</span> 
     </span>
     <span class='ocr_line' id='line_1_32' title="bbox 277 1906 1609 1957; baseline -0.002 -12"><span class='ocrx_word' id='word_1_236' title='bbox 277 1907 439 1945; x_wconf 86' lang='lat' dir='ltr'>consilia</span> <span class='ocrx_word' id='word_1_237' title='bbox 473 1907 678 1954; x_wconf 89' lang='lat' dir='ltr'>senatoria,</span> <span class='ocrx_word' id='word_1_238' title='bbox 713 1907 965 1957; x_wconf 86' lang='lat' dir='ltr'>quaestiones</span> <span class='ocrx_word' id='word_1_239' title='bbox 1001 1906 1180 1945; x_wconf 87' lang='lat' dir='ltr'>omnium</span> <span class='ocrx_word' id='word_1_240' title='bbox 1213 1913 1448 1956; x_wconf 87' lang='lat' dir='ltr'>perrumpat,</span> <span class='ocrx_word' id='word_1_241' title='bbox 1481 1907 1609 1944; x_wconf 88' lang='lat' dir='ltr'>evolet</span> 
     </span>
     <span class='ocr_line' id='line_1_33' title="bbox 275 1973 1607 2023; baseline 0 -12"><span class='ocrx_word' id='word_1_242' title='bbox 275 1988 321 2011; x_wconf 83' lang='lat' dir='ltr'>ex</span> <span class='ocrx_word' id='word_1_243' title='bbox 342 1982 467 2011; x_wconf 83' lang='lat' dir='ltr'>vestra</span> <span class='ocrx_word' id='word_1_244' title='bbox 488 1974 715 2012; x_wconf 84' lang='lat' dir='ltr'>severitate:</span> <span class='ocrx_word' id='word_1_245' title='bbox 754 1974 848 2012; x_wconf 90' lang='lat' dir='ltr'>mihi</span> <span class='ocrx_word' id='word_1_246' title='bbox 869 1974 1031 2020; x_wconf 87' lang='lat' dir='ltr'>credite,</span> <span class='ocrx_word' id='word_1_247' title='bbox 1052 1973 1258 2012; x_wconf 88' lang='lat' dir='ltr'>artioribus</span> <span class='ocrx_word' id='word_1_248' title='bbox 1283 1974 1389 2023; x_wconf 89' lang='lat' dir='ltr'>apud</span> <span class='ocrx_word' id='word_1_249' title='bbox 1416 1975 1607 2023; x_wconf 91' lang='lat' dir='ltr'>populum</span> 
     </span>
     <span class='ocr_line' id='line_1_34' title="bbox 278 2038 1606 2089; baseline 0.001 -13"><span class='ocrx_word' id='word_1_250' title='bbox 278 2041 503 2077; x_wconf 83' lang='lat' dir='ltr'>Romanum</span> <span class='ocrx_word' id='word_1_251' title='bbox 526 2039 674 2089; x_wconf 88' lang='lat' dir='ltr'>laqueis</span> <span class='ocrx_word' id='word_1_252' title='bbox 696 2040 903 2078; x_wconf 89' lang='lat' dir='ltr'>tenebitur.</span> <span class='ocrx_word' id='word_1_253' title='bbox 950 2040 1095 2078; x_wconf 90' lang='lat' dir='ltr'>Credet</span> <span class='ocrx_word' id='word_1_254' title='bbox 1117 2039 1176 2077; x_wconf 92' lang='lat' dir='ltr'>his</span> <span class='ocrx_word' id='word_1_255' title='bbox 1193 2038 1391 2088; x_wconf 89' lang='lat' dir='ltr'>equitibus</span> <span class='ocrx_word' id='word_1_256' title='bbox 1414 2038 1606 2077; x_wconf 87' lang='lat' dir='ltr'>Romanis</span> 
     </span>
    </p>
   </div>
   <div class='ocr_carea' id='block_1_15' title="bbox 275 2103 1667 2154">
    <p class='ocr_par' dir='ltr' id='par_1_15' title="bbox 275 2103 1667 2154">
     <span class='ocr_line' id='line_1_35' title="bbox 275 2103 1667 2154; baseline -0.001 -13"><span class='ocrx_word' id='word_1_257' title='bbox 275 2105 444 2154; x_wconf 90' lang='lat' dir='ltr'>populus</span> <span class='ocrx_word' id='word_1_258' title='bbox 480 2106 686 2142; x_wconf 87' lang='lat' dir='ltr'>Romanus</span> <span class='ocrx_word' id='word_1_259' title='bbox 718 2105 785 2154; x_wconf 86' lang='lat' dir='ltr'>qui</span> <span class='ocrx_word' id='word_1_260' title='bbox 819 2106 869 2142; x_wconf 84' lang='lat' dir='ltr'>ad</span> <span class='ocrx_word' id='word_1_261' title='bbox 903 2118 970 2143; x_wconf 77' lang='lat' dir='ltr'>vos</span> <span class='ocrx_word' id='word_1_262' title='bbox 1005 2113 1096 2142; x_wconf 85' lang='lat' dir='ltr'>ante</span> <span class='ocrx_word' id='word_1_263' title='bbox 1135 2103 1315 2154; x_wconf 90' lang='lat' dir='ltr'>producti</span> <span class='ocrx_word' id='word_1_264' title='bbox 1356 2111 1473 2140; x_wconf 87' lang='lat' dir='ltr'>testes</span> <span class='ocrx_word' id='word_1_265' title='bbox 1513 2103 1605 2153; x_wconf 91' lang='lat' dir='ltr'>ipsis</span> <span class='ocrx_word' id='word_1_266' title='bbox 1626 2113 1667 2145; x_wconf 84' lang='lat'>30</span> 
     </span>
    </p>
   </div>
   <div class='ocr_carea' id='block_1_16' title="bbox 318 2207 1604 2249">
    <p class='ocr_par' dir='ltr' id='par_1_16' title="bbox 318 2207 1604 2249">
     <span class='ocr_line' id='line_1_36' title="bbox 318 2207 1604 2249; baseline 0.001 -12"><span class='ocrx_word' id='word_1_267' title='bbox 318 2219 336 2237; x_wconf 81' lang='lat'><strong>2</strong></span> <span class='ocrx_word' id='word_1_268' title='bbox 362 2214 394 2238; x_wconf 86' lang='lat' dir='ltr'>et</span> <span class='ocrx_word' id='word_1_269' title='bbox 410 2207 498 2239; x_wconf 82' lang='lat' dir='ltr'>codd,</span> <span class='ocrx_word' id='word_1_270' title='bbox 515 2209 607 2248; x_wconf 80' lang='lat' dir='ltr'>(Div.</span> <span class='ocrx_word' id='word_1_271' title='bbox 627 2211 643 2245; x_wconf 64' lang='grc' dir='ltr'><strong>ξ</strong></span> <span class='ocrx_word' id='word_1_272' title='bbox 658 2209 715 2249; x_wconf 82' lang='lat'>47)</span> <span class='ocrx_word' id='word_1_273' title='bbox 732 2220 739 2238; x_wconf 90' lang='lat'>:</span> <span class='ocrx_word' id='word_1_274' title='bbox 763 2214 848 2239; x_wconf 79' lang='lat' dir='ltr'>auct.</span> <span class='ocrx_word' id='word_1_275' title='bbox 863 2209 981 2248; x_wconf 75' lang='lat' dir='ltr'>Halm,</span> <span class='ocrx_word' id='word_1_276' title='bbox 1003 2209 1199 2249; x_wconf 79' lang='lat' dir='ltr'>lVesenberg‚</span> <span class='ocrx_word' id='word_1_277' title='bbox 1214 2208 1284 2238; x_wconf 80' lang='lat' dir='ltr'>secl.</span> <span class='ocrx_word' id='word_1_278' title='bbox 1300 2207 1409 2238; x_wconf 82' lang='lat' dir='ltr'><em>Muell.</em></span> <span class='ocrx_word' id='word_1_279' title='bbox 1471 2218 1492 2246; x_wconf 92' lang='lat'>9</span> <span class='ocrx_word' id='word_1_280' title='bbox 1512 2208 1604 2238; x_wconf 88' lang='lat' dir='ltr'>dubi-</span> 
     </span>
    </p>
   </div>
   <div class='ocr_carea' id='block_1_17' title="bbox 274 2248 1604 2335">
    <p class='ocr_par' dir='ltr' id='par_1_17' title="bbox 274 2248 1604 2335">
     <span class='ocr_line' id='line_1_37' title="bbox 274 2248 1603 2290; baseline 0 -9"><span class='ocrx_word' id='word_1_281' title='bbox 274 2252 394 2282; x_wconf 85' lang='lat' dir='ltr'>taverit</span> <span class='ocrx_word' id='word_1_282' title='bbox 412 2254 428 2281; x_wconf 89' lang='grc' dir='ltr'>δ</span> <span class='ocrx_word' id='word_1_283' title='bbox 565 2254 668 2282; x_wconf 80' lang='lat'>16-18</span> <span class='ocrx_word' id='word_1_284' title='bbox 691 2251 883 2282; x_wconf 80' lang='lat' dir='ltr'>consessum</span> <span class='ocrx_word' id='word_1_285' title='bbox 903 2278 908 2283; x_wconf 89' lang='lat'>.</span> <span class='ocrx_word' id='word_1_286' title='bbox 928 2276 935 2282; x_wconf 92' lang='lat'>.</span> <span class='ocrx_word' id='word_1_287' title='bbox 956 2277 963 2284; x_wconf 89' lang='lat'>.</span> <span class='ocrx_word' id='word_1_288' title='bbox 982 2252 1125 2282; x_wconf 87' lang='lat' dir='ltr'>veritum</span> <span class='ocrx_word' id='word_1_289' title='bbox 1143 2251 1248 2290; x_wconf 83' lang='lat' dir='ltr'>suppl.</span> <span class='ocrx_word' id='word_1_290' title='bbox 1270 2253 1303 2281; x_wconf 85' lang='lat' dir='ltr'>in</span> <span class='ocrx_word' id='word_1_291' title='bbox 1322 2260 1387 2289; x_wconf 81' lang='lat' dir='ltr'>mg.</span> <span class='ocrx_word' id='word_1_292' title='bbox 1401 2248 1439 2289; x_wconf 62' lang='grc' dir='ltr'>ρ’</span> <span class='ocrx_word' id='word_1_293' title='bbox 1565 2262 1603 2281; x_wconf 87' lang='lat'>21</span> 
     </span>
     <span class='ocr_line' id='line_1_38' title="bbox 276 2292 1604 2335; baseline 0 -10"><span class='ocrx_word' id='word_1_294' title='bbox 276 2295 424 2326; x_wconf 86' lang='lat' dir='ltr'>tenuisse</span> <span class='ocrx_word' id='word_1_295' title='bbox 441 2295 478 2324; x_wconf 79' lang='grc' dir='ltr'>ὸδ</span> <span class='ocrx_word' id='word_1_296' title='bbox 547 2305 587 2334; x_wconf 83' lang='lat'>24</span> <span class='ocrx_word' id='word_1_297' title='bbox 614 2306 666 2326; x_wconf 84' lang='lat' dir='ltr'>me</span> <span class='ocrx_word' id='word_1_298' title='bbox 686 2296 748 2326; x_wconf 81' lang='lat' dir='ltr'>iam</span> <span class='ocrx_word' id='word_1_299' title='bbox 768 2296 897 2334; x_wconf 85' lang='lat' dir='ltr'>pridem</span> <span class='ocrx_word' id='word_1_300' title='bbox 912 2295 998 2326; x_wconf 80' lang='lat' dir='ltr'>Dal.</span> <span class='ocrx_word' id='word_1_301' title='bbox 1012 2301 1058 2335; x_wconf 85' lang='lat' dir='ltr'>p.-</span> <span class='ocrx_word' id='word_1_302' title='bbox 1083 2295 1148 2325; x_wconf 90' lang='lat' dir='ltr'>iam</span> <span class='ocrx_word' id='word_1_303' title='bbox 1164 2304 1216 2324; x_wconf 87' lang='lat' dir='ltr'>me</span> <span class='ocrx_word' id='word_1_304' title='bbox 1230 2294 1359 2333; x_wconf 83' lang='lat' dir='ltr'>pridem</span> <span class='ocrx_word' id='word_1_305' title='bbox 1380 2292 1416 2331; x_wconf 65' lang='lat' dir='ltr'>G,</span> <span class='ocrx_word' id='word_1_306' title='bbox 1437 2304 1444 2322; x_wconf 87' lang='lat'>:</span> <span class='ocrx_word' id='word_1_307' title='bbox 1468 2304 1521 2325; x_wconf 89' lang='lat' dir='ltr'>me</span> <span class='ocrx_word' id='word_1_308' title='bbox 1539 2294 1604 2325; x_wconf 86' lang='lat' dir='ltr'>iam</span> 
     </span>
    </p>
   </div>
   <div class='ocr_carea' id='block_1_18' title="bbox 274 2336 1605 2422">
    <p class='ocr_par' dir='ltr' id='par_1_18' title="bbox 274 2336 1605 2422">
     <span class='ocr_line' id='line_1_39' title="bbox 275 2336 1605 2381; baseline -0.001 -12"><span class='ocrx_word' id='word_1_309' title='bbox 275 2350 341 2369; x_wconf 91' lang='lat' dir='ltr'>non</span> <span class='ocrx_word' id='word_1_310' title='bbox 359 2339 487 2378; x_wconf 85' lang='lat' dir='ltr'>pridem</span> <span class='ocrx_word' id='word_1_311' title='bbox 509 2339 550 2379; x_wconf 69' lang='lat' dir='ltr'>G2</span> <span class='ocrx_word' id='word_1_312' title='bbox 674 2340 716 2369; x_wconf 87' lang='lat'>26</span> <span class='ocrx_word' id='word_1_313' title='bbox 743 2343 833 2370; x_wconf 87' lang='lat' dir='ltr'>recte</span> <span class='ocrx_word' id='word_1_314' title='bbox 852 2339 906 2381; x_wconf 79' lang='lat' dir='ltr'>Dp</span> <span class='ocrx_word' id='word_1_315' title='bbox 922 2339 984 2369; x_wconf 75' lang='lat' dir='ltr'>rell.</span> <span class='ocrx_word' id='word_1_316' title='bbox 1003 2350 1009 2368; x_wconf 92' lang='lat'>:</span> <span class='ocrx_word' id='word_1_317' title='bbox 1035 2338 1166 2368; x_wconf 86' lang='lat' dir='ltr'>ratione</span> <span class='ocrx_word' id='word_1_318' title='bbox 1183 2338 1222 2375; x_wconf 77' lang='lat' dir='ltr'>Gl</span> <span class='ocrx_word' id='word_1_319' title='bbox 1328 2347 1369 2376; x_wconf 82' lang='lat'>29</span> <span class='ocrx_word' id='word_1_320' title='bbox 1393 2336 1444 2367; x_wconf 90' lang='lat' dir='ltr'>his</span> <span class='ocrx_word' id='word_1_321' title='bbox 1461 2336 1515 2377; x_wconf 89' lang='lat' dir='ltr'>Dp</span> <span class='ocrx_word' id='word_1_322' title='bbox 1531 2350 1539 2368; x_wconf 74' lang='grc' dir='ltr'><strong><em>ε</em></strong></span> <span class='ocrx_word' id='word_1_323' title='bbox 1565 2338 1605 2368; x_wconf 88' lang='lat' dir='ltr'>iis</span> 
     </span>
     <span class='ocr_line' id='line_1_40' title="bbox 274 2382 674 2422; baseline -0.003 -9"><span class='ocrx_word' id='word_1_324' title='bbox 274 2382 341 2413; x_wconf 79' lang='lat' dir='ltr'>edd.</span> <span class='ocrx_word' id='word_1_325' title='bbox 434 2391 476 2420; x_wconf 85' lang='grc' dir='ltr'>3ο</span> <span class='ocrx_word' id='word_1_326' title='bbox 500 2387 598 2412; x_wconf 81' lang='lat' dir='ltr'>antea</span> <span class='ocrx_word' id='word_1_327' title='bbox 611 2382 674 2422; x_wconf 59' lang='lat' dir='ltr'>pb&amp;</span> 
     </span>
    </p>
   </div>
  </div>
 </body>
</html>
