1715 2734
0 2651 1 2669 ι

0 2711 2 2732 l

161 75 427 113 ACTIONIS
459 75 519 112 IN
551 75 594 112 C.
617 74 860 111 VERREM
889 74 1190 112 SECVNDAE
1221 75 1323 112 LIB.
1347 75 1365 111 Ι
1413 84 1458 112 10
1481 88 1520 122 ²7

134 193 268 233 erent,·
297 187 370 224 hac
395 187 444 223 de
472 199 511 223 re
541 185 713 224 ostendit
740 199 782 224 se
809 185 939 236 ipsum
962 185 1237 235 cogniturum.'
1293 189 1460 226 Possum
1482 193 1520 223 28

133 250 318 300 deinceps
339 258 461 288 totam
482 264 562 288 rem
584 250 786 300 explicare,
811 250 957 289 deinde
972 252 1024 289 ad
1045 259 1262 289 extremum
1292 252 1331 291 id
1352 253 1460 302 quod

131 314 272 353 accidit
292 314 434 361 dicere,
450 314 621 353 Dionem
655 317 725 353 HS
753 315 912 353 deciens
933 323 1100 353 centena
1115 315 1221 354 milia
1236 330 1462 355 numerasse

132 386 173 416 ut
193 391 350 416 causam
372 378 626 416 certissimam
647 379 842 417 obtineret
858 394 867 426 3
896 387 1096 429 praeterea
1115 393 1249 430 greges
1270 394 1460 430 equarum

95 458 111 488 5
131 442 214 481 eius
234 442 351 481 istum
371 443 588 493 abigendos
609 457 774 490 curasse,
804 444 964 493 argenti,
994 444 1111 483 vestis
1141 447 1332 494 stragulae
1352 447 1461 496 quod

132 507 243 546 fuerit
263 521 418 546 curasse
447 510 715 546 auferendum.
777 511 891 547 Haec
915 523 1045 558 neque
1075 523 1165 547 curn
1191 523 1263 559 ego
1289 510 1461 549 dicerem

131 587 260 623 neque
280 587 370 611 cum
392 581 432 611 tu
454 587 628 623 negares,
657 574 787 624 magni
817 574 1008 612 momenti
1038 582 1170 612 nostra
1197 583 1298 613 esset
1323 576 1458 614 oratio.

133 639 225 687 Quo
246 646 422 688 tempore
451 638 565 688 igitur
591 639 695 677 auris
724 639 841 677 iudex'
870 639 1032 689 erigeret
1055 639 1312 690 animumque
1341 648 1461 680 atten-

132 704 269 741 deret?
344 704 446 742 Cum
484 704 561 741 Dio
596 703 678 753 ipse
712 704 897 753 prodiret,
931 718 1022 742 cum
1056 705 1174 743 ceteri
1209 705 1277 755 qui
1307 713 1390 743 tum
1422 706 1461 744 in

77 783 113 804 ιο
133 767 262 806 Sicilia
282 768 447 817 negotiis
471 768 612 806 Dionis
638 768 913 815 interfuissent,
941 783 1032 807 cum
1060 783 1129 819 per
1156 783 1224 808 eos
1252 770 1357 820 ipsos
1378 771 1461 810 dies

132 846 200 882 per
220 846 319 882 quos
339 846 497 870 causam
519 832 601 871 Dio
619 833 766 871 diceret
787 833 1016 884 reperiretur
1037 834 1224 883 pecunias
1249 835 1461 885 sumpsisse

133 904 298 943 mutuas,
343 896 506 935 nomina
544 910 613 934 sua
661 897 843 947 exegisse,
889 898 1049 948 praedia
1092 899 1340 948 vendidisse,
1370 914 1460 938 cum

132 962 288 1000 tabulae
308 961 478 1000 virorum
492 963 687 1000 bonorum
719 964 1003 1012 proferrentur;
1033 977 1123 1001 cum
1154 964 1221 1014 qui
1251 965 1460 1015 pecuniam

134 1026 254 1065 Dioni
275 1027 469 1065 dederunt
493 1026 669 1066 dicerent
696 1041 737 1066 se
768 1027 844 1066 iam
873 1035 955 1066 tum
987 1028 1143 1067 audisse
1175 1043 1242 1068 eos
1276 1044 1460 1069 nummos

78 1105 112 1136 15
132 1091 233 1130 sumi
254 1099 295 1129 ut
315 1091 427 1129 Verri
447 1093 631 1130 darentur
646 1108 655 1139 ;
684 1106 773 1130 cum
790 1092 917 1139 amici,
934 1093 1119 1143 hospites,
1136 1094 1288 1144 patroni
1306 1095 1458 1142 Dionis,

132 1157 313 1196 homines
354 1156 631 1203 honestissimi,
667 1158 765 1196 haec
812 1159 952 1196 eadem
993 1172 1034 1196 se
1075 1159 1232 1197 audisse
1272 1159 1457 1198 dicerent.

132 1221 294 1271 Opinor,
318 1235 408 1259 cum
436 1223 533 1260 haec
557 1223 704 1269 fierent,
731 1229 815 1259 tum
842 1236 910 1260 vos
937 1222 1133 1269 audiretis,
1150 1223 1249 1261 sicut
1272 1224 1460 1263 audistis:
1482 1240 1521 1272 ²9

132 1292 214 1323 tum
235 1299 353 1324 causa
383 1285 444 1335 agi
478 1299 567 1324 vere
599 1285 802 1324 videretur.
864 1286 927 1325 Sic
953 1300 976 1325 a
1003 1301 1066 1325 me
1093 1296 1183 1326 sunt
1210 1296 1298 1327 acta
1326 1289 1460 1328 omnia

132 1350 258 1400 priore
291 1350 447 1389 actione
481 1359 523 1388 ut
557 1350 596 1388 in
632 1350 860 1390 criminibus
886 1351 1070 1390 omnibus
1102 1354 1253 1391 nullum
1289 1362 1390 1392 esset
1419 1354 1460 1392 in

75 1433 113 1455 20
132 1428 212 1465 quo
233 1415 440 1465 quisquam
461 1423 632 1454 vestrum
663 1423 891 1466 perpetuam
913 1417 1205 1455 accusationem
1236 1418 1457 1468 requireret.

132 1482 246 1530 Nego
276 1494 361 1519 esse
395 1480 607 1530 quicquam
633 1494 656 1518 a
683 1480 847 1519 testibus
875 1481 1024 1519 dictum
1052 1483 1163 1532 quod
1193 1490 1262 1521 aut
1287 1491 1459 1522 vestrum

131 1545 300 1595 cuipiam
323 1553 423 1584 esset
444 1546 655 1584 obscurum
671 1553 738 1583 aut
758 1545 990 1595 cuiusquam
1009 1546 1170 1585 oratoris
1191 1548 1458 1598 eloquentiam

131 1618 342 1660 quaereret.
403 1610 560 1648 Etenim
577 1610 631 1648 sic
653 1624 716 1648 me
746 1610 873 1660 ipsum
904 1611 1027 1661 egisse
1048 1613 1236 1651 memoria
1255 1613 1396 1652 tenetis
1415 1621 1459 1652 ut
1477 1624 1514 1651 11

132 1674 171 1712 in
192 1675 356 1714 testibus
372 1675 656 1725 interrogandis
677 1675 811 1713 onmia
824 1675 988 1714 crimina
1002 1689 1263 1726 proponerem
1283 1685 1323 1717 et
1341 1678 1459 1729 expli-

74 1754 112 1786 25
132 1754 274 1788 carem,
291 1748 342 1788 ut,
366 1754 455 1778 cum
473 1755 554 1778 rem
572 1748 694 1779 totam
716 1740 755 1777 in
777 1740 908 1779 medio
929 1741 1159 1790 posuissem,
1183 1749 1266 1780 tum
1287 1743 1458 1794 denique

132 1812 270 1844 testem
303 1805 589 1855 interrogarem.
666 1807 805 1855 Itaque
841 1819 921 1843 non
954 1807 1076 1844 modo
1111 1820 1190 1854 VOS,
1227 1808 1371 1858 quibus
1399 1816 1460 1848 est

131 1869 402 1917 iudicandum,
441 1878 573 1908 nostra
616 1869 779 1908 crimina
819 1870 970 1916 tenetis,
1015 1872 1087 1909 sed
1128 1871 1245 1910 etiam
1286 1875 1458 1923 populus

132 1935 336 1972 Romanus
368 1942 490 1973 totam
524 1934 817 1972 accusationem
850 1948 1088 1985 causamque
1122 1935 1315 1985 cognovit.

184 1999 359 2037 Tametsi
390 1999 443 2037 ita
474 2000 523 2038 de
556 2013 646 2037 meo
674 2001 780 2037 facto
807 2001 948 2050 loquor
988 2000 1101 2050 quasi
1128 2014 1201 2051 ego
1230 2001 1327 2041 illud
1370 2017 1458 2042 mea

176 2113 194 2132 2
219 2103 365 2133 iudicare
383 2113 423 2142 qr
507 2114 525 2141 4
544 2114 703 2143 equarum
717 2103 791 2143 pr
805 2104 857 2141 Qut
869 2104 903 2134 in
915 2103 980 2135 cod.
1000 2104 1095 2136 Clun.
1110 2105 1141 2143 ii,
1163 2107 1177 2142 ξ
1198 2106 1252 2145 20)
1269 2117 1276 2136 2
1293 2117 1455 2145 equorum

132 2145 224 2177 Kal.
241 2147 329 2187 vulg.
434 2156 452 2185 5
478 2147 649 2186 vestisque
676 2147 734 2176 ὁδε
759 2148 792 2176 in
821 2158 887 2187 mg.
909 2148 945 2187 p²
972 2149 1161 2187 vestrisque
1179 2149 1348 2187 stragulae
1365 2152 1454 2189 quod

133 2189 231 2219 suerit
378 2200 415 2228 14
440 2201 498 2220 eos
514 2190 570 2230 Dp
587 2190 650 2221 rell.
667 2201 673 2221 :
700 2201 740 2220 eo
757 2202 776 2230 q
920 2193 958 2221 16
982 2191 1126 2221 hominis
1143 2191 1198 2231 Dp
1216 2193 1277 2223 rell.
1292 2204 1298 2223 ε
1324 2204 1390 2224 om.
1413 2194 1455 2233 G2

137 2243 174 2271 19
198 2233 348 2263 omnibus
359 2234 404 2273 pb
420 2245 426 2264 z
450 2245 515 2264 om.
534 2234 597 2264 ΒΨ
688 2244 728 2263 22
753 2234 898 2273 cuipiam
916 2234 971 2273 Dp
986 2234 1050 2265 rell.
1073 2247 1079 2265 ι
1104 2235 1258 2274 cuiquam
1274 2236 1449 2276 Heindorf,

134 2275 242 2307 Muell.
264 2277 310 2317 (ii,
333 2280 346 2314 ξ
366 2279 421 2315 362»
514 2288 553 2316 24
579 2282 611 2307 et
628 2277 832 2316 explicarem
849 2277 884 2307 in
900 2288 966 2317 mg.
981 2277 1028 2307 D2
