1715 2734
182 59 448 100 ACTIONIS
479 61 539 98 IN
570 60 616 99 C.
637 60 878 98 VERREM
909 59 1208 98 SECVNDAE
1240 58 1344 95 LIB.
1375 57 1412 93 V
1448 56 1585 102 48126

182 171 303 219 Quod
330 184 377 208 eo
407 169 529 220 magis
559 171 656 208 ferre
685 169 819 208 animo
848 182 976 218 aequo
1006 175 1043 206 et
1073 168 1292 206 concedere
1313 166 1501 212 videmur,

181 233 273 282 quia
293 247 411 272 nemo
432 234 594 272 istorum
615 233 846 280 dissimulat,
870 246 988 271 nemo
1014 232 1163 270 laborat
1185 239 1227 270 ut
1247 232 1414 269 obscura
1435 243 1504 268 sua

180 298 374 347 cupiditas
396 311 480 336 esse
500 298 687 337 videatur.
749 300 796 336 In
818 298 914 335 urbe
942 304 1073 335 nostra
1101 295 1362 346 pulcherrima
1385 302 1504 344 atque
1528 307 1585 341 127

180 363 427 401 ornatissima
458 365 566 413 quod
597 363 763 413 signum,
787 375 887 412 quae
917 362 1050 400 tabula
1080 361 1184 411 picta
1213 368 1271 399 est
1292 373 1393 409 quae
1422 372 1503 396 non

141 443 158 473 5
179 428 230 466 ab
265 428 443 467 hostibus
472 428 583 467 victis
618 436 732 478 capta
764 435 883 478 atque
915 428 1122 477 deportata
1153 425 1230 464 sit?
1267 433 1306 462 at
1341 424 1503 462 istorum

179 493 294 531 villae
337 493 532 532 sociorum
577 493 892 531 fidelissimorum
936 491 1112 542 plurimis
1151 498 1189 529 et
1234 489 1503 540 pulcherrimis

180 557 314 607 spoliis
342 566 501 596 ornatae
530 559 771 608 refertaeque
801 565 901 595 sunt.
960 557 1039 594 Vbi
1070 555 1256 606 pecunias
1287 562 1502 593 exterarum

179 621 386 660 nationum
416 636 500 660 esse
529 622 782 669 arbitramini,
815 635 915 672 quae
945 635 1050 659 nunc
1083 634 1221 659 omnes
1255 627 1381 670 egent,
1413 633 1503 657 cum

180 688 368 733 Athenas,
401 689 644 737 Pergamum,
678 687 876 736 Cyzicum,
910 686 1104 732 Miletum,
1138 685 1296 731 Chium,
1328 686 1502 730 Samum,

123 767 160 788 10
179 759 301 789 totam
323 751 496 801 denique
516 751 663 797 Asiam,
688 750 892 797 Achaiam,
917 749 1133 796 Graeciam,
1157 749 1329 788 Siciliam
1358 757 1434 787 tam
1465 750 1504 786 in

180 815 314 864 paucis
352 815 451 853 villis
490 815 660 853 inclusas
699 829 784 853 esse
818 815 1011 853 videatis?
1068 815 1146 852 Sed
1181 815 1288 860 haec,
1325 821 1367 851 ut
1394 809 1502 860 dico,

179 880 313 918 omnia
351 880 429 918 iam
468 880 563 919 socii
597 880 713 918 vestri
752 880 977 930 relinquunt
1011 887 1049 918 et
1084 881 1305 929 neglegunt,
1342 878 1501 917 iudices

181 947 243 983 Ne
271 945 429 995 publice
455 958 478 983 a
504 946 654 995 populo
682 947 868 983 Romano
898 944 1156 994 spoliarentur
1185 943 1322 982 officiis
1351 957 1396 981 ac
1426 945 1505 982 fide

180 1010 434 1059 providerunt
450 1025 459 1057 3
493 1023 710 1061 paucorum
737 1009 942 1060 cupiditati
971 1017 1070 1057 turn,
1090 1023 1179 1047 cum
1207 1008 1397 1048 obsistere
1424 1022 1504 1046 non

123 1087 159 1118 15
180 1082 371 1124 poterant,
395 1083 527 1113 tamen
549 1076 725 1113 sufficere
745 1074 878 1124 aliquo
903 1075 1025 1113 modo
1053 1082 1258 1124 poterant,-
1286 1088 1392 1112 nunc
1413 1087 1505 1112 vero

181 1138 258 1176 iam
288 1141 474 1189 adempta
501 1148 559 1178 est
587 1153 667 1177 non
696 1141 817 1178 modo
844 1139 1049 1177 resistendi
1071 1153 1205 1177 verum
1227 1139 1345 1177 etiam
1367 1152 1504 1189 suppe-

179 1203 331 1241 ditandi
354 1205 526 1242 facultas.
589 1206 728 1254 Itaque
749 1217 807 1242 res
829 1217 917 1242 suas
939 1206 1174 1254 neglegunt3
1204 1203 1402 1253 pecunias,
1424 1216 1504 1253 quo

180 1268 340 1306 nomine
367 1269 555 1307 iudicium
584 1270 659 1307 hoc
685 1271 913 1319 appellatur,
937 1283 1017 1307 non
1040 1277 1231 1319 repetunt,
1254 1269 1503 1318 relinquunt;

181 1333 256 1370 hoc
297 1333 373 1371 iarn
417 1341 556 1372 ornatu
599 1335 649 1372 ad
689 1347 757 1372 vos
802 1333 1044 1383 confugiunt.
1105 1333 1295 1384 Aspicite,
1328 1333 1501 1383 aspicite,
1526 1343 1585 1373 128

123 1415 162 1437 20
181 1397 341 1444 iudices,
374 1401 596 1448 squalorem
626 1399 831 1449 sordisque
861 1399 1081 1437 sociorum!

233 1463 416 1501 Sthenius
445 1464 507 1503 hic
535 1464 812 1502 Thermitanus
842 1479 932 1503 cum
962 1466 1038 1503 hoc
1068 1465 1210 1515 capillo
1238 1472 1356 1515 atque
1383 1473 1499 1511 veste,
1522 1474 1578 1511 49

178 1528 301 1566 domo
329 1542 397 1566 sua
427 1536 509 1567 tota
537 1529 715 1579 expilata,
742 1529 985 1568 mentionem
1016 1538 1171 1568 tuorum
1202 1531 1391 1568 furtorum
1422 1543 1502 1567 non

178 1592 292 1639 facit,
322 1606 406 1631 sese
434 1593 561 1643 ipsum
588 1594 658 1632 abs
680 1601 717 1633 te
738 1594 887 1644 repetit,
911 1595 1007 1633 nihil
1027 1596 1220 1645 ampliusg
1249 1602 1375 1632 totum
1398 1594 1501 1632 enirn

179 1664 244 1695 tua
264 1657 428 1695 libidine
448 1666 485 1696 et
506 1660 650 1697 scelere
671 1672 718 1697 ex
738 1672 807 1697 sua
828 1659 960 1709 patria,
986 1660 1024 1697 in
1046 1673 1123 1709 qua
1144 1659 1275 1697 multis
1297 1659 1502 1697 virtutibus

120 1737 157 1769 25
177 1734 223 1759 ac
262 1722 462 1760 beneficiis
501 1722 682 1773 princeps
721 1723 802 1770 fuit,
844 1724 1041 1762 sustulisti.
1083 1756 1085 1759 .
1117 1726 1229 1762 Dexo
1268 1724 1342 1771 hic,
1384 1738 1500 1774 quem

177 1786 328 1833 videtis,
363 1800 443 1825 non
477 1800 578 1836 quae
612 1787 769 1837 publice
803 1788 1040 1838 Tyndaride,
1073 1802 1153 1826 non
1187 1802 1288 1838 quae
1322 1788 1501 1838 privatim

177 1851 251 1890 sibi
271 1851 456 1901 eripuisti,
474 1853 543 1890 sed
564 1851 724 1889 unicum
746 1851 861 1890 miser
876 1853 946 1891 abs
967 1861 1004 1891 te
1026 1853 1148 1890 filium
1169 1853 1363 1903 optimum
1383 1861 1502 1903 atque

177 1916 543 1954 innocentissimum
582 1917 753 1966 flagitat,
799 1931 879 1955 non
919 1931 964 1956 ex
1003 1918 1135 1956 litibus
1173 1918 1386 1956 aestimatis
1425 1918 1501 1956 tuis

177 1981 385 2031 pecuniam
411 1982 586 2026 domum,
611 1982 680 2019 sed
708 1995 754 2019 ex
781 1988 847 2019 tua
871 1982 1092 2020 calamitate
1119 1982 1239 2021 cineri
1264 1990 1383 2032 atque
1410 1983 1502 2022 ossi-

118 2059 158 2089 30
177 2045 250 2083 bus
290 2045 343 2082 fili
381 2044 440 2082 sui
479 2044 665 2082 solacium
706 2046 786 2083 vult
824 2046 985 2096 aliquod
1023 2055 1229 2097 reportare.
1303 2047 1383 2086 Hic
1421 2056 1500 2086 tarn

220 2159 239 2178 2
264 2148 413 2178 elaborat
437 2147 543 2187 V(iii,
567 2150 581 2185 ξ
603 2157 682 2186 Ι30;
706 2158 737 2185 ν,
758 2151 794 2185 ξξ
818 2150 886 2188 158,
911 2150 985 2182 188)
1119 2160 1138 2189 5
1161 2151 1338 2190 adportata
1358 2153 1498 2192 <app.p)

182 2191 248 2231 Vp&
398 2201 437 2221 10
461 2195 564 2221 totam
582 2191 727 2230 denique
750 2191 814 2231 Vp5
833 2204 839 2222 :
865 2198 1033 2232 totamque
1050 2192 1143 2223 RSqs
1248 2194 1420 2225 Graeciam
1439 2195 1499 2226 del.

179 2233 335 2265 Zielinski
445 2244 477 2264 11
505 2234 627 2264 videtis
645 2236 661 2263 δ
776 2245 813 2274 13
838 2246 880 2266 ne
897 2237 985 2266 enirn
1008 2236 1179 2267 V<c0nt12a
1195 2236 1310 2277 RSpfi)
1389 2239 1499 2269 officio

183 2278 214 2307 V
339 2288 378 2317 19
402 2278 543 2316 aspicite
556 2277 657 2307 semel
674 2277 740 2317 Vp&
894 2289 935 2308 22
961 2281 1059 2309 domo
1082 2280 1198 2320 VSpE:
1224 2281 1324 2310 domu
1344 2281 1377 2310 R
1396 2282 1496 2312 (Phil.

179 2331 208 2361 2,
226 2324 280 2361 45)
417 2331 459 2359 23
482 2332 500 2350 a
518 2326 551 2350 te
572 2320 603 2350 V
