1715 2734
158 76 425 115 ACTIONIS
457 77 518 114 IN
548 76 594 115 C.
615 77 857 114 VERREM
888 77 1186 115 SECVNDAE
1218 78 1320 115 LIB.
1345 79 1387 116 II
1425 89 1481 116 20
1500 94 1541 126 49

157 195 289 226 tamen
310 200 464 225 summa
483 200 575 225 cura
596 200 684 225 cum
714 194 814 234 tuae,
838 194 921 225 tum
951 188 1074 225 multo
1101 187 1218 225 etiam
1240 188 1362 238 magis
1389 203 1480 227 suae

156 254 283 291 famae
303 251 549 303 pepercisset.
610 251 720 300 Quid
750 260 808 289 est
835 253 944 302 quod
972 259 1013 289 tu
1039 251 1136 289 alios
1163 255 1356 291 accuses?
1385 253 1480 303 quid

156 324 214 355 est
234 330 352 367 quam
374 317 426 355 ob
447 329 529 354 rem
550 323 664 366 putes
686 323 723 354 te
751 324 858 354 tuam
886 318 1043 366 culpam
1065 330 1145 355 non
1166 318 1287 355 modo
1308 318 1479 357 derivare

155 381 195 419 in
222 381 405 431 aliquem,
434 382 503 419 sed
537 380 832 419 communicare
862 394 954 419 cum
983 383 1105 419 altero
1136 383 1281 431 posse?
1335 384 1480 420 Nume-
1503 398 1544 431 50

116 459 134 490 5
154 453 285 484 rantur
310 447 373 483 illa
398 446 470 483 HS
495 447 569 483 C—CE
599 446 860 495 Syracusanis.
921 448 979 484 Ea
1008 458 1127 495 quem
1156 447 1207 484 ad
1237 448 1401 485 modum
1430 449 1481 486 ad

153 511 271 549 istum
302 517 439 560 postea
468 523 536 560 per
568 511 881 560 pseudothyrum
914 517 1165 557 revertantur,
1197 510 1339 549 tabulis
1368 511 1480 549 vobis

152 574 408 624 testibusque,
431 573 592 620 iudices,
616 576 778 624 planum
798 574 950 613 faciam.

207 641 266 677 Ex
304 641 377 677 hac
416 638 622 689 iniquitate
660 638 770 677 istius
808 646 847 677 et
881 639 1145 689 improbitate,
1177 639 1337 687 iudices,
1371 643 1481 691 quod
1501 647 1543 674 21

151 705 296 755 praeda
319 718 366 742 ex
390 703 463 742 illis
493 704 608 742 bonis
636 705 686 742 ad
711 706 856 742 multos
886 706 1151 754 Syracusanos
1181 705 1304 744 invito
1331 708 1481 756 populo

94 786 132 808 10
151 776 368 819 senatuque
406 770 651 818 Syracusano
696 776 863 816 venerat,
905 776 943 807 et
982 769 1045 807 illa
1089 771 1234 808 scelera
1273 784 1374 820 quae
1411 785 1480 821 per

150 835 465 872 Theomnastum
495 841 533 871 et
563 833 849 872 Aeschrionem
879 841 917 872 et
948 834 1271 884 Dionysodorum
1301 843 1339 873 et
1366 836 1479 875 Cleo-

150 911 307 936 menem
327 897 558 936 invitissima
584 898 741 936 civitate
767 900 831 936 illa
857 899 959 937 facta
985 906 1101 937 sunt:
1133 901 1301 950 primum
1323 907 1366 938 ut
1387 901 1477 939 urbs

149 970 231 1001 tota
260 963 502 1013 spoliaretur,
523 977 602 1012 qua
630 965 681 1002 de
712 977 752 1001 re
784 963 883 1002 alius
913 964 1008 1002 mihi
1039 966 1149 1003 locus
1180 967 1230 1004 ad
1262 964 1477 1004 dicendum

148 1035 206 1066 est
226 1027 489 1075 constitutus,
519 1035 561 1065 ut
588 1028 722 1066 omnia
746 1028 856 1078 signa
883 1029 955 1066 iste
984 1042 1053 1078 per
1080 1042 1147 1067 eos
1168 1030 1349 1068 homines
1377 1044 1476 1080 quos

90 1109 126 1141 15
147 1093 358 1140 nominavi,
395 1107 514 1131 omne
553 1093 650 1131 ebur
688 1107 734 1131 ex
765 1094 930 1132 aedibus
969 1093 1099 1141 sacris,
1131 1095 1260 1132 omnis
1299 1095 1476 1146 undique

147 1159 299 1196 tabulas
330 1159 464 1207 pictas,
497 1159 663 1196 deorum
695 1158 868 1208 denique
899 1158 1107 1197 simulacra
1136 1173 1238 1209 quae
1267 1161 1382 1198 vellet
1412 1174 1477 1199 au-

145 1223 283 1270 ferret,
331 1222 477 1261 deinde
515 1230 558 1260 ut
596 1222 635 1260 in
681 1224 788 1261 curia
833 1223 1041 1272 Syracusis,
1083 1237 1201 1274 quem
1247 1226 1379 1262 locum
1421 1225 1475 1263 illi

142 1288 410 1338 βουλευτήριον
439 1286 601 1325 nomine
629 1289 839 1337 appellant,
869 1288 1147 1327 honestissimo
1177 1290 1265 1327 loco
1300 1297 1337 1328 et
1368 1292 1474 1340 apud

144 1352 231 1391 illos
269 1351 494 1400 clarissimo,
531 1352 599 1390 ubi
639 1352 741 1391 illius
780 1352 901 1403 ipsius
936 1355 992 1390 M.
1029 1354 1344 1404 Marcelli‚——qui
1382 1369 1473 1393 eum

86 1436 125 1458 20
144 1416 395 1467 Syracusanis
428 1418 571 1463 locum,
609 1431 727 1467 quem
767 1419 915 1467 eripere
954 1418 1047 1456 belli
1085 1431 1130 1456 ac
1169 1418 1353 1457 victoriae
1388 1421 1473 1471 lege

142 1489 286 1532 posset,
326 1481 569 1520 conservavit
614 1489 652 1520 et
697 1482 1066 1530 reddidit,—statua
1112 1481 1177 1536 [ex
1219 1497 1308 1522 aere
1351 1484 1471 1538 facta]

141 1555 210 1593 est,
234 1547 287 1585 ibi
318 1547 534 1585 inauratam
564 1546 674 1586 istius
705 1556 742 1586 et
771 1549 932 1586 alteram
962 1548 1044 1587 filio
1070 1556 1239 1587 statuam
1267 1559 1469 1599 ponerent,

141 1620 183 1650 ut
215 1613 310 1650 dum
343 1611 452 1650 istius
487 1611 659 1650 hominis
691 1614 881 1651 memoria
915 1621 1090 1651 maneret
1125 1622 1282 1652 senatus
1312 1617 1472 1665 Syracu-

141 1690 259 1715 sanus
293 1676 377 1714 sine
411 1676 577 1714 lacrimis
617 1684 654 1714 et
687 1677 834 1726 gemitu
866 1677 904 1715 in
938 1677 1044 1716 curia
1082 1691 1166 1716 esse
1204 1692 1285 1717 non
1324 1688 1466 1729 posset.

82 1758 122 1791 25
143 1743 217 1779 Per
245 1742 406 1779 eosdem
436 1740 546 1779 istius
576 1742 766 1779 furtorum
801 1741 1027 1780 iniuriarum
1062 1756 1307 1793 uxorumque
1340 1744 1468 1782 socios
1491 1762 1527 1792 51

141 1805 251 1843 istius
271 1804 436 1855 imperio
456 1805 655 1855 Syracusis
678 1806 881 1844 Marcellia
907 1808 1096 1845 tolluntur
1123 1807 1295 1846 maximo
1320 1808 1467 1858 gemitu

139 1872 327 1920 luctuque
361 1869 540 1917 civitatis,
570 1883 688 1920 quem
721 1870 775 1908 illi
804 1871 911 1909 diem
945 1873 1087 1910 festum
1122 1885 1212 1910 cum
1245 1872 1467 1912 recentibus

141 1934 341 1974 beneficiis
371 1936 416 1974 C.
441 1935 619 1973 Marcelli
648 1934 828 1974 debitum
858 1937 1088 1983 reddebant,
1122 1944 1205 1975 tum
1235 1938 1367 1987 generi
1401 1953 1468 1978 no-

186 2048 199 2067 1
226 2048 357 2068 summa
375 2048 453 2068 cura
471 2049 536 2068 om.
558 2038 588 2068 O
722 2048 738 2077 7
764 2039 973 2079 testibusque
993 2040 1024 2071 O
1041 2051 1047 2070 ε
1072 2045 1106 2070 et
1124 2045 1198 2071 test.
1216 2045 1240 2079 j>
1255 2041 1317 2072 rell.
1445 2054 1466 2081 9

140 2081 374 2120 Syracusanos
385 2092 449 2112 om.
467 2082 497 2112 O
572 2092 611 2113 10
634 2087 667 2113 et
685 2082 739 2113 illa
752 2083 881 2114 scelera
894 2093 979 2122 quae
992 2084 1157 2123 perprell.
1175 2083 1316 2121 (Cluent.
1334 2087 1350 2122 fi
1368 2087 1442 2126 191)
1460 2098 1465 2115 :

140 2125 197 2155 illa
214 2124 342 2155 scelera
367 2135 427 2164 per
447 2125 494 2155 O:
525 2126 625 2155 etiarn
651 2125 707 2155 illa
732 2126 861 2157 scelera
884 2131 961 2157 sunt
977 2137 1062 2166 quae
1093 2138 1152 2166 per
1170 2127 1288 2158 Lamb.
1312 2129 1395 2167 1584
1414 2131 1468 2168 (ex

140 2179 187 2197 c:
198 2168 321 2199 Fabm'c.
336 2170 361 2207 2)
381 2168 476 2199 Grut.
500 2169 553 2208 (ex
568 2180 615 2199 c:
627 2168 745 2200 Metell.
759 2170 784 2210 2)
922 2181 959 2200 12
985 2171 1039 2200 illa
1057 2170 1087 2201 O
1101 2182 1107 2200 ε
1132 2181 1197 2202 om.
1218 2171 1282 2202 rell.
1427 2174 1465 2203 18

140 2211 360 2242 buleuterium
379 2212 552 2241 nominant
564 2212 640 2251 pal.
822 2222 858 2242 21
886 2224 923 2244 ac
943 2213 985 2243 0¹
1139 2225 1183 2243 ex
1199 2224 1277 2244 aere
1295 2214 1382 2245 sacta
1397 2226 1464 2247 om.

139 2254 187 2284 cO
204 2265 210 2283 :
234 2264 277 2284 ex
294 2264 370 2284 aere
388 2254 474 2285 facta
490 2260 541 2285 est
555 2255 637 2295 pbr:
664 2260 715 2285 est
733 2265 775 2285 ex
791 2266 868 2287 aere
887 2256 906 2287 f.
928 2257 1013 2297 vulg.
1151 2267 1191 2286 22
1216 2263 1382 2296 ponerent
1401 2258 1441 2288 0¹
1457 2270 1464 2288 :

139 2297 323 2337 posuerint,
344 2299 528 2338 -untprell.
665 2308 704 2337 27
730 2303 763 2329 et
781 2298 872 2329 luctu
890 2298 921 2331 O
1052 2301 1093 2330 28
1117 2300 1153 2331 C.
1176 2299 1226 2330 O:
1253 2300 1296 2332 M.
1317 2301 1381 2333 rell.
