1715 2734
394 79 454 116 IN
486 78 530 116 C.
562 78 803 114 VERREM
836 77 1010 115 ACTIO
1036 78 1225 114 ‘PRIMA
1423 87 1468 124 15
1487 91 1528 123 43

140 188 216 226 hoc
245 186 357 225 vobis
386 185 573 224 divinitus
602 186 739 223 datum
773 199 858 224 esse
893 192 935 223 ut
968 184 1073 230 odio,
1105 185 1262 231 invidia,
1296 185 1465 231 infamia,

140 250 381 300 turpitudine
421 257 547 288 totum
587 249 766 288 ordinem
812 248 995 288 liberetis.
1074 250 1193 286 Nulla
1236 249 1274 286 in
1314 248 1467 288 iudiciis

139 314 331 361 severitas,
356 315 462 352 nulla
488 313 632 364 religio,
657 316 764 352 nulla
788 313 960 364 denique
988 313 1063 351 iam
1091 313 1361 352 existimantur
1381 328 1467 352 esse

138 379 292 418 iudicia.
354 380 493 429 Itaque
522 393 545 417 a
574 380 722 428 populo
754 381 939 417 Romano
970 378 1270 425 contemnimur,
1303 378 1466 429 despici-

101 458 248 491 5rnur3
289 443 393 494 gravi
428 443 692 493 diuturnaque
726 443 802 481 iam
843 445 1049 493 flagramus
1088 442 1258 480 infamia.
1324 445 1465 493 Neque
1484 458 1527 489 44

136 508 240 547 enim
263 510 380 546 ullam
402 507 517 546 aliam
539 508 592 545 ob
613 521 770 545 causam
796 509 965 557 populus
988 509 1194 545 Romanus
1215 507 1463 546 tribuniciam

136 580 370 622 potestatem
405 579 514 610 tanto
549 572 681 610 studio
720 571 944 621 requisivit3
982 585 1101 621 quam
1137 585 1227 610 cum
1262 573 1462 622 poscebat,

134 639 254 676 verbo
293 637 397 675 illam
437 651 599 687 poscere
633 637 849 683 videbatur,
887 651 926 675 re
957 651 1047 675 vera
1081 637 1225 675 iudicia
1263 638 1461 687 poscebat.

136 704 277 752 Neque
312 704 388 740 hoc
424 703 474 750 Q.
506 703 703 749 Catulum,
741 701 942 740 hominem
978 702 1310 752 sapientissimum
1345 711 1463 753 atque

78 782 116 802 10
133 767 431 818 amplissimum,
468 767 575 817 fugit,
611 767 678 817 qui
714 768 787 806 Cn.
826 766 1028 817 Pompeio,
1065 767 1146 804 viro
1182 767 1392 806 fortissimo
1425 775 1463 805 et

133 832 359 878 clarissimo,
383 833 433 870 de
459 831 666 870 tribunicia
693 839 886 882 potestate
914 833 1103 870 referente
1129 845 1219 869 cum
1249 840 1351 870 esset
1380 846 1463 871 sen-

134 898 295 936 tentiam
318 906 484 948 rogatu5‚
509 899 585 936 hoc
606 897 718 936 initio
739 905 797 936 est
818 911 973 935 summa
993 911 1082 935 cum
1104 897 1335 937 auctoritate
1357 912 1459 945 usus,

132 970 260 1012 patres
282 964 524 1012 conscriptos
549 961 694 1000 iudicia
714 963 815 1000 male
836 970 874 1000 et
896 961 1085 1011 flagitiose
1107 962 1226 1008 tueri3
1259 963 1402 1012 quodsi
1423 964 1461 1001 in

132 1027 247 1066 rebus
278 1026 499 1066 iudicandis
530 1026 665 1076 populi
696 1026 869 1064 Romani
899 1026 1177 1064 existimationi
1211 1027 1302 1065 satis
1336 1029 1461 1067 facere

74 1105 110 1136 15
131 1091 357 1138 voluissent,
399 1105 479 1129 non
519 1098 629 1129 tanto
668 1105 786 1141 opere
830 1090 1010 1129 homines
1054 1090 1172 1129 fuisse
1212 1092 1459 1131 tribuniciam

131 1163 365 1206 potestatem
387 1156 687 1194 desideraturos.
739 1157 830 1205 Ipse
851 1155 1023 1205 denique
1040 1157 1116 1194 Cn.
1135 1156 1348 1206 Pompeius
1368 1172 1458 1196 cum
1480 1175 1519 1207 45

130 1221 299 1270 primum
320 1220 547 1259 contionem
569 1221 619 1258 ad
641 1220 778 1258 urbem
801 1222 938 1258 consul
959 1219 1185 1270 designatus
1207 1221 1354 1269 habuit,
1378 1223 1456 1270 ubi,

130 1286 169 1324 id
197 1288 304 1336 quod
336 1286 503 1325 maxime
533 1285 747 1336 exspectari
777 1285 994 1333 videbatur,
1027 1287 1199 1325 ostendit
1230 1301 1271 1325 se
1302 1287 1459 1326 tribuni-

129 1351 230 1389 ciam
261 1359 495 1402 potestatem
526 1351 808 1399 restituturum,
828 1352 952 1389 factus
983 1358 1041 1389 est
1068 1351 1106 1389 in
1134 1366 1182 1390 eo
1209 1353 1391 1403 strepitus
1421 1362 1459 1393 et

70 1432 110 1454 20
128 1424 234 1465 grata
250 1416 446 1455 contionis
460 1415 781 1455 admurmuratio.
821 1417 934 1454 Idem
952 1415 990 1453 in
1008 1417 1146 1454 eadem
1164 1417 1350 1456 contione
1366 1432 1456 1456 curn

127 1480 287 1519 dixisset
311 1483 517 1531 populatas
538 1488 774 1531 vexatasque
795 1494 880 1518 esse
905 1480 1136 1530 provincias,
1160 1481 1305 1520 iudicia
1323 1490 1456 1521 autem

127 1545 253 1595 turpia
281 1559 327 1584 ac
357 1546 548 1596 flagitiosa
577 1545 683 1591 fieri3
722 1545 757 1583 ei
787 1544 841 1584 rei
871 1559 911 1583 se
944 1545 1148 1595 providere
1177 1560 1222 1584 ac
1252 1549 1456 1586 consulere

126 1612 249 1657 velle3
287 1618 369 1649 turn
401 1624 492 1649 vero
522 1624 601 1649 non
633 1610 805 1660 strepitu,
839 1611 909 1649 sed
939 1610 1110 1649 maximo
1144 1613 1315 1650 clamore
1345 1626 1455 1651 suam

126 1677 295 1725 populus
336 1678 541 1715 Romanus
581 1675 813 1726 significavit
847 1677 1101 1714 voluntatem.
1167 1678 1285 1715 Nunc
1322 1685 1454 1716 autem
1475 1706 1516 1746 46

68 1755 105 1786 25
127 1740 307 1779 homines
328 1741 367 1779 in
389 1740 557 1791 speculis
582 1748 698 1787 sunt3
727 1740 936 1779 observant
955 1754 1074 1790 quem
1100 1742 1151 1780 ad
1180 1743 1343 1780 modum
1370 1756 1454 1780 sese

126 1819 226 1843 unus
261 1806 427 1856 quisque
466 1814 641 1844 nostrum
682 1812 789 1856 gerat
826 1805 866 1842 in
905 1805 1110 1844 retinenda
1144 1806 1330 1857 religione
1364 1820 1455 1845 con-

125 1870 404 1920 servandisque
425 1870 586 1920 legibus.
637 1870 785 1908 Vident
800 1870 931 1908 adhuc
952 1878 1041 1919 post
1062 1872 1187 1920 legem
1205 1871 1453 1910 tribuniciam

125 1949 246 1973 unum
282 1944 503 1975 senatorem
534 1937 594 1974 vel
625 1934 899 1974 tenuissimum
934 1949 1019 1974 esse
1049 1937 1281 1974 damnatum
1297 1951 1307 1984 3
1344 1938 1453 1986 quod

123 2000 277 2039 tametsi
327 2014 407 2039 non
456 2001 760 2050 reprehendunt,
807 2007 939 2038 tamen
988 2014 1131 2051 magno
1178 2015 1296 2050 opere
1343 2003 1452 2051 quod

65 2077 104 2107 30
124 2065 284 2103 laudent
305 2079 384 2103 non
407 2065 582 2112 habent3
614 2066 720 2102 nulla
747 2071 805 2102 est
833 2063 938 2102 enim
966 2065 1049 2103 laus
1077 2065 1131 2103 ibi
1153 2079 1237 2104 esse
1258 2065 1451 2116 integrum

167 2178 187 2206 3
211 2168 336 2198 veritas
353 2168 430 2199 coni.
448 2167 566 2198 Halm.
587 2178 593 2196 :
617 2167 653 2206 cs
675 2170 710 2203 §5
730 2176 760 2204 3,
780 2176 818 2204 51
841 2178 847 2196 :
871 2176 892 2195 ν
911 2169 926 2203 §
950 2176 1009 2205 130
1164 2177 1202 2198 10
1227 2167 1304 2198 fort.
1323 2172 1355 2198 et
1373 2169 1451 2199 clar.

124 2210 230 2242 ow:
255 2212 332 2242 clar.
363 2216 396 2241 et
425 2212 501 2241 sort.
522 2223 544 2240 π
661 2220 701 2240 22
725 2220 763 2240 ac
791 2209 866 2249 pr
889 2210 931 2240 al.
952 2221 959 2240 ε
983 2214 1083 2248 atque
1113 2209 1211 2249 G2K:
1236 2216 1270 2242 et
1287 2213 1321 2241 νδ
1410 2214 1452 2242 26

125 2259 274 2284 nostrum
293 2254 402 2285 Βψπε
425 2259 575 2285 vestrum
594 2253 680 2283 Iord.
815 2254 856 2282 28
874 2256 950 2292 post
965 2257 1156 2282 senatorem
1180 2253 1256 2284 add.
1278 2254 1449 2284 hominem

124 2296 291 2336 Fritzsche,
311 2297 397 2328 Iord.
419 2297 542 2337 Kays.:
563 2307 666 2327 unum
684 2295 858 2327 hominem
875 2296 928 2326 vel
947 2300 1013 2326 ten.
1032 2295 1109 2326 Asc.
