<?xml version="1.0" encoding="UTF-8"?>
<!DOCTYPE html PUBLIC "-//W3C//DTD XHTML 1.0 Transitional//EN"
    "http://www.w3.org/TR/xhtml1/DTD/xhtml1-transitional.dtd">
<html xmlns="http://www.w3.org/1999/xhtml" xml:lang="en" lang="en">
 <head>
  <title>
</title>
<meta http-equiv="Content-Type" content="text/html;charset=utf-8" />
  <meta name='ocr-system' content='tesseract 3.04.00' />
  <meta name='ocr-capabilities' content='ocr_page ocr_carea ocr_par ocr_line ocrx_word'/>
</head>
<body>
  <div class='ocr_page' id='page_1' title='image "./orationesrecogno03ciceuoft/orationesrecogno03ciceuoft_0048.png"; bbox 0 0 1715 2734; ppageno 0'>
   <div class='ocr_carea' id='block_1_1' title="bbox 213 67 1252 137">
    <p class='ocr_par' dir='ltr' id='par_1_1' title="bbox 213 67 1252 137">
     <span class='ocr_line' id='line_1_1' title="bbox 213 67 1252 137; baseline 0.003 -9"><span class='ocrx_word' id='word_1_1' title='bbox 213 95 331 137; x_wconf 81' lang='lat'><strong>2064</strong></span> <span class='ocrx_word' id='word_1_2' title='bbox 655 92 715 128; x_wconf 87' lang='lat' dir='ltr'>M.</span> <span class='ocrx_word' id='word_1_3' title='bbox 743 91 913 129; x_wconf 83' lang='lat' dir='ltr'>TVLLI</span> <span class='ocrx_word' id='word_1_4' title='bbox 945 67 1252 131; x_wconf 78' lang='lat' dir='ltr'>CICERONiS</span> 
     </span>
    </p>
   </div>
   <div class='ocr_carea' id='block_1_2' title="bbox 226 200 1703 2145">
    <p class='ocr_par' dir='ltr' id='par_1_2' title="bbox 287 200 1618 382">
     <span class='ocr_line' id='line_1_2' title="bbox 287 200 1618 251; baseline 0.003 -12"><span class='ocrx_word' id='word_1_5' title='bbox 287 203 337 249; x_wconf 86' lang='lat' dir='ltr'>Q.</span> <span class='ocrx_word' id='word_1_6' title='bbox 371 200 566 240; x_wconf 81' lang='lat' dir='ltr'>Caecilius</span> <span class='ocrx_word' id='word_1_7' title='bbox 598 208 746 251; x_wconf 87' lang='lat' dir='ltr'>peteret</span> <span class='ocrx_word' id='word_1_8' title='bbox 781 200 892 250; x_wconf 87' lang='lat' dir='ltr'>isque</span> <span class='ocrx_word' id='word_1_9' title='bbox 927 215 967 240; x_wconf 89' lang='lat' dir='ltr'>se</span> <span class='ocrx_word' id='word_1_10' title='bbox 996 209 1145 241; x_wconf 89' lang='lat' dir='ltr'>veteres</span> <span class='ocrx_word' id='word_1_11' title='bbox 1179 202 1403 241; x_wconf 80' lang='lat' dir='ltr'>inimicitias</span> <span class='ocrx_word' id='word_1_12' title='bbox 1437 202 1514 241; x_wconf 85' lang='lat' dir='ltr'>iam</span> <span class='ocrx_word' id='word_1_13' title='bbox 1548 202 1618 243; x_wconf 92' lang='lat' dir='ltr'>diu</span> 
     </span>
     <span class='ocr_line' id='line_1_3' title="bbox 287 266 1618 319; baseline 0.002 -14"><span class='ocrx_word' id='word_1_14' title='bbox 287 274 489 316; x_wconf 88' lang='lat' dir='ltr'>susceptas</span> <span class='ocrx_word' id='word_1_15' title='bbox 537 267 717 317; x_wconf 78' lang='lat' dir='ltr'>persequi</span> <span class='ocrx_word' id='word_1_16' title='bbox 764 266 922 314; x_wconf 87' lang='lat' dir='ltr'>diceret,</span> <span class='ocrx_word' id='word_1_17' title='bbox 967 281 1057 306; x_wconf 88' lang='lat' dir='ltr'>cum</span> <span class='ocrx_word' id='word_1_18' title='bbox 1105 268 1314 307; x_wconf 83' lang='lat' dir='ltr'>auctoritas</span> <span class='ocrx_word' id='word_1_19' title='bbox 1363 277 1401 307; x_wconf 91' lang='lat' dir='ltr'>et</span> <span class='ocrx_word' id='word_1_20' title='bbox 1449 269 1618 319; x_wconf 80' lang='lat' dir='ltr'>dignitas</span> 
     </span>
     <span class='ocr_line' id='line_1_4' title="bbox 287 332 1616 382; baseline 0.002 -12"><span class='ocrx_word' id='word_1_21' title='bbox 287 332 442 371; x_wconf 87' lang='lat' dir='ltr'>Pisonis</span> <span class='ocrx_word' id='word_1_22' title='bbox 473 333 626 371; x_wconf 85' lang='lat' dir='ltr'>valebat</span> <span class='ocrx_word' id='word_1_23' title='bbox 661 332 887 382; x_wconf 88' lang='lat' dir='ltr'>plurimum,</span> <span class='ocrx_word' id='word_1_24' title='bbox 917 340 1001 370; x_wconf 92' lang='lat' dir='ltr'>tum</span> <span class='ocrx_word' id='word_1_25' title='bbox 1036 332 1101 371; x_wconf 91' lang='lat' dir='ltr'>illa</span> <span class='ocrx_word' id='word_1_26' title='bbox 1134 341 1214 372; x_wconf 90' lang='lat' dir='ltr'>erat</span> <span class='ocrx_word' id='word_1_27' title='bbox 1246 348 1364 373; x_wconf 88' lang='lat' dir='ltr'>causa</span> <span class='ocrx_word' id='word_1_28' title='bbox 1394 334 1616 381; x_wconf 87' lang='lat' dir='ltr'>iustissima,</span> 
     </span>
    </p>

    <p class='ocr_par' dir='ltr' id='par_1_3' title="bbox 226 397 1703 1363">
     <span class='ocr_line' id='line_1_5' title="bbox 226 397 1618 448; baseline 0.002 -15"><span class='ocrx_word' id='word_1_29' title='bbox 226 400 266 443; x_wconf 88' lang='lat'>65</span> <span class='ocrx_word' id='word_1_30' title='bbox 287 399 396 448; x_wconf 88' lang='lat' dir='ltr'>quod</span> <span class='ocrx_word' id='word_1_31' title='bbox 417 411 506 436; x_wconf 88' lang='lat' dir='ltr'>eum</span> <span class='ocrx_word' id='word_1_32' title='bbox 529 397 602 435; x_wconf 87' lang='lat' dir='ltr'>sibi</span> <span class='ocrx_word' id='word_1_33' title='bbox 625 398 774 436; x_wconf 82' lang='lat' dir='ltr'>Achaei</span> <span class='ocrx_word' id='word_1_34' title='bbox 803 405 1012 447; x_wconf 88' lang='lat' dir='ltr'>patronum</span> <span class='ocrx_word' id='word_1_35' title='bbox 1039 399 1285 448; x_wconf 89' lang='lat' dir='ltr'>adoptarant.</span> <span class='ocrx_word' id='word_1_36' title='bbox 1346 399 1504 437; x_wconf 85' lang='lat' dir='ltr'>Etenim</span> <span class='ocrx_word' id='word_1_37' title='bbox 1528 412 1618 437; x_wconf 90' lang='lat' dir='ltr'>cum</span> 
     </span>
     <span class='ocr_line' id='line_1_6' title="bbox 286 462 1657 513; baseline 0 -12"><span class='ocrx_word' id='word_1_38' title='bbox 286 464 347 501; x_wconf 88' lang='lat' dir='ltr'>lex</span> <span class='ocrx_word' id='word_1_39' title='bbox 373 463 457 512; x_wconf 86' lang='lat' dir='ltr'>ipsa</span> <span class='ocrx_word' id='word_1_40' title='bbox 486 464 536 501; x_wconf 92' lang='lat' dir='ltr'>de</span> <span class='ocrx_word' id='word_1_41' title='bbox 566 462 742 512; x_wconf 88' lang='lat' dir='ltr'>pecuniis</span> <span class='ocrx_word' id='word_1_42' title='bbox 770 463 998 512; x_wconf 81' lang='lat' dir='ltr'>repetundis</span> <span class='ocrx_word' id='word_1_43' title='bbox 1023 463 1219 501; x_wconf 90' lang='lat' dir='ltr'>sociorum</span> <span class='ocrx_word' id='word_1_44' title='bbox 1249 471 1369 513; x_wconf 87' lang='lat' dir='ltr'>atque</span> <span class='ocrx_word' id='word_1_45' title='bbox 1400 464 1618 502; x_wconf 82' lang='lat' dir='ltr'>amicorum</span> <span class='ocrx_word' id='word_1_46' title='bbox 1641 476 1657 506; x_wconf 85' lang='lat'>5</span> 
     </span>
     <span class='ocr_line' id='line_1_7' title="bbox 286 528 1618 579; baseline 0.002 -14"><span class='ocrx_word' id='word_1_47' title='bbox 286 528 421 579; x_wconf 90' lang='lat' dir='ltr'>populi</span> <span class='ocrx_word' id='word_1_48' title='bbox 464 528 635 566; x_wconf 80' lang='lat' dir='ltr'>Romani</span> <span class='ocrx_word' id='word_1_49' title='bbox 675 536 838 578; x_wconf 80' lang='lat' dir='ltr'>patrona</span> <span class='ocrx_word' id='word_1_50' title='bbox 877 528 937 575; x_wconf 88' lang='lat' dir='ltr'>sit,</span> <span class='ocrx_word' id='word_1_51' title='bbox 974 528 1154 578; x_wconf 91' lang='lat' dir='ltr'>iniquum</span> <span class='ocrx_word' id='word_1_52' title='bbox 1190 536 1247 567; x_wconf 90' lang='lat' dir='ltr'>est</span> <span class='ocrx_word' id='word_1_53' title='bbox 1283 542 1362 567; x_wconf 92' lang='lat' dir='ltr'>non</span> <span class='ocrx_word' id='word_1_54' title='bbox 1399 543 1489 567; x_wconf 86' lang='lat' dir='ltr'>eum</span> <span class='ocrx_word' id='word_1_55' title='bbox 1525 529 1618 579; x_wconf 84' lang='lat' dir='ltr'>legis</span> 
     </span>
     <span class='ocr_line' id='line_1_8' title="bbox 286 593 1618 644; baseline 0.001 -13"><span class='ocrx_word' id='word_1_56' title='bbox 286 593 689 644; x_wconf 86' lang='lat' dir='ltr'>iudiciqueactorem</span> <span class='ocrx_word' id='word_1_57' title='bbox 720 593 908 632; x_wconf 91' lang='lat' dir='ltr'>idoneum</span> <span class='ocrx_word' id='word_1_58' title='bbox 941 594 1109 632; x_wconf 77' lang='lat' dir='ltr'>maxime</span> <span class='ocrx_word' id='word_1_59' title='bbox 1139 594 1264 644; x_wconf 88' lang='lat' dir='ltr'>putari</span> <span class='ocrx_word' id='word_1_60' title='bbox 1296 608 1414 644; x_wconf 91' lang='lat' dir='ltr'>quem</span> <span class='ocrx_word' id='word_1_61' title='bbox 1444 603 1618 633; x_wconf 86' lang='lat' dir='ltr'>actorem</span> 
     </span>
     <span class='ocr_line' id='line_1_9' title="bbox 286 658 1619 710; baseline 0 -13"><span class='ocrx_word' id='word_1_62' title='bbox 286 672 427 697; x_wconf 86' lang='lat' dir='ltr'>causae</span> <span class='ocrx_word' id='word_1_63' title='bbox 452 672 545 697; x_wconf 85' lang='lat' dir='ltr'>suae</span> <span class='ocrx_word' id='word_1_64' title='bbox 570 658 665 697; x_wconf 91' lang='lat' dir='ltr'>socii</span> <span class='ocrx_word' id='word_1_65' title='bbox 687 660 1017 709; x_wconf 85' lang='lat' dir='ltr'>defensoremque</span> <span class='ocrx_word' id='word_1_66' title='bbox 1044 660 1287 697; x_wconf 89' lang='lat' dir='ltr'>fortunarum</span> <span class='ocrx_word' id='word_1_67' title='bbox 1316 673 1472 698; x_wconf 91' lang='lat' dir='ltr'>suarum</span> <span class='ocrx_word' id='word_1_68' title='bbox 1503 660 1619 710; x_wconf 92' lang='lat' dir='ltr'>potis-</span> 
     </span>
     <span class='ocr_line' id='line_1_10' title="bbox 286 723 1619 774; baseline 0 -12"><span class='ocrx_word' id='word_1_69' title='bbox 286 723 429 762; x_wconf 90' lang='lat' dir='ltr'>simum</span> <span class='ocrx_word' id='word_1_70' title='bbox 451 738 537 762; x_wconf 87' lang='lat' dir='ltr'>esse</span> <span class='ocrx_word' id='word_1_71' title='bbox 557 725 775 762; x_wconf 84' lang='lat' dir='ltr'>voluerunt.</span> <span class='ocrx_word' id='word_1_72' title='bbox 835 726 900 761; x_wconf 88' lang='lat' dir='ltr'>An</span> <span class='ocrx_word' id='word_1_73' title='bbox 921 725 1030 774; x_wconf 90' lang='lat' dir='ltr'>quod</span> <span class='ocrx_word' id='word_1_74' title='bbox 1060 725 1110 763; x_wconf 88' lang='lat' dir='ltr'>ad</span> <span class='ocrx_word' id='word_1_75' title='bbox 1138 726 1532 763; x_wconf 87' lang='lat' dir='ltr'>commemorandum</span> <span class='ocrx_word' id='word_1_76' title='bbox 1561 733 1619 763; x_wconf 91' lang='lat' dir='ltr'>est</span> 
     </span>
     <span class='ocr_line' id='line_1_11' title="bbox 286 789 1703 839; baseline 0.002 -12"><span class='ocrx_word' id='word_1_77' title='bbox 286 789 504 837; x_wconf 86' lang='lat' dir='ltr'>honestius,</span> <span class='ocrx_word' id='word_1_78' title='bbox 550 789 589 828; x_wconf 88' lang='lat' dir='ltr'>id</span> <span class='ocrx_word' id='word_1_79' title='bbox 637 791 688 828; x_wconf 88' lang='lat' dir='ltr'>ad</span> <span class='ocrx_word' id='word_1_80' title='bbox 734 789 982 839; x_wconf 91' lang='lat' dir='ltr'>probandum</span> <span class='ocrx_word' id='word_1_81' title='bbox 1032 803 1111 828; x_wconf 92' lang='lat' dir='ltr'>non</span> <span class='ocrx_word' id='word_1_82' title='bbox 1162 792 1288 828; x_wconf 90' lang='lat' dir='ltr'>multo</span> <span class='ocrx_word' id='word_1_83' title='bbox 1332 790 1455 828; x_wconf 89' lang='lat' dir='ltr'>videri</span> <span class='ocrx_word' id='word_1_84' title='bbox 1501 790 1619 828; x_wconf 84' lang='lat' dir='ltr'>debet</span> <span class='ocrx_word' id='word_1_85' title='bbox 1644 802 1703 830; x_wconf 82' lang='lat'>10.</span> 
     </span>
     <span class='ocr_line' id='line_1_12' title="bbox 285 854 1619 905; baseline 0 -13"><span class='ocrx_word' id='word_1_86' title='bbox 285 854 479 905; x_wconf 85' lang='lat' dir='ltr'>aequius?</span> <span class='ocrx_word' id='word_1_87' title='bbox 535 856 632 892; x_wconf 87' lang='lat' dir='ltr'>Vtra</span> <span class='ocrx_word' id='word_1_88' title='bbox 662 854 777 904; x_wconf 86' lang='lat' dir='ltr'>igitur</span> <span class='ocrx_word' id='word_1_89' title='bbox 803 862 861 892; x_wconf 86' lang='lat' dir='ltr'>est</span> <span class='ocrx_word' id='word_1_90' title='bbox 888 854 1142 904; x_wconf 86' lang='lat' dir='ltr'>splendidior,</span> <span class='ocrx_word' id='word_1_91' title='bbox 1175 862 1260 892; x_wconf 90' lang='lat' dir='ltr'>utra</span> <span class='ocrx_word' id='word_1_92' title='bbox 1290 854 1487 892; x_wconf 86' lang='lat' dir='ltr'>inlustrior</span> <span class='ocrx_word' id='word_1_93' title='bbox 1516 868 1619 892; x_wconf 90' lang='lat' dir='ltr'>com-</span> 
     </span>
     <span class='ocr_line' id='line_1_13' title="bbox 286 919 1619 970; baseline 0 -11"><span class='ocrx_word' id='word_1_94' title='bbox 286 920 530 967; x_wconf 79' lang='lat' dir='ltr'>memoratio,</span> <span class='ocrx_word' id='word_1_95' title='bbox 572 919 789 958; x_wconf 85' lang='lat' dir='ltr'>‘Accusavi</span> <span class='ocrx_word' id='word_1_96' title='bbox 829 934 919 958; x_wconf 88' lang='lat' dir='ltr'>eum</span> <span class='ocrx_word' id='word_1_97' title='bbox 959 920 1021 958; x_wconf 92' lang='lat' dir='ltr'>cui</span> <span class='ocrx_word' id='word_1_98' title='bbox 1054 928 1238 970; x_wconf 86' lang='lat' dir='ltr'>quaestor</span> <span class='ocrx_word' id='word_1_99' title='bbox 1268 922 1428 967; x_wconf 91' lang='lat' dir='ltr'>fueram,</span> <span class='ocrx_word' id='word_1_100' title='bbox 1459 921 1619 970; x_wconf 89' lang='lat' dir='ltr'>quicum</span> 
     </span>
     <span class='ocr_line' id='line_1_14' title="bbox 287 984 1619 1035; baseline 0.001 -12"><span class='ocrx_word' id='word_1_101' title='bbox 287 999 351 1023; x_wconf 89' lang='lat' dir='ltr'>me</span> <span class='ocrx_word' id='word_1_102' title='bbox 396 998 478 1023; x_wconf 92' lang='lat' dir='ltr'>sors</span> <span class='ocrx_word' id='word_1_103' title='bbox 524 986 855 1034; x_wconf 88' lang='lat' dir='ltr'>consuetudoque</span> <span class='ocrx_word' id='word_1_104' title='bbox 901 984 1106 1031; x_wconf 91' lang='lat' dir='ltr'>maiorum,</span> <span class='ocrx_word' id='word_1_105' title='bbox 1148 985 1309 1035; x_wconf 89' lang='lat' dir='ltr'>quicum</span> <span class='ocrx_word' id='word_1_106' title='bbox 1353 999 1417 1024; x_wconf 88' lang='lat' dir='ltr'>me</span> <span class='ocrx_word' id='word_1_107' title='bbox 1455 987 1619 1024; x_wconf 88' lang='lat' dir='ltr'>deorum</span> 
     </span>
     <span class='ocr_line' id='line_1_15' title="bbox 286 1050 1619 1101; baseline 0 -12"><span class='ocrx_word' id='word_1_108' title='bbox 286 1051 574 1101; x_wconf 89' lang='lat' dir='ltr'>hominumque</span> <span class='ocrx_word' id='word_1_109' title='bbox 614 1050 804 1088; x_wconf 89' lang='lat' dir='ltr'>iudicium</span> <span class='ocrx_word' id='word_1_110' title='bbox 839 1050 1119 1097; x_wconf 85' lang='lat' dir='ltr'>coniunxerat,⁷</span> <span class='ocrx_word' id='word_1_111' title='bbox 1148 1065 1198 1088; x_wconf 90' lang='lat' dir='ltr'>an</span> <span class='ocrx_word' id='word_1_112' title='bbox 1233 1051 1449 1089; x_wconf 81' lang='lat' dir='ltr'>‘Accusavi</span> <span class='ocrx_word' id='word_1_113' title='bbox 1484 1059 1619 1101; x_wconf 81' lang='lat' dir='ltr'>rogatu</span> 
     </span>
     <span class='ocr_line' id='line_1_16' title="bbox 287 1115 1680 1166; baseline -0.002 -11"><span class='ocrx_word' id='word_1_114' title='bbox 287 1117 483 1155; x_wconf 89' lang='lat' dir='ltr'>sociorum</span> <span class='ocrx_word' id='word_1_115' title='bbox 514 1123 633 1165; x_wconf 88' lang='lat' dir='ltr'>atque</span> <span class='ocrx_word' id='word_1_116' title='bbox 662 1115 892 1162; x_wconf 89' lang='lat' dir='ltr'>amicorum,</span> <span class='ocrx_word' id='word_1_117' title='bbox 923 1117 1100 1153; x_wconf 89' lang='lat' dir='ltr'>delectus</span> <span class='ocrx_word' id='word_1_118' title='bbox 1131 1129 1217 1153; x_wconf 91' lang='lat' dir='ltr'>sum</span> <span class='ocrx_word' id='word_1_119' title='bbox 1247 1116 1298 1153; x_wconf 92' lang='lat' dir='ltr'>ab</span> <span class='ocrx_word' id='word_1_120' title='bbox 1328 1115 1507 1154; x_wconf 90' lang='lat' dir='ltr'>universa</span> <span class='ocrx_word' id='word_1_121' title='bbox 1537 1130 1620 1166; x_wconf 88' lang='lat' dir='ltr'>pro-</span> <span class='ocrx_word' id='word_1_122' title='bbox 1644 1131 1680 1162; x_wconf 87' lang='lat'>15</span> 
     </span>
     <span class='ocr_line' id='line_1_17' title="bbox 286 1180 1621 1230; baseline -0.001 -11"><span class='ocrx_word' id='word_1_123' title='bbox 286 1181 416 1220; x_wconf 89' lang='lat' dir='ltr'>vincia</span> <span class='ocrx_word' id='word_1_124' title='bbox 445 1180 512 1230; x_wconf 88' lang='lat' dir='ltr'>qui</span> <span class='ocrx_word' id='word_1_125' title='bbox 544 1180 627 1218; x_wconf 90' lang='lat' dir='ltr'>eius</span> <span class='ocrx_word' id='word_1_126' title='bbox 658 1180 740 1218; x_wconf 88' lang='lat' dir='ltr'>iura</span> <span class='ocrx_word' id='word_1_127' title='bbox 775 1181 1031 1229; x_wconf 89' lang='lat' dir='ltr'>fortunasque</span> <span class='ocrx_word' id='word_1_128' title='bbox 1061 1181 1371 1218; x_wconf 86' lang='lat' dir='ltr'>defenderem&#39;?</span> <span class='ocrx_word' id='word_1_129' title='bbox 1430 1180 1621 1218; x_wconf 86' lang='lat' dir='ltr'>Dubitare</span> 
     </span>
     <span class='ocr_line' id='line_1_18' title="bbox 288 1245 1620 1297; baseline -0.002 -12"><span class='ocrx_word' id='word_1_130' title='bbox 288 1247 497 1297; x_wconf 88' lang='lat' dir='ltr'>quisquam</span> <span class='ocrx_word' id='word_1_131' title='bbox 526 1253 655 1296; x_wconf 87' lang='lat' dir='ltr'>potest</span> <span class='ocrx_word' id='word_1_132' title='bbox 677 1245 772 1296; x_wconf 91' lang='lat' dir='ltr'>quin</span> <span class='ocrx_word' id='word_1_133' title='bbox 801 1245 1005 1283; x_wconf 88' lang='lat' dir='ltr'>honestius</span> <span class='ocrx_word' id='word_1_134' title='bbox 1026 1247 1074 1283; x_wconf 88' lang='lat' dir='ltr'>sit</span> <span class='ocrx_word' id='word_1_135' title='bbox 1096 1259 1231 1283; x_wconf 85' lang='lat' dir='ltr'>eorum</span> <span class='ocrx_word' id='word_1_136' title='bbox 1254 1259 1371 1284; x_wconf 87' lang='lat' dir='ltr'>causa</span> <span class='ocrx_word' id='word_1_137' title='bbox 1392 1247 1499 1295; x_wconf 82' lang='lat' dir='ltr'>apud</span> <span class='ocrx_word' id='word_1_138' title='bbox 1520 1259 1620 1295; x_wconf 89' lang='lat' dir='ltr'>quos</span> 
     </span>
     <span class='ocr_line' id='line_1_19' title="bbox 289 1310 1590 1363; baseline -0.002 -13"><span class='ocrx_word' id='word_1_139' title='bbox 289 1320 473 1363; x_wconf 88' lang='lat' dir='ltr'>quaestor</span> <span class='ocrx_word' id='word_1_140' title='bbox 494 1311 622 1358; x_wconf 89' lang='lat' dir='ltr'>fueris,</span> <span class='ocrx_word' id='word_1_141' title='bbox 647 1324 765 1360; x_wconf 88' lang='lat' dir='ltr'>quam</span> <span class='ocrx_word' id='word_1_142' title='bbox 788 1324 878 1348; x_wconf 88' lang='lat' dir='ltr'>eum</span> <span class='ocrx_word' id='word_1_143' title='bbox 901 1311 1012 1348; x_wconf 90' lang='lat' dir='ltr'>cuius</span> <span class='ocrx_word' id='word_1_144' title='bbox 1034 1318 1218 1360; x_wconf 86' lang='lat' dir='ltr'>quaestor</span> <span class='ocrx_word' id='word_1_145' title='bbox 1240 1310 1356 1349; x_wconf 88' lang='lat' dir='ltr'>fueris</span> <span class='ocrx_word' id='word_1_146' title='bbox 1376 1313 1590 1349; x_wconf 87' lang='lat' dir='ltr'>accusare?</span> 
     </span>
    </p>

    <p class='ocr_par' dir='ltr' id='par_1_4' title="bbox 226 1375 1682 1817">
     <span class='ocr_line' id='line_1_20' title="bbox 226 1375 1620 1425; baseline 0 -12"><span class='ocrx_word' id='word_1_147' title='bbox 226 1380 270 1413; x_wconf 92' lang='lat'>66</span> <span class='ocrx_word' id='word_1_148' title='bbox 345 1376 560 1417; x_wconf 85' lang='lat' dir='ltr'>Clarissimi</span> <span class='ocrx_word' id='word_1_149' title='bbox 592 1375 659 1414; x_wconf 89' lang='lat' dir='ltr'>viri</span> <span class='ocrx_word' id='word_1_150' title='bbox 692 1383 847 1413; x_wconf 85' lang='lat' dir='ltr'>nostrae</span> <span class='ocrx_word' id='word_1_151' title='bbox 878 1375 1044 1413; x_wconf 88' lang='lat' dir='ltr'>civitatis</span> <span class='ocrx_word' id='word_1_152' title='bbox 1074 1375 1319 1425; x_wconf 86' lang='lat' dir='ltr'>temporibus</span> <span class='ocrx_word' id='word_1_153' title='bbox 1350 1375 1509 1425; x_wconf 89' lang='lat' dir='ltr'>optimis</span> <span class='ocrx_word' id='word_1_154' title='bbox 1544 1377 1620 1413; x_wconf 90' lang='lat' dir='ltr'>hoc</span> 
     </span>
     <span class='ocr_line' id='line_1_21' title="bbox 288 1440 1682 1491; baseline -0.002 -11"><span class='ocrx_word' id='word_1_155' title='bbox 288 1442 362 1480; x_wconf 89' lang='lat' dir='ltr'>sibi</span> <span class='ocrx_word' id='word_1_156' title='bbox 392 1441 679 1491; x_wconf 87' lang='lat' dir='ltr'>amplissimum</span> <span class='ocrx_word' id='word_1_157' title='bbox 710 1440 1099 1490; x_wconf 84' lang='lat' dir='ltr'>pulcherrimumque</span> <span class='ocrx_word' id='word_1_158' title='bbox 1133 1441 1344 1486; x_wconf 83' lang='lat' dir='ltr'>ducebant,</span> <span class='ocrx_word' id='word_1_159' title='bbox 1376 1441 1427 1478; x_wconf 90' lang='lat' dir='ltr'>ab</span> <span class='ocrx_word' id='word_1_160' title='bbox 1462 1440 1620 1490; x_wconf 87' lang='lat' dir='ltr'>hospiti-</span> <span class='ocrx_word' id='word_1_161' title='bbox 1642 1455 1682 1476; x_wconf 91' lang='lat'>20</span> 
     </span>
     <span class='ocr_line' id='line_1_22' title="bbox 288 1505 1620 1555; baseline -0.003 -8"><span class='ocrx_word' id='word_1_162' title='bbox 288 1509 362 1547; x_wconf 87' lang='lat' dir='ltr'>bus</span> <span class='ocrx_word' id='word_1_163' title='bbox 392 1507 682 1555; x_wconf 85' lang='lat' dir='ltr'>clientibusque</span> <span class='ocrx_word' id='word_1_164' title='bbox 712 1506 802 1552; x_wconf 81' lang='lat' dir='ltr'>suis,</span> <span class='ocrx_word' id='word_1_165' title='bbox 825 1506 876 1544; x_wconf 89' lang='lat' dir='ltr'>ab</span> <span class='ocrx_word' id='word_1_166' title='bbox 904 1505 1043 1544; x_wconf 85' lang='lat' dir='ltr'>exteris</span> <span class='ocrx_word' id='word_1_167' title='bbox 1070 1505 1309 1552; x_wconf 89' lang='lat' dir='ltr'>nationibus,</span> <span class='ocrx_word' id='word_1_168' title='bbox 1332 1519 1433 1555; x_wconf 90' lang='lat' dir='ltr'>quae</span> <span class='ocrx_word' id='word_1_169' title='bbox 1461 1505 1499 1543; x_wconf 92' lang='lat' dir='ltr'>in</span> <span class='ocrx_word' id='word_1_170' title='bbox 1527 1506 1620 1543; x_wconf 88' lang='lat' dir='ltr'>ami-</span> 
     </span>
     <span class='ocr_line' id='line_1_23' title="bbox 287 1570 1620 1622; baseline -0.001 -11"><span class='ocrx_word' id='word_1_171' title='bbox 287 1573 419 1612; x_wconf 83' lang='lat' dir='ltr'>citiam</span> <span class='ocrx_word' id='word_1_172' title='bbox 460 1572 595 1622; x_wconf 89' lang='lat' dir='ltr'>populi</span> <span class='ocrx_word' id='word_1_173' title='bbox 637 1572 808 1609; x_wconf 89' lang='lat' dir='ltr'>Romani</span> <span class='ocrx_word' id='word_1_174' title='bbox 845 1571 1126 1621; x_wconf 89' lang='lat' dir='ltr'>dicionemque</span> <span class='ocrx_word' id='word_1_175' title='bbox 1160 1579 1301 1617; x_wconf 87' lang='lat' dir='ltr'>essent,</span> <span class='ocrx_word' id='word_1_176' title='bbox 1339 1570 1496 1609; x_wconf 87' lang='lat' dir='ltr'>iniurias</span> <span class='ocrx_word' id='word_1_177' title='bbox 1536 1584 1620 1621; x_wconf 93' lang='lat' dir='ltr'>pro-</span> 
     </span>
     <span class='ocr_line' id='line_1_24' title="bbox 288 1635 1618 1688; baseline -0.002 -12"><span class='ocrx_word' id='word_1_178' title='bbox 288 1640 442 1688; x_wconf 87' lang='lat' dir='ltr'>pulsare</span> <span class='ocrx_word' id='word_1_179' title='bbox 470 1650 686 1686; x_wconf 82' lang='lat' dir='ltr'>eorumque</span> <span class='ocrx_word' id='word_1_180' title='bbox 715 1638 890 1674; x_wconf 84' lang='lat' dir='ltr'>fortunas</span> <span class='ocrx_word' id='word_1_181' title='bbox 919 1637 1142 1674; x_wconf 86' lang='lat' dir='ltr'>defendere.</span> <span class='ocrx_word' id='word_1_182' title='bbox 1205 1638 1260 1673; x_wconf 87' lang='lat' dir='ltr'>M.</span> <span class='ocrx_word' id='word_1_183' title='bbox 1286 1637 1481 1675; x_wconf 88' lang='lat' dir='ltr'>Catonem</span> <span class='ocrx_word' id='word_1_184' title='bbox 1510 1635 1618 1674; x_wconf 87' lang='lat' dir='ltr'>illum</span> 
     </span>
     <span class='ocr_line' id='line_1_25' title="bbox 288 1700 1617 1753; baseline -0.002 -12"><span class='ocrx_word' id='word_1_185' title='bbox 288 1703 527 1753; x_wconf 87' lang='lat' dir='ltr'>Sapientem,</span> <span class='ocrx_word' id='word_1_186' title='bbox 569 1701 827 1739; x_wconf 89' lang='lat' dir='ltr'>clarissimum</span> <span class='ocrx_word' id='word_1_187' title='bbox 867 1700 992 1739; x_wconf 86' lang='lat' dir='ltr'>virum</span> <span class='ocrx_word' id='word_1_188' title='bbox 1038 1709 1076 1739; x_wconf 89' lang='lat' dir='ltr'>et</span> <span class='ocrx_word' id='word_1_189' title='bbox 1125 1701 1487 1751; x_wconf 86' lang='lat' dir='ltr'>prudentissimum,</span> <span class='ocrx_word' id='word_1_190' title='bbox 1527 1714 1617 1738; x_wconf 88' lang='lat' dir='ltr'>cum</span> 
     </span>
     <span class='ocr_line' id='line_1_26' title="bbox 291 1766 1680 1817; baseline -0.003 -11"><span class='ocrx_word' id='word_1_191' title='bbox 291 1768 423 1806; x_wconf 88' lang='lat' dir='ltr'>multis</span> <span class='ocrx_word' id='word_1_192' title='bbox 484 1767 609 1817; x_wconf 84' lang='lat' dir='ltr'>gravis</span> <span class='ocrx_word' id='word_1_193' title='bbox 668 1766 892 1804; x_wconf 89' lang='lat' dir='ltr'>inimicitias</span> <span class='ocrx_word' id='word_1_194' title='bbox 958 1766 1124 1816; x_wconf 78' lang='lat' dir='ltr'>gessisse</span> <span class='ocrx_word' id='word_1_195' title='bbox 1180 1766 1405 1816; x_wconf 87' lang='lat' dir='ltr'>accepimus</span> <span class='ocrx_word' id='word_1_196' title='bbox 1462 1775 1619 1816; x_wconf 82' lang='lat' dir='ltr'>propter</span> <span class='ocrx_word' id='word_1_197' title='bbox 1641 1777 1680 1810; x_wconf 87' lang='lat'>25</span> 
     </span>
    </p>

    <p class='ocr_par' dir='ltr' id='par_1_5' title="bbox 227 1831 1620 2014">
     <span class='ocr_line' id='line_1_27' title="bbox 227 1831 1620 1884; baseline -0.003 -11"><span class='ocrx_word' id='word_1_198' title='bbox 227 1841 270 1884; x_wconf 85' lang='lat'>67</span> <span class='ocrx_word' id='word_1_199' title='bbox 293 1834 579 1883; x_wconf 87' lang='lat' dir='ltr'>Hispanorum,</span> <span class='ocrx_word' id='word_1_200' title='bbox 615 1834 721 1882; x_wconf 85' lang='lat' dir='ltr'>apud</span> <span class='ocrx_word' id='word_1_201' title='bbox 754 1846 853 1882; x_wconf 90' lang='lat' dir='ltr'>quos</span> <span class='ocrx_word' id='word_1_202' title='bbox 894 1834 1032 1870; x_wconf 92' lang='lat' dir='ltr'>consul</span> <span class='ocrx_word' id='word_1_203' title='bbox 1072 1834 1206 1878; x_wconf 89' lang='lat' dir='ltr'>fuerat,</span> <span class='ocrx_word' id='word_1_204' title='bbox 1243 1831 1411 1869; x_wconf 86' lang='lat' dir='ltr'>iniurias.</span> <span class='ocrx_word' id='word_1_205' title='bbox 1482 1833 1620 1881; x_wconf 85' lang='lat' dir='ltr'>Nuper</span> 
     </span>
     <span class='ocr_line' id='line_1_28' title="bbox 291 1897 1620 1947; baseline -0.002 -9"><span class='ocrx_word' id='word_1_206' title='bbox 291 1901 364 1939; x_wconf 84' lang='lat' dir='ltr'>Cn.</span> <span class='ocrx_word' id='word_1_207' title='bbox 410 1898 629 1936; x_wconf 81' lang='lat' dir='ltr'>Domitium</span> <span class='ocrx_word' id='word_1_208' title='bbox 669 1897 816 1936; x_wconf 86' lang='lat' dir='ltr'>scimus</span> <span class='ocrx_word' id='word_1_209' title='bbox 861 1900 917 1936; x_wconf 91' lang='lat' dir='ltr'>M.</span> <span class='ocrx_word' id='word_1_210' title='bbox 959 1898 1093 1937; x_wconf 84' lang='lat' dir='ltr'>Silano</span> <span class='ocrx_word' id='word_1_211' title='bbox 1132 1898 1237 1936; x_wconf 87' lang='lat' dir='ltr'>diem</span> <span class='ocrx_word' id='word_1_212' title='bbox 1276 1897 1419 1936; x_wconf 79' lang='lat' dir='ltr'>dixisse</span> <span class='ocrx_word' id='word_1_213' title='bbox 1462 1906 1620 1947; x_wconf 88' lang='lat' dir='ltr'>propter</span> 
     </span>
     <span class='ocr_line' id='line_1_29' title="bbox 290 1962 1617 2014; baseline -0.002 -12"><span class='ocrx_word' id='word_1_214' title='bbox 290 1965 406 2003; x_wconf 89' lang='lat' dir='ltr'>unius</span> <span class='ocrx_word' id='word_1_215' title='bbox 442 1964 613 2003; x_wconf 88' lang='lat' dir='ltr'>hominis</span> <span class='ocrx_word' id='word_1_216' title='bbox 648 1964 918 2013; x_wconf 78' lang='lat' dir='ltr'>Aegritomari,</span> <span class='ocrx_word' id='word_1_217' title='bbox 953 1963 1103 2014; x_wconf 82' lang='lat' dir='ltr'>paterni</span> <span class='ocrx_word' id='word_1_218' title='bbox 1139 1963 1255 2001; x_wconf 87' lang='lat' dir='ltr'>amici</span> <span class='ocrx_word' id='word_1_219' title='bbox 1287 1971 1405 2012; x_wconf 86' lang='lat' dir='ltr'>atque</span> <span class='ocrx_word' id='word_1_220' title='bbox 1440 1962 1617 2012; x_wconf 88' lang='lat' dir='ltr'>hospitis,</span> 
     </span>
    </p>

    <p class='ocr_par' dir='ltr' id='par_1_6' title="bbox 228 2027 1680 2145">
     <span class='ocr_line' id='line_1_30' title="bbox 228 2027 1617 2079; baseline -0.004 -11"><span class='ocrx_word' id='word_1_221' title='bbox 228 2044 270 2072; x_wconf 89' lang='lat'>21</span> <span class='ocrx_word' id='word_1_222' title='bbox 291 2030 460 2068; x_wconf 86' lang='lat' dir='ltr'>iniurias.</span> <span class='ocrx_word' id='word_1_223' title='bbox 522 2031 663 2079; x_wconf 88' lang='lat' dir='ltr'>Neque</span> <span class='ocrx_word' id='word_1_224' title='bbox 688 2029 793 2066; x_wconf 81' lang='lat' dir='ltr'>enim</span> <span class='ocrx_word' id='word_1_225' title='bbox 823 2029 945 2079; x_wconf 77' lang='lat' dir='ltr'>magis</span> <span class='ocrx_word' id='word_1_226' title='bbox 971 2028 1125 2066; x_wconf 89' lang='lat' dir='ltr'>animos</span> <span class='ocrx_word' id='word_1_227' title='bbox 1154 2027 1359 2065; x_wconf 87' lang='lat' dir='ltr'>hominum</span> <span class='ocrx_word' id='word_1_228' title='bbox 1389 2027 1617 2064; x_wconf 88' lang='lat' dir='ltr'>nocentium</span> 
     </span>
     <span class='ocr_line' id='line_1_31' title="bbox 290 2093 1680 2145; baseline -0.001 -11"><span class='ocrx_word' id='word_1_229' title='bbox 290 2109 349 2134; x_wconf 91' lang='lat' dir='ltr'>res</span> <span class='ocrx_word' id='word_1_230' title='bbox 382 2109 569 2145; x_wconf 84' lang='lat' dir='ltr'>umquam</span> <span class='ocrx_word' id='word_1_231' title='bbox 602 2097 680 2133; x_wconf 87' lang='lat' dir='ltr'>ulla</span> <span class='ocrx_word' id='word_1_232' title='bbox 709 2095 925 2132; x_wconf 84' lang='lat' dir='ltr'>commovit</span> <span class='ocrx_word' id='word_1_233' title='bbox 955 2108 1074 2144; x_wconf 87' lang='lat' dir='ltr'>quam</span> <span class='ocrx_word' id='word_1_234' title='bbox 1106 2095 1201 2132; x_wconf 89' lang='lat' dir='ltr'>haec</span> <span class='ocrx_word' id='word_1_235' title='bbox 1234 2093 1425 2130; x_wconf 86' lang='lat' dir='ltr'>maiorum</span> <span class='ocrx_word' id='word_1_236' title='bbox 1457 2105 1619 2130; x_wconf 88' lang='lat' dir='ltr'>consue·</span> <span class='ocrx_word' id='word_1_237' title='bbox 1639 2102 1680 2132; x_wconf 79' lang='lat'>30</span> 
     </span>
    </p>
   </div>
   <div class='ocr_carea' id='block_1_3' title="bbox 284 2196 1618 2370">
    <p class='ocr_par' dir='ltr' id='par_1_7' title="bbox 284 2196 1618 2370">
     <span class='ocr_line' id='line_1_32' title="bbox 333 2196 1618 2239; baseline -0.004 -10"><span class='ocrx_word' id='word_1_238' title='bbox 333 2210 351 2229; x_wconf 85' lang='lat'><em>2</em></span> <span class='ocrx_word' id='word_1_239' title='bbox 376 2210 412 2229; x_wconf 80' lang='lat' dir='ltr'>ac</span> <span class='ocrx_word' id='word_1_240' title='bbox 432 2200 472 2229; x_wconf 74' lang='grc' dir='ltr'>πῖ)</span> <span class='ocrx_word' id='word_1_241' title='bbox 591 2210 611 2239; x_wconf 83' lang='grc'><strong>3</strong></span> <span class='ocrx_word' id='word_1_242' title='bbox 629 2209 730 2229; x_wconf 90' lang='lat' dir='ltr'>causa</span> <span class='ocrx_word' id='word_1_243' title='bbox 743 2203 813 2228; x_wconf 84' lang='lat' dir='ltr'>erat</span> <span class='ocrx_word' id='word_1_244' title='bbox 829 2198 907 2235; x_wconf 63' lang='lat' dir='ltr'><em>G2Ix&#39;</em></span> <span class='ocrx_word' id='word_1_245' title='bbox 1024 2209 1045 2237; x_wconf 86' lang='lat'>9</span> <span class='ocrx_word' id='word_1_246' title='bbox 1061 2198 1180 2228; x_wconf 91' lang='lat' dir='ltr'>volunt</span> <span class='ocrx_word' id='word_1_247' title='bbox 1195 2197 1221 2226; x_wconf 92' lang='lat' dir='ltr'><em>L</em></span> <span class='ocrx_word' id='word_1_248' title='bbox 1344 2206 1380 2234; x_wconf 92' lang='lat'>14</span> <span class='ocrx_word' id='word_1_249' title='bbox 1394 2196 1618 2225; x_wconf 71' lang='lat' dir='ltr'>coniunxerat</span> 
     </span>
     <span class='ocr_line' id='line_1_33' title="bbox 284 2239 1617 2283; baseline -0.005 -10"><span class='ocrx_word' id='word_1_250' title='bbox 284 2249 345 2283; x_wconf 80' lang='lat' dir='ltr'>pr:</span> <span class='ocrx_word' id='word_1_251' title='bbox 373 2248 445 2273; x_wconf 82' lang='lat' dir='ltr'>—ant</span> <span class='ocrx_word' id='word_1_252' title='bbox 464 2243 527 2272; x_wconf 80' lang='grc' dir='ltr'>ΒΨ</span> <span class='ocrx_word' id='word_1_253' title='bbox 673 2253 709 2272; x_wconf 84' lang='lat'>21</span> <span class='ocrx_word' id='word_1_254' title='bbox 737 2243 884 2272; x_wconf 80' lang='lat' dir='ltr'>amicitia</span> <span class='ocrx_word' id='word_1_255' title='bbox 903 2266 910 2272; x_wconf 85' lang='lat'><strong>.</strong></span> <span class='ocrx_word' id='word_1_256' title='bbox 932 2265 938 2271; x_wconf 92' lang='lat'><em>.</em></span> <span class='ocrx_word' id='word_1_257' title='bbox 960 2266 966 2272; x_wconf 87' lang='lat'>.</span> <span class='ocrx_word' id='word_1_258' title='bbox 985 2242 1185 2279; x_wconf 87' lang='lat' dir='ltr'>dicioneque</span> <span class='ocrx_word' id='word_1_259' title='bbox 1203 2239 1248 2270; x_wconf 87' lang='lat' dir='ltr'>A.</span> <span class='ocrx_word' id='word_1_260' title='bbox 1268 2239 1438 2269; x_wconf 73' lang='lat' dir='ltr'>Eberhard</span> <span class='ocrx_word' id='word_1_261' title='bbox 1576 2249 1617 2268; x_wconf 89' lang='lat'>22</span> 
     </span>
     <span class='ocr_line' id='line_1_34' title="bbox 289 2282 1617 2325; baseline -0.005 -8"><span class='ocrx_word' id='word_1_262' title='bbox 289 2293 404 2318; x_wconf 82' lang='lat' dir='ltr'>essent</span> <span class='ocrx_word' id='word_1_263' title='bbox 428 2287 513 2316; x_wconf 74' lang='lat' dir='ltr'><em>codd.</em></span> <span class='ocrx_word' id='word_1_264' title='bbox 540 2287 579 2321; x_wconf 87' lang='lat' dir='ltr'>(ii</span> <span class='ocrx_word' id='word_1_265' title='bbox 595 2290 609 2324; x_wconf 64' lang='grc' dir='ltr'>ξ</span> <span class='ocrx_word' id='word_1_266' title='bbox 625 2288 666 2325; x_wconf 88' lang='lat'>67</span> <span class='ocrx_word' id='word_1_267' title='bbox 686 2298 692 2316; x_wconf 90' lang='lat'>:</span> <span class='ocrx_word' id='word_1_268' title='bbox 719 2297 739 2316; x_wconf 91' lang='lat' dir='ltr'>v</span> <span class='ocrx_word' id='word_1_269' title='bbox 759 2289 773 2322; x_wconf 60' lang='grc' dir='ltr'>ξ</span> <span class='ocrx_word' id='word_1_270' title='bbox 792 2286 847 2324; x_wconf 56' lang='grc' dir='ltr'>98χ</span> <span class='ocrx_word' id='word_1_271' title='bbox 869 2297 875 2315; x_wconf 80' lang='grc'>;</span> <span class='ocrx_word' id='word_1_272' title='bbox 900 2284 1106 2325; x_wconf 81' lang='lat' dir='ltr'>(receptae)</span> <span class='ocrx_word' id='word_1_273' title='bbox 1131 2289 1246 2314; x_wconf 84' lang='lat' dir='ltr'>essent</span> <span class='ocrx_word' id='word_1_274' title='bbox 1263 2282 1382 2313; x_wconf 72' lang='lat' dir='ltr'>Novak</span> <span class='ocrx_word' id='word_1_275' title='bbox 1400 2294 1405 2312; x_wconf 84' lang='lat' dir='ltr'>z</span> <span class='ocrx_word' id='word_1_276' title='bbox 1441 2283 1617 2312; x_wconf 81' lang='lat' dir='ltr'>venissent</span> 
     </span>
     <span class='ocr_line' id='line_1_35' title="bbox 289 2326 1484 2370; baseline -0.005 -9"><span class='ocrx_word' id='word_1_277' title='bbox 289 2330 354 2361; x_wconf 85' lang='lat' dir='ltr'>cod.</span> <span class='ocrx_word' id='word_1_278' title='bbox 374 2332 415 2370; x_wconf 62' lang='grc' dir='ltr'>(ἶ)</span> <span class='ocrx_word' id='word_1_279' title='bbox 438 2330 549 2360; x_wconf 73' lang='lat' dir='ltr'>Vrsini</span> <span class='ocrx_word' id='word_1_280' title='bbox 657 2340 696 2369; x_wconf 87' lang='lat'>27</span> <span class='ocrx_word' id='word_1_281' title='bbox 724 2329 767 2359; x_wconf 91' lang='lat' dir='ltr'>M.</span> <span class='ocrx_word' id='word_1_282' title='bbox 789 2329 927 2359; x_wconf 77' lang='lat' dir='ltr'>Holom.</span> <span class='ocrx_word' id='word_1_283' title='bbox 948 2340 963 2358; x_wconf 80' lang='lat' dir='ltr'>e</span> <span class='ocrx_word' id='word_1_284' title='bbox 980 2329 1010 2359; x_wconf 85' lang='lat' dir='ltr'>ii.</span> <span class='ocrx_word' id='word_1_285' title='bbox 1034 2331 1048 2365; x_wconf 67' lang='grc' dir='ltr'>ξ</span> <span class='ocrx_word' id='word_1_286' title='bbox 1073 2328 1153 2357; x_wconf 87' lang='lat'>118:</span> <span class='ocrx_word' id='word_1_287' title='bbox 1177 2327 1307 2357; x_wconf 87' lang='lat' dir='ltr'>decimo</span> <span class='ocrx_word' id='word_1_288' title='bbox 1326 2326 1360 2355; x_wconf 89' lang='lat' dir='ltr'><em>D</em></span> <span class='ocrx_word' id='word_1_289' title='bbox 1376 2327 1418 2356; x_wconf 84' lang='lat' dir='ltr'>al.</span> <span class='ocrx_word' id='word_1_290' title='bbox 1435 2332 1484 2366; x_wconf 72' lang='lat' dir='ltr'>pr.</span> 
     </span>
    </p>
   </div>
  </div>
 </body>
</html>
