1715 2734
135 456 152 487 5

118 780 154 801 10

120 1104 154 1134 ¹5

116 1430 156 1451 20

114 2079 154 2109 30

173 74 439 114 ACTIONIS
469 73 529 111 IN
561 73 606 112 C.
628 72 867 109 VERREM
899 70 1196 109 SECVNDAE
1227 69 1330 105 LIB.
1353 69 1390 104 V
1443 76 1492 115 57

171 185 323 235 potuit:
368 185 641 233 ἐδικαιώθησαν,
674 183 808 232 inquit,
842 183 917 220 hoc
949 189 1016 227 est,
1047 188 1088 218 ut
1119 179 1238 219 Siculi
1268 182 1492 229 loquuntur,

171 249 364 299 supplicio
393 248 537 287 adfecti
566 262 612 286 ac
642 247 769 285 necati
799 254 897 284 sunt.

226 315 264 352 Si
286 314 353 363 qui
373 328 447 361 rex,
471 313 501 351 si
523 326 599 362 qua
621 312 754 350 civitas
776 319 989 349 exterarum
1015 310 1203 360 gentium,
1226 308 1257 347 si
1284 322 1362 358 qua
1386 308 1493 347 natio

173 378 326 417 fecisset
346 378 494 428 aliquid
521 378 561 415 in
591 377 684 415 civis
715 379 916 415 Romanos
938 375 1020 413 eius
1043 375 1161 421 modi,
1184 387 1317 413 nonne
1338 373 1495 423 publice

173 443 471 489 vindicaremus,
493 455 625 480 nonne
653 442 756 479 bello
783 442 1132 491 persequeremur?
1162 452 1366 489 possemus
1394 439 1495 476 hanc

174 507 352 545 iniuriam
380 507 715 557 ignominiamque
742 505 911 544 nominis
941 504 1113 543 Romani
1141 504 1303 542 inultam
1330 503 1496 553 impuni-

174 579 333 621 tamque
362 572 588 610 dimittere?
645 572 752 619 Quot
781 571 881 608 bella
906 570 1070 608 maiores
1100 577 1253 608 nostros
1283 577 1320 606 et
1350 576 1498 618 quanta

173 636 390 687 suscepisse
419 635 669 682 arbitramini,
694 637 801 685 quod
832 635 934 673 cives
966 634 1137 673 Romani
1172 633 1311 672 iniuria
1339 633 1497 681 adfecti,

173 703 282 751 quod
316 700 539 739 navicularii
579 701 728 747 retenti,
769 701 1150 752 quoddmercatores
1203 698 1356 748 spoliati
1395 698 1497 736 dice-

173 767 336 804 rentur?
391 768 444 803 At
475 779 546 815 ego
574 765 650 802 iam
684 772 854 802 retentos
872 753 964 804 ‚non
990 777 1140 813 queror,
1164 763 1349 813 spoliatos
1377 764 1498 812 feren-

173 832 268 869 dum
289 838 411 881 puto,·
439 830 615 877 navibus,
638 829 851 879 mancipiis,
875 829 1068 867 mercibus
1095 828 1289 878 ademptis
1310 828 1349 865 in
1370 828 1498 865 vincla

174 904 407 934 mercatores
447 908 531 933 esse
574 894 773 933 coniectos
813 901 851 932 et
893 893 932 931 in
975 893 1111 931 vinclis
1159 893 1253 931 civis
1293 894 1497 931 Romanos

173 969 333 999 necatos
367 975 451 999 esse
482 973 612 1010 arguo.
672 959 711 997 Si
746 961 842 997 haec
873 960 979 1009 apud
1011 960 1173 1008 Scythas
1203 958 1386 1005 dicerem,
1417 971 1497 995 non

173 1026 237 1064 hic
271 1026 310 1064 in
350 1034 457 1064 tanta
490 1025 739 1063 multitudine
772 1024 915 1062 civium
957 1025 1240 1069 Romanorum,
1276 1036 1357 1061 non
1390 1023 1497 1072 apud

173 1099 382 1137 senatores,
411 1090 642 1128 lectissimos
671 1089 846 1136 civitatis,
869 1102 949 1126 non
979 1088 1018 1126 in
1046 1090 1130 1126 foro
1159 1087 1294 1138 populi
1325 1086 1497 1125 Romani

173 1157 223 1193 de
244 1163 300 1193 tot
321 1163 358 1193 et
379 1164 458 1193 tam
480 1155 629 1193 acerbis
652 1153 850 1204 suppliciis
882 1153 1024 1191 civium
1058 1155 1342 1198 Romanorum,
1365 1159 1497 1190 tamen

172 1220 325 1258 animos
357 1220 473 1258 etiam
516 1220 767 1257 barbarorum
805 1218 1011 1256 hominum
1046 1230 1343 1267 permoverem,
1389 1223 1497 1254 tanta

173 1284 277 1322 enim
299 1285 413 1322 huius
435 1284 570 1334 imperi
596 1284 827 1334 amplitudo,
851 1291 959 1321 tanta
985 1282 1156 1320 nominis
1179 1281 1350 1319 Romani
1375 1281 1498 1330 digni·-

174 1358 230 1387 tas
265 1357 323 1387 est
356 1351 461 1399 apud
496 1349 623 1387 omnis
658 1349 836 1387 nationes
869 1356 910 1386 ut
942 1348 1014 1385 ista
1052 1347 1092 1384 in
1124 1354 1277 1385 nostros
1315 1345 1496 1383 homines

175 1414 382 1452 crudelitas
416 1414 561 1452 nemini
594 1427 780 1452 concessa
814 1426 898 1452 esse
930 1412 1116 1451 videatur.
1176 1413 1294 1449 Nunc
1324 1410 1395 1448 tibi
1423 1424 1496 1460 ego

174 1481 292 1516 ullam
320 1480 496 1526 salutem,
518 1479 640 1516 ullum
661 1477 878 1528 perfugium
902 1485 1048 1527 putem,
1070 1490 1160 1515 cum
1188 1484 1225 1514 te
1252 1474 1495 1525 implicatum

173 1543 376 1582 severitate
396 1543 581 1589 iudicum,
604 1542 909 1580 circumretitum
930 1541 1147 1591 frequentia
1167 1540 1301 1590 populi
1324 1540 1496 1578 Romani

173 1622 258 1647 esse
291 1609 475 1647 videam?
530 1608 569 1646 Si
600 1609 835 1655 mehercule,
866 1607 906 1646 id
938 1609 1045 1657 quod
1076 1606 1157 1645 fieri
1188 1619 1268 1644 non
1298 1619 1413 1656 posse
1443 1605 1496 1643 in-

173 1676 324 1723 tellego,
348 1688 394 1712 ex
415 1673 474 1711 his
496 1680 532 1711 te
553 1673 701 1722 laqueis
728 1672 877 1711 exueris
904 1686 949 1711 ac
979 1680 1017 1711 te
1037 1672 1167 1722 aliqua
1186 1670 1249 1709 via
1277 1684 1322 1709 ac
1346 1670 1496 1709 ratione

174 1738 388 1788 explicaris,
422 1739 461 1776 in
495 1738 578 1776 illas
611 1738 680 1776 tibi
710 1738 876 1776 maiores
908 1740 1039 1788 plagas
1074 1737 1329 1775 incidendum
1360 1743 1418 1774 est
1456 1736 1496 1773 in

174 1803 316 1852 quibus
337 1810 374 1841 te
394 1803 444 1841 ab
465 1804 606 1841 eodem
628 1816 690 1841 me
711 1802 909 1853 superiore
930 1816 976 1841 ex
996 1804 1085 1840 loco
1105 1800 1247 1840 confici
1274 1808 1312 1839 et
1339 1799 1496 1839 concidi

174 1880 332 1905 necesse
353 1874 420 1905 est.

227 1932 301 1971 Cui
337 1931 366 1969 si
399 1931 514 1970 etiam
546 1931 585 1969 id
615 1932 723 1980 quod
753 1931 929 1970 defendit
956 1931 1071 1970 velim
1102 1931 1331 1977 concedere,
1362 1937 1495 1968 tamen

173 1997 255 2046 ipsa
275 1997 338 2034 illa
358 1998 453 2034 falsa
482 1996 659 2034 defensio
686 2010 765 2034 non
796 1997 924 2035 minus
951 2011 1036 2035 esse
1065 1997 1099 2035 ei
1129 1996 1347 2046 perniciosa
1376 2009 1494 2045 quam

175 2075 260 2099 mea
292 2075 381 2099 vera
418 2061 615 2099 accusatio
653 2061 805 2099 debeat.
867 2061 975 2110 Quid
1015 2061 1119 2100 enim
1160 2060 1369 2099 defendit?
1437 2062 1495 2098 Ex

174 2125 369 2175 Hispania
416 2125 597 2175 fugientis
645 2138 685 2163 se
732 2125 930 2175 excepisse
978 2134 1016 2165 et
1063 2126 1255 2176 supplicio
1303 2125 1495 2163 adfecisse

172 2190 276 2228 dicit.
337 2190 435 2238 Quis
468 2190 537 2228 tibi
565 2190 604 2228 id
634 2190 837 2240 permisit?
866 2204 945 2241 quo
975 2191 1057 2230 iure
1086 2191 1243 2230 fecisti?
1272 2190 1359 2240 quis
1388 2190 1493 2228 idem

218 2301 231 2322 1
260 2291 482 2333 ἔδικαιώθησαν
498 2292 639 2332 RSDp:
663 2304 726 2324 om.
747 2293 836 2326 codd.
850 2294 994 2334 plerique
1124 2305 1142 2334 5
1169 2305 1280 2325 nonne
1298 2292 1402 2333 qu:
1426 2303 1493 2323 non

167 2336 211 2377 pb*
228 2337 287 2375 (iv,
307 2341 322 2374 ξ
344 2338 398 2375 19)
510 2347 526 2376 7
553 2337 642 2375 Quot
659 2337 746 2368 bella
763 2338 970 2369 arbitramini
987 2338 1081 2370 ΞΒΨ
1184 2349 1225 2377 23
1250 2337 1460 2369 mehercules
1478 2338 1493 2365 δ

1515 74 1573 113 148

1513 287 1562 333 58

1518 356 1577 387 149

1521 971 1580 1001 150

1519 1623 1576 1653 151
