1715 2734
179 75 230 113 24
251 79 293 111 53
613 64 670 101 M.
703 63 872 100 TVLLI
903 62 1211 102 CICERONIS

188 318 228 349 54

182 1327 233 1364 25

250 174 413 213 cellinus
451 173 646 221 dissuasit,
688 173 788 212 sicut
828 174 957 223 ipsum
998 173 1129 212 dicere
1170 173 1346 212 audistis.
1425 173 1578 213 Recita.

250 241 533 277 ARCHAGATffl
565 251 616 276 ET
647 240 834 275 LENTVLx
855 250 1157 276 TES'HMONIVM.

305 306 356 342 Et
376 318 426 342 ne
447 305 545 342 forte
566 303 771 342 hominem
791 302 1023 341 existimetis
1041 304 1145 341 hanc
1166 310 1317 341 tantam
1337 302 1416 341 vim
1437 303 1584 341 emble-

250 377 401 407 matum
430 369 514 407 sine
544 382 663 407 causa
692 381 924 406 coacervare
954 367 1133 414 voluisse,
1166 368 1298 407 videte
1331 368 1470 418 quanti
1499 382 1580 415 vos,

249 435 386 485 quanti
435 433 765 473 existimationem
814 433 950 483 populi
1001 433 1184 480 Romani,
1226 433 1362 483 quanti
1402 436 1507 484 leges
1545 442 1622 476 et5

250 502 405 549 iudicia,
428 501 564 551 quanti
595 501 704 539 testis
726 500 879 539 Siculos
902 499 1200 553 [negotiatores]
1222 501 1366 538 fecerit.
1428 503 1584 539 Postea-

249 580 370 617 quam
400 575 549 604 tantam
580 565 876 603 multitudinem
908 567 1118 615 collegerat
1147 566 1431 603 emblematum
1463 573 1504 603 ut
1534 579 1585 604 ne

250 646 374 670 unum
404 631 565 681 quidem
596 630 781 680 cuiquam
809 630 1039 680 reliquisset,
1063 630 1230 668 instituit
1257 631 1455 668 officinam
1477 632 1585 680 Syra-

249 698 352 735 cusis
374 697 412 734 in
433 697 537 746 regia
558 695 779 734 maximam.
840 697 975 733 Palam
1002 695 1169 734 artifices
1199 695 1339 743 omnis,
1371 697 1584 734 caelatores

249 776 295 800 ac
333 761 581 808 vascularios,
623 759 834 799 convocari
879 759 999 807 iubet,
1041 768 1078 798 et
1117 760 1201 810 ipse
1240 774 1332 798 suos
1371 760 1584 810 compluris

250 828 432 866 habebat.
494 829 574 865 Eos
595 826 811 874 concludit,
831 839 1015 876 magnam
1040 826 1248 864 hominum
1276 826 1582 865 multitudinem.

252 892 404 931 Mensis
425 900 517 931 octo
538 892 748 931 continuos
769 891 829 930 his
850 905 951 941 opus
972 904 1053 930 non
1073 891 1209 938 defuit,
1233 905 1324 930 cum
1345 905 1411 930 vas
1432 893 1585 930 nullum

252 958 359 996 fleret
389 957 464 996 nisi
492 971 666 996 aureum.
726 959 832 995 Tum
862 956 938 1003 illa,
961 970 1007 995 ex
1038 956 1190 1007 patellis
1220 964 1259 995 et
1283 956 1463 995 turibulis
1485 970 1586 1007 quae

251 1024 444 1070 evellerat,
477 1022 530 1060 ita
562 1022 657 1060 scite
692 1021 731 1060 in
766 1021 893 1059 aureis
924 1021 1077 1071 poculis
1108 1021 1305 1071 inligabat,
1342 1021 1396 1060 ita
1425 1030 1517 1072 apte
1546 1022 1586 1060 in

251 1086 421 1136 scaphiis
455 1085 581 1124 aureis
613 1085 853 1132 includebat,
888 1093 930 1123 ut
962 1099 1008 1123 ea
1038 1087 1089 1124 ad
1124 1085 1229 1123 illam
1264 1099 1346 1123 rem
1378 1094 1470 1124 nata
1501 1100 1586 1126 esse

251 1151 426 1198 diceres;
459 1151 542 1201 ipse
576 1158 709 1190 tamen
739 1158 917 1201 praet0r‚·
938 1150 1005 1200 qui
1036 1164 1105 1188 sua
1140 1150 1339 1201 vigilantia
1373 1165 1512 1201 pacem
1547 1152 1586 1190 in

253 1216 383 1255 Sicilia
403 1217 498 1255 dicit
519 1216 648 1264 fuisse,
672 1217 712 1254 in
732 1218 807 1254 hac
831 1215 987 1255 officina
1008 1216 1197 1255 maiorem
1225 1225 1375 1267 partem
1396 1217 1475 1255 diei
1496 1231 1587 1256 cum

252 1281 385 1320 tunica
406 1284 512 1332 pulla
533 1284 670 1321 sedere
690 1282 843 1320 solebat
864 1290 902 1320 et
923 1282 1053 1332 pallio,

308 1348 422 1385 Haec
452 1361 537 1396 ego,
570 1347 731 1394 iudices,
755 1361 836 1385 non
866 1348 1052 1385 auderem
1083 1348 1266 1396 proferre,
1290 1347 1329 1385 ni
1359 1361 1509 1386 vererer
1538 1362 1588 1386 ne

1607 773 1645 795 10

1607 1100 1644 1131 15

194 1400 231 1420 ’Ὢ
253 1413 352 1451 forte
371 1414 481 1462 plura
502 1414 552 1450 de
573 1412 648 1450 isto
668 1413 719 1451 ab
743 1412 828 1450 aliis
850 1412 889 1450 in
911 1426 1092 1450 sermone
1113 1426 1232 1462 quam
1253 1427 1276 1451 a
1297 1427 1360 1451 me
1380 1413 1420 1451 in
1441 1413 1588 1452 iudicio
1606 1426 1646 1447 20

252 1491 321 1516 vos
351 1478 507 1516 audisse
537 1477 732 1516 diceretis.
791 1477 891 1526 Quis
921 1477 1025 1516 enim
1058 1485 1116 1516 est
1146 1478 1213 1528 qui
1243 1479 1294 1517 de
1321 1480 1394 1517 hac
1419 1479 1586 1526 officina,

252 1543 320 1593 qui
341 1544 391 1582 de
411 1543 511 1581 vasis
531 1542 673 1591 aureis,
694 1542 762 1592 qui
783 1544 833 1581 de
855 1542 965 1581 istius
987 1543 1106 1593 pallio
1127 1556 1207 1581 non
1228 1543 1426 1582 audierit?
1456 1545 1587 1593 Quem

253 1610 360 1647 voles
381 1623 403 1646 e
423 1617 621 1647 conventu
643 1610 889 1658 Syracusano
910 1608 1035 1646 virum
1063 1609 1212 1646 bonum
1243 1608 1449 1647 nominato
1464 1623 1475 1656 ,-
1504 1622 1589 1659 pro-

253 1675 425 1721 ducam,
455 1687 574 1712 nemo
605 1673 675 1711 erit
710 1673 805 1722 quin
842 1674 918 1711 hoc
953 1687 994 1712 se
1022 1673 1180 1712 audisse
1209 1681 1275 1712 aut
1296 1673 1440 1712 vidisse
1470 1674 1585 1712 dicat.

192 1743 232 1784 56
254 1739 290 1777 O
311 1746 500 1788 tempora,
523 1752 547 1776 o
569 1741 721 1776 mores!
771 1738 881 1776 Nihil
903 1738 1069 1776 nimium
1091 1746 1202 1776 vetus
1223 1739 1427 1788 proferam.
1488 1740 1587 1777 Sunt

252 1812 422 1842 vestrum
455 1804 627 1854 aliquam
664 1803 775 1842 multi
812 1804 878 1853 qui
916 1806 959 1842 L.
998 1803 1182 1842 Pisonem
1218 1803 1435 1853 cognorint,
1470 1804 1586 1842 huius

254 1872 296 1908 L.
322 1869 485 1916 Pisonis,
509 1869 576 1919 qui
607 1877 762 1919 praetor
792 1869 873 1916 suit,
899 1877 1059 1919 patrem.
1123 1869 1167 1907 Ei
1194 1882 1284 1907 cum
1315 1877 1416 1908 esset
1446 1869 1486 1906 in
1517 1869 1585 1907 Hi-

300 1983 311 2002 1
339 1973 489 2005 audistis.
524 1972 636 2012 Atque
653 1974 713 2004 hac
730 1978 800 2004 tota
819 1973 860 2003 dc
879 1984 914 2003 re
932 1973 1074 2003 audistis
1090 1973 1295 2011 Archagathi
1309 1975 1352 2012 ρδ
1440 1974 1460 2002 6
1485 1983 1584 2011 nego-

252 2017 391 2047 tiatores
429 2016 572 2047 RSHrr:
622 2017 918 2056 negotiatoresque
952 2019 986 2048 ὃς
1026 2017 1084 2047 del.
1118 2015 1231 2053 Halm,
1264 2017 1397 2055 Jacoby.
1433 2015 1589 2047 Zielinski

256 2070 292 2099 15
317 2061 463 2098 scaphiis
483 2060 676 2090 Gulielmius
692 2074 696 2091 :
722 2061 860 2099 scaphis
878 2060 1019 2091 RSHrr:
1039 2061 1178 2099 scyphis
1196 2062 1212 2089 δ
1317 2060 1509 2090 includebat
1527 2062 1583 2091 πδ;

251 2104 471 2134 concludebat
496 2103 601 2134 RSH
783 2106 819 2134 16
843 2109 956 2134 tamen
986 2103 1094 2134 cedat:
1127 2110 1239 2133 autem
1272 2103 1419 2143 llladm'g,
1450 2104 1583 2134 interim

1464 2155 1479 2170 u

251 2181 366 2212 Eberh.
503 2192 543 2211 22
570 2181 670 2220 pallio
699 2181 743 2215 rh,
772 2180 834 2221 Lg.
863 2191 925 2219 42:
951 2180 1053 2219 pallio
1080 2180 1170 2220 pullo
1201 2179 1280 2210 RS:
1308 2179 1410 2219 pallio
1438 2179 1539 2218 pollio
1559 2184 1583 2219 p

254 2226 449 2264 (purpureo,
464 2236 494 2260 v,
511 2229 525 2262 ξ)
545 2234 616 2263 137)
707 2224 871 2254 audiverit
890 2223 1048 2254 Zielinski
1134 2226 1174 2253 26
1198 2225 1297 2262 9nort
1318 2228 1329 2262 q
1387 2224 1581 2261 cognorint)

251 2268 333 2298 SD:
360 2268 446 2298 unde
462 2274 608 2306 gnorunt
626 2267 690 2298 sive
708 2273 830 2298 norunt
847 2271 875 2297 Ψ
892 2281 897 2299 ;
923 2268 1033 2306 gonrit
1052 2266 1102 2298 R:
1129 2268 1349 2304 cognoverint
1366 2278 1387 2296 π
1542 2275 1581 2304 27

253 2311 291 2341 Ei
313 2312 471 2342 Graevius
487 2326 491 2342 ;
517 2318 550 2341 ct
568 2311 650 2342 RS:
682 2313 708 2342 is
720 2314 763 2350 pb*

1607 1751 1644 1781 25
