1715 2734
180 117 230 156 35
252 116 292 155 78
619 109 674 146 M.
705 109 876 150 TVLLI
907 108 1216 147 CICERONIS

190 230 228 264 79
251 219 294 257 C.
318 220 481 257 Verrem
503 217 716 257 sustulisse.
778 218 899 264 Quod
921 230 1012 255 curn
1034 217 1096 255 isti
1118 216 1404 255 renuntiaretur
1424 217 1474 256 de
1495 216 1578 255 basi

248 297 294 321 ac
314 283 460 331 litteris,
485 283 720 322 existimavit
748 283 928 322 homines
959 282 998 320 in
1029 282 1270 321 oblivionem
1301 284 1420 321 totius
1447 282 1579 332 negoti

248 362 334 387 esse
355 357 540 388 venturos
574 349 604 387 si
627 348 743 387 etiam
767 348 892 386 basim
923 355 1125 397 tamquam
1147 347 1319 385 indicem
1342 347 1401 385 sui
1424 346 1579 385 sceleris

247 413 478 452 sustulisset.
540 415 681 463 Itaque
716 414 933 451 tollendam
974 411 1084 450 istius
1123 411 1288 461 imperio
1327 413 1580 459 locaverunt3

247 492 349 529 quae
369 479 481 517 vobis
502 478 647 516 locatio
678 492 725 516 ex
755 477 924 528 publicis
955 477 1090 516 litteris
1121 479 1424 528 Segestanorum
1452 476 1578 527 priore
1597 490 1613 521 5

246 544 402 582 actione
423 543 582 582 recitata
601 550 670 581 est.

171 611 227 658 36
300 611 359 647 Te
398 621 514 655 nunc,
550 610 590 646 P.
634 607 776 658 Scipio,
819 615 869 655 te,
909 607 1082 658 inquam,
1123 607 1379 646 lectissimum
1420 606 1579 645 ornatis-

247 673 471 722 simumque
518 674 827 720 adulescentem,
862 674 1030 722 appello,
1073 673 1143 710 abs
1182 681 1219 711 te
1259 673 1431 710 officium
1467 680 1577 710 tuum

245 738 423 776 debitum
455 738 586 787 generi
617 746 655 776 et
685 738 835 776 nomini
858 738 1013 787 requiro
1035 746 1072 776 et
1095 738 1236 788 flagito.
1297 739 1377 776 Cur
1398 751 1468 786 pro
1490 737 1574 784 isto,

246 803 312 853 qui
343 805 501 841 laudem
532 805 805 853 honoremque
836 803 1005 841 familiae
1034 811 1184 841 vestrae
1218 804 1474 853 depeculatus
1506 810 1574 849 est,
1601 818 1637 840 10

246 881 407 917 pugnas
443 881 511 905 cur
542 881 632 906 eum
666 868 874 906 defensum
906 881 992 906 esse
1023 869 1091 915 vis,
1125 881 1193 906 cur
1227 880 1300 917 ego
1334 875 1419 904 tuas
1458 866 1577 916 partis

247 932 429 982 suscipi0‚
480 945 549 970 cur
596 940 708 970 tuum
765 946 908 970 munus
963 932 1149 979 sustineo,
1200 945 1268 970 cur
1317 934 1375 969 M.
1423 931 1577 969 Tullius

248 1000 288 1035 P.
322 998 493 1036 Africani
536 1005 794 1036 monumenta
833 997 1004 1047 requirit,
1046 1000 1087 1035 P.
1123 997 1255 1047 Scipio
1286 1011 1376 1035 eum
1412 996 1479 1047 qui
1513 995 1578 1034 illa
1714 980 1715 1027 i

246 1064 401 1101 sustulit
431 1063 643 1101 defendit?
701 1064 803 1102 Cum
835 1076 922 1101 mos
951 1077 974 1101 a
1004 1062 1217 1101 maioribus
1250 1062 1413 1101 traditus
1444 1061 1502 1108 sit,
1534 1068 1576 1099 ut
1713 1083 1715 1109 4

246 1135 506 1167 monumenta
526 1128 718 1166 maiorum
742 1128 794 1166 ita
814 1141 974 1166 suorum
997 1128 1164 1178 quisque
1189 1129 1375 1166 defendat
1398 1135 1439 1165 ut
1461 1140 1507 1165 ea
1527 1140 1577 1165 ne
1598 1142 1635 1175 15
1713 1117 1715 1150 i

245 1193 372 1232 ornari
394 1193 556 1243 quidem
578 1192 740 1231 nomine
760 1192 925 1231 aliorum
956 1192 1068 1239 sinat,
1092 1200 1133 1231 tu
1164 1192 1225 1231 isti
1245 1192 1384 1238 aderis,
1409 1191 1475 1242 qui
1496 1205 1576 1230 non
1712 1155 1715 1219 i

243 1259 436 1301 obstruxit
465 1258 597 1309 aliqua
626 1273 672 1297 ex
714 1266 823 1309 parte
853 1267 1114 1297 monumento
1146 1260 1185 1297 P.
1212 1258 1406 1308 Scipionis
1437 1259 1506 1296 sed
1536 1257 1576 1296 id

183 1337 224 1365 80
244 1324 420 1362 funditus
460 1323 605 1362 delevit
644 1338 689 1362 ac
729 1323 917 1362 sustulit?
974 1324 1167 1370 Quisnam
1209 1323 1333 1374 igitur,
1375 1336 1442 1373 per
1480 1324 1576 1361 deos

244 1389 484 1436 immortalis,
518 1389 691 1427 tuebitur
729 1391 768 1427 P.
802 1389 997 1439 Scipionis
1035 1389 1265 1427 memoriam
1302 1387 1456 1435 mortui,
1489 1389 1576 1438 quis

244 1462 503 1493 monumenta
535 1462 654 1504 atque
690 1454 836 1492 indicia
868 1454 1030 1501 virtutis,
1067 1454 1097 1492 si
1127 1462 1167 1492 tu
1201 1468 1247 1492 ea
1279 1454 1476 1504 relinques
1509 1461 1575 1491 aut
1597 1471 1635 1492 20

242 1522 410 1567 deseres,
443 1533 516 1558 nec
547 1521 674 1557 solum
707 1519 872 1569 spoliata
903 1519 965 1557 illa
997 1519 1153 1569 patieris
1189 1520 1259 1557 sed
1291 1519 1408 1557 etiam
1439 1532 1575 1557 eorum

243 1584 493 1634 spoliatorem
534 1592 838 1633 vexatoremque
885 1585 1106 1622 defendes?
1163 1585 1321 1622 Adsunt
1361 1583 1573 1634 Segestani,

242 1650 404 1688 clientes
435 1649 504 1697 tui,
534 1649 629 1687 socii
662 1649 796 1699 populi
830 1650 999 1686 Romani
1035 1658 1154 1699 atque
1186 1649 1330 1693 amici;
1369 1648 1573 1687 certiorem

242 1723 279 1753 te
327 1714 475 1753 faciunt
516 1716 556 1751 P.
594 1713 824 1751 Africanum
865 1713 1102 1763 Cartbagine
1152 1714 1282 1752 deleta
1321 1712 1572 1751 simulacrum

244 1779 396 1818 Dianae
428 1779 641 1817 maioribus
672 1779 751 1817 suis
782 1778 1007 1826 restituisse,
1043 1779 1163 1828 idque
1195 1780 1302 1829 apud
1337 1780 1573 1828 Segestanos
1595 1793 1630 1824 25

241 1845 324 1883 eius
346 1844 591 1895 imperatoris
614 1844 775 1882 nomine
801 1844 973 1894 positum
1004 1857 1050 1882 ac
1075 1843 1303 1882 dedicatum
1326 1843 1469 1890 fuisse,
1499 1845 1574 1881 hoc

242 1912 404 1948 Verrem
435 1910 735 1948 demoliendum
768 1918 805 1947 et
832 1910 1116 1959 asportandum
1154 1923 1380 1959 nomenque
1411 1908 1574 1947 omnino
1704 1938 1709 1964 Ι

244 1978 282 2013 P.
327 1975 522 2025 Scipionis
563 1976 778 2013 delendum
820 1976 1122 2024 tollendumque
1162 1988 1343 2022 curasseg
1387 1982 1498 2012 orant
1538 1982 1575 2011 te

240 2048 359 2090 atque
401 2041 610 2078 obsecrant
654 2048 695 2078 ut
740 2039 813 2077 sibi
846 2040 1098 2089 religionem,
1140 2040 1272 2090 generi
1317 2047 1384 2078 tuo
1417 2040 1573 2078 laudem

287 2155 299 2174 1
327 2145 369 2175 de
387 2143 512 2174 basiae
534 2143 654 2174 litteris
677 2143 744 2173 secl.
765 2142 902 2183 Richter,
924 2142 980 2174 del.
999 2142 1089 2173 Nohl
1228 2153 1248 2182 3
1272 2143 1365 2174 basin
1380 2148 1425 2183 pq
1539 2152 1575 2182 15

241 2199 280 2217 ea
298 2199 361 2218 om.
381 2187 410 2218 S
555 2190 592 2217 16
615 2187 725 2216 alieno
742 2188 757 2215 δ
909 2197 950 2217 20
974 2187 1142 2226 relinques
1158 2191 1212 2216 aut
1232 2198 1284 2227 tac
1301 2192 1352 2226 pr.
1366 2188 1416 2217 S‘a
1437 2187 1576 2217 deseres

242 2231 327 2261 RS:
360 2231 521 2270 relinquis
545 2241 582 2261 ac
612 2231 743 2260 deseris
767 2236 790 2270 j»
815 2231 856 2260 al.
1029 2241 1065 2260 21
1095 2231 1233 2269 patieris
1259 2230 1340 2261 RS:
1378 2231 1508 2270 patiere
1530 2235 1574 2269 p:

243 2276 368 2313 pateris
386 2273 513 2305 Ilalm..
534 2273 603 2303 edd.
712 2273 811 2303 etiam
831 2284 946 2304 corum
965 2273 1030 2305 55:
1063 2284 1175 2303 corum
1194 2274 1293 2304 ctiam
1315 2274 1364 2304 R:
1390 2274 1489 2304 etiam
1509 2283 1572 2303 om.

238 2323 282 2357 pq
320 2322 333 2354 ξι
353 2329 396 2356 90
414 2319 501 2356 inst-a
520 2329 526 2353 ;
552 2318 596 2347 (Ἰ.
617 2317 692 2347 Rev.
713 2318 730 2347 l.
747 2328 770 2348 c.
991 2328 1032 2346 22
1053 2318 1217 2347 defendes
1235 2319 1271 2347 δε
1303 2318 1458 2347 defendis
1472 2316 1575 2355 RSpq

244 2371 284 2399 25
306 2363 393 2400 apud
414 2362 620 2399 Segestanos
637 2361 726 2392 codd.
744 2372 749 2390 t
771 2361 859 2400 apud
879 2361 971 2400 ipsos
989 2361 1102 2391 Elte’rlz.
1121 2374 1125 2391 :
1149 2362 1237 2400 apud
1256 2372 1292 2390 se
1311 2361 1474 2396 Schwabe,
1489 2359 1578 2388 Nohl
