1715 2734
142 75 192 114 35
210 75 248 106 81
577 71 635 109 M.
666 70 835 108 TVLLI
866 69 1174 109 CICERONIS

145 582 185 612 82

128 1196 183 1242 36

143 1260 183 1295 83

207 179 325 219 etiam
365 188 524 231 propter
563 181 754 219 maiorum
797 180 1141 219 incommodorum
1182 188 1220 219 et
1268 181 1535 220 calamitatum

207 253 354 284 metum
387 246 545 297 publica
574 245 806 284 auctoritate
833 245 1106 284 defendimus:
1138 259 1258 284 unum
1290 248 1366 285 hoc
1386 246 1536 297 aliquot

206 318 365 350 senatus
386 311 575 349 consultis
600 311 892 360 reprehensum,
922 311 1206 361 decretumque
1231 319 1289 349 est
1317 319 1368 357 ut,
1393 311 1536 362 quibus

206 375 270 414 ille
291 377 341 414 de
361 376 489 426 capite
510 375 755 425 dempsisset,
781 375 803 413 ii
833 375 1020 425 pecunias
1049 376 1087 414 in
1115 376 1305 414 aerarium
1338 377 1534 414 referrent.

207 440 349 479 Statuit
381 448 538 479 senatus
574 442 650 478 hoc
685 454 734 478 ne
765 439 819 477 illi
855 439 1015 490 quidem
1049 454 1134 479 esse
1166 440 1314 478 licitum
1348 440 1410 479 cui
1446 454 1536 479 con-

206 514 375 545 cesserat
405 505 549 552 omnia,
581 519 603 543 a
633 507 782 555 populo
812 507 1000 543 factarum
1031 505 1377 556 quaesitarumque
1407 519 1534 544 rerum

207 584 381 610 summas
430 570 673 609 imminuere.
753 572 868 608 Illum
915 570 1005 608 viris
1054 570 1273 609 fortissimis
1314 571 1536 609 iudicarunt

206 644 334 687 patres
373 635 583 685 conscripti
624 634 819 673 remittere
859 636 908 673 de
947 648 1102 673 summa
1147 649 1226 673 non
1267 636 1467 685 potuisse:
1499 644 1536 674 te

206 701 355 740 mulieri
389 700 621 739 deterrimae
653 707 757 738 recte
797 699 992 738 remisisse
1032 708 1232 738 senatores
1272 700 1536 739 iudicabunt?

206 767 289 812 Ille,
323 767 373 804 de
412 778 493 815 quo
526 766 651 814 legem
685 766 855 815 populus
897 766 1103 803 Romanus
1139 764 1301 803 iusserat
1337 773 1378 802 ut
1413 765 1534 815 ipsius

204 832 384 868 voluntas
415 829 449 867 ci
481 837 613 880 posset
644 843 729 868 esse
759 843 829 879 pro
859 831 953 879 lege,
978 837 1110 868 tamen
1133 829 1171 867 in
1194 831 1269 868 hoc
1291 843 1372 868 uno
1392 843 1534 879 genere

203 904 377 935 veterum
411 895 598 946 religione
631 897 761 945 legum
802 895 1124 946 reprehenditur:
1160 903 1212 942 tu,
1245 895 1311 944 qui
1347 895 1533 934 omnibus

203 960 354 1011 legibus
385 960 610 1010 implicatus
641 960 837 1007 tenebare,
866 959 1071 998 libidinem
1105 959 1175 998 tibi
1211 968 1317 998 tuam
1352 974 1422 1010 pro
1450 962 1533 1010 lege

202 1039 287 1064 esse
317 1025 507 1064 voluisti?
565 1027 612 1063 In
643 1024 710 1064 illo
739 1025 1047 1076 reprehenditur,
1072 1026 1181 1075 quod
1212 1039 1258 1064 ex
1288 1039 1334 1064 ea
1365 1026 1533 1076 pecunia

202 1091 392 1130 remiserit
431 1105 550 1141 quam
590 1091 673 1142 ipse
712 1091 956 1142 quaesierat:
987 1091 1058 1131 tibi
1092 1093 1344 1140 concedetur,
1379 1092 1446 1143 qui
1483 1094 1533 1131 de

202 1157 329 1208 capite
349 1157 596 1207 vectigalium
620 1157 756 1208 populi
778 1157 950 1196 Romani
971 1156 1184 1196 remisisti?

257 1225 390 1272 Atque
420 1221 458 1260 in
491 1223 567 1261 hoc
597 1236 739 1272 genere
760 1221 949 1261 audaciae
971 1223 1096 1261 multo
1121 1222 1239 1261 etiam
1261 1221 1532 1273 impudentius

202 1288 241 1325 in
263 1287 442 1327 decumis
464 1287 741 1326 Acestensium
763 1295 936 1326 versatus
958 1295 1015 1326 est
1033 1303 1043 1335 5
1074 1301 1171 1337 quas
1201 1301 1290 1326 cum
1319 1288 1532 1327 addixisset

201 1353 329 1391 eidem
366 1352 418 1390 illi
455 1352 636 1399 Docimo,
669 1353 745 1391 hoc
780 1360 838 1391 est
868 1352 1036 1399 Tertiae,
1068 1352 1182 1390 tritici
1216 1352 1393 1391 modium
1427 1357 1461 1400 ῦ,
1493 1361 1531 1391 et

200 1417 467 1456 accessionem
482 1417 721 1466 ascripsisset
741 1419 810 1455 HS
834 1430 907 1464 MD,
927 1417 1053 1467 coegit
1076 1418 1302 1456 Acestensis
1320 1432 1342 1456 a
1358 1418 1530 1457 Docimo

201 1484 434 1521 tantundem
468 1482 625 1531 publice
655 1482 857 1532 accipere3
887 1482 926 1521 id
957 1484 1066 1532 quod
1088 1497 1133 1521 ex
1155 1483 1431 1522 Acestensium
1462 1498 1528 1534 pu-

201 1547 306 1586 blico
344 1547 572 1585 testimonio
610 1547 847 1597 cognoscite.
918 1547 1068 1585 Recita.
1142 1558 1443 1585 TESTIMONIVM
1466 1561 1530 1585 ms·-

202 1623 369 1649 JJLJCVM.
434 1611 611 1649 Audistis
652 1611 787 1661 quanti
829 1613 1016 1650 decumas
1064 1612 1258 1662 acceperit
1297 1626 1319 1650 a
1360 1611 1530 1650 Docimo

201 1674 348 1722 civitas,
370 1675 484 1714 tritici
516 1676 693 1714 modium
728 1682 752 1712 ἵν
781 1683 819 1714 et
848 1676 1140 1715 accessionem:
1171 1676 1397 1727 cognoscite
1424 1690 1530 1715 nunc

200 1741 335 1791 quanti
367 1754 408 1779 se
434 1741 659 1780 vendidisse
694 1741 893 1780 rettulerit.
954 1743 1043 1780 Lm<
1075 1754 1257 1780 nificvms
1288 1754 1529 1780 VENDVNms

201 1806 248 1845 C.
269 1807 421 1844 VERRE
450 1819 511 1844 PR.
574 1808 666 1845 Hoc
698 1806 859 1846 nomine
882 1807 1020 1846 videtis
1042 1807 1155 1845 tritici
1179 1807 1355 1846 modium
1378 1819 1443 1846 clo
1463 1819 1529 1846 clo

200 1883 265 1909 cm
294 1872 345 1910 de
374 1871 502 1922 capite
533 1885 619 1911 esse
655 1873 826 1923 dempta,
861 1887 962 1923 quae
993 1887 1082 1911 cum
1114 1874 1164 1911 de
1195 1872 1329 1923 populi
1358 1873 1528 1911 Romani

199 1936 314 1983 victu,
338 1937 388 1975 de
409 1936 654 1987 vectigalium
679 1938 816 1985 nervis,
840 1939 890 1976 de
925 1938 1113 1988 sanguine
1138 1937 1366 1976 detraxisset
1393 1937 1525 1985 aerari,

199 2001 355 2040 Tertiae
377 2002 519 2040 mimae
543 2003 795 2041 condonavit.
858 2005 998 2041 Vtrum
1030 2003 1297 2053 impudentius
1331 2003 1382 2041 ab
1411 2003 1528 2042 sociis

244 2117 263 2145 3
288 2107 450 2137 consultis
467 2112 602 2138 senatus
622 2108 652 2138 O
872 2118 891 2146 5
916 2108 990 2140 hoc.
1013 2119 1055 2138 nc
1075 2108 1117 2137 illi
1137 2107 1205 2138 edd.
1226 2108 1300 2146 plaz
1324 2107 1445 2147 (scdcf
1466 2119 1524 2143 [με.

204 2153 218 2186 ξ
242 2151 300 2189 169
318 2150 421 2189 infra)
571 2153 592 2180 6
616 2162 634 2181 a
652 2162 715 2181 om.
733 2156 756 2190 j>
857 2152 897 2181 ab
918 2152 990 2190 ipso
1009 2152 1084 2182 fact.
1107 2153 1184 2182 coni.
1206 2151 1339 2182 Ilolom.
1491 2162 1528 2181 10

201 2193 308 2232 legem
328 2194 374 2224 cO
391 2205 396 2223 :
423 2194 496 2231 lege
512 2199 534 2233 jz
553 2194 615 2225 rell.
744 2204 778 2232 13
804 2199 892 2225 tuam
912 2196 968 2224 tibi
990 2194 1020 2224 O
1146 2204 1184 2232 19
1209 2195 1342 2225 Tertiae
1361 2194 1408 2224 cO
1427 2206 1432 2223 :
1457 2205 1524 2226 om.

195 2241 219 2275 p
237 2237 300 2268 rcll.
427 2248 468 2266 22
496 2237 577 2268 Rec.
599 2242 674 2268 test.
699 2238 773 2275 pub.
793 2243 816 2277 p
836 2249 940 2278 Χιιιηιι.
965 2248 1018 2268 ιν.
1041 2238 1073 2267 ιή
1091 2237 1210 2267 lacuna
1231 2243 1267 2267 nt
1285 2241 1299 2273 ξ
1322 2239 1381 2268 168
1397 2238 1499 2277 infra]
1521 2249 1527 2268 :

200 2290 264 2310 om.
288 2280 351 2311 rell.
466 2282 507 2311 26
531 2281 654 2311 videtis
671 2280 718 2311 cO
737 2291 743 2310 ε
768 2281 934 2320 vidistisp
952 2281 1016 2311 rell.
1111 2281 1196 2311 mod.
1215 2290 1293 2310 vnn
1314 2281 1344 2311 O
1363 2292 1369 2310 :
1396 2281 1528 2312 modios

201 2333 230 2352 00
259 2333 288 2353 00
317 2334 345 2353 00
375 2323 502 2363 miliap

1558 780 1595 802 10

1556 1104 1593 1137 ¹5

1551 1432 1591 1454 20

1551 1757 1590 1789 ²5
