1715 2734
185 82 454 122 ACTIONIS
477 83 538 121 IN
559 82 603 121 C.
623 83 864 120 VERREM
887 82 1186 122 SECVNDAE
1209 83 1311 121 LIB.
1338 84 1403 120 III
1466 93 1508 120 12

180 198 232 235 ab
261 196 409 235 iudicio
438 196 678 234 discessuros
703 195 901 234 videbant.
962 195 1119 234 Etenim
1142 197 1250 245 quod
1281 203 1383 234 esset
1412 195 1509 233 iudi-

180 262 296 308 cium,
316 275 406 299 curn
435 275 481 299 ex
501 260 632 299 Verris
660 260 886 310 turpissimo
913 259 1297 310 flagitiosissimoque
1317 259 1507 298 comitatu

179 335 255 364 tres
294 334 611 376 recuperatorum
651 326 812 364 nomine
850 325 1097 364 adsedissent
1135 327 1344 363 adseculae
1383 325 1504 371 istius,

179 405 260 430 non
299 405 321 429 a
359 399 467 441 patre
506 391 540 429 ei
580 391 708 429 traditi
753 392 822 429 sed
861 405 883 429 a
923 390 1167 429 meretricula
1205 390 1507 428 commendati?

142 458 323 505 5Ageret
362 455 544 494 videlicet
583 469 742 494 causam
781 463 934 503 arator3
982 455 1078 493 nihil
1118 455 1192 493 sibi
1231 455 1415 493 frumenti
1454 456 1505 493 ab

179 521 358 570 Apronio
396 521 585 567 relictum,
624 522 728 559 bona
767 535 836 559 sua
871 521 987 559 etiam
1028 520 1189 570 direpta,
1227 534 1267 558 se
1307 522 1504 570 pulsatum

177 586 504 635 verberatumque
542 586 716 633 diceret,
763 587 984 624 conferrent
1023 585 1091 622 viri
1138 585 1230 622 boni
1275 585 1413 635 capita,
1455 587 1505 623 de

177 650 455 688 comissatione
483 652 736 699 loquerentur
757 650 857 688 inter
877 664 918 688 se
938 663 983 688 ac
1005 651 1055 688 de
1083 649 1332 694 mulierculis,
1356 650 1386 687 si
1407 663 1504 699 quas

176 730 198 753 a
214 725 390 765 praetore
406 715 586 753 abeuntis
608 724 769 765 possent
787 717 1084 765 deprehendere
1100 730 1109 761 3
1139 728 1197 753 res
1218 715 1278 764 agi
1296 714 1501 753 videretur.

123 795 159 816 10
177 780 409 818 Surrexisset
432 779 641 829 Apronius,
666 794 767 818 nova
788 780 957 830 dignitas
985 779 1196 830 publicani,
1222 793 1301 817 non
1326 787 1368 817 ut
1389 781 1503 817 decu-

175 858 315 882 manus
347 845 537 894 squaloris
565 847 704 895 plenus
732 860 777 883 ac
805 845 984 896 pulveris,
1009 847 1078 883 sed
1106 845 1316 895 unguentis
1344 845 1503 893 oblitus,

174 909 266 947 vino
296 909 514 958 vigiliisque
545 910 776 960 languidus,
817 910 951 948 omnia
985 910 1112 960 primo
1147 918 1256 948 motu
1288 923 1334 948 ac
1366 910 1503 960 spiritu

174 988 246 1012 suo
284 974 362 1011 vini
402 974 590 1024 unguenti
630 974 804 1024 corporis
842 976 965 1013 odore
1007 977 1254 1025 complesset.
1331 975 1501 1014 Dixisset

173 1040 270 1078 haec
303 1054 404 1090 quae
435 1042 550 1090 volgo
585 1040 715 1079 dicere
747 1041 909 1087 solebat,
943 1055 1023 1079 non
1055 1055 1097 1080 se
1128 1043 1315 1080 decumas
1346 1042 1499 1090 emisse,

110 1116 151 1149 *15
173 1106 242 1143 sed
274 1105 378 1143 bona
409 1107 662 1155 fortunasque
696 1113 905 1152 aratorum,
937 1120 1017 1144 non
1048 1120 1089 1144 se
1118 1107 1385 1144 decumanum
1416 1121 1500 1146 esse

172 1170 404 1220 Apronium,
429 1172 497 1208 sed
519 1173 680 1209 Verrem
702 1173 867 1208 alterum
888 1171 1095 1208 dominum
1125 1171 1278 1209 illorum
1303 1185 1349 1209 ac
1377 1180 1500 1222 tyran-

171 1248 278 1272 num.
338 1236 452 1283 Quae
478 1249 567 1272 cum
590 1234 760 1281 dixisset,
785 1235 837 1272 illi
859 1234 928 1272 viri
956 1235 1094 1284 optimi
1123 1237 1172 1273 de
1200 1237 1361 1274 cohorte
1389 1236 1498 1274 istius

170 1308 460 1349 recuperatores
483 1314 563 1337 non
589 1301 639 1337 de
667 1300 911 1337 absolvendo
932 1299 1110 1349 Apronio
1133 1299 1404 1347 deliberarent,
1428 1303 1496 1340 sed

167 1373 398 1414 quaererent
438 1378 566 1414 ecquo
610 1366 731 1403 modo
774 1364 981 1414 petitorem
1021 1364 1148 1414 ipsun]
1189 1365 1368 1414 Apronio
1407 1380 1497 1404 con-

107 1444 148 1465 20
168 1431 355 1468 demnare
385 1438 555 1480 possent.

221 1497 338 1534 Hanc
373 1503 414 1533 tu
450 1495 648 1533 licentiam
679 1495 988 1544 diripiendorum
1024 1503 1220 1534 aratorum
1255 1510 1345 1534 cum
1378 1498 1493 1535 decu-

164 1561 300 1607 manis,
325 1563 400 1599 hoc
425 1569 482 1599 est
507 1575 598 1599 cum
620 1561 798 1610 Apronio
826 1561 1077 1610 permisisses,
1102 1569 1143 1598 ut
1164 1570 1355 1610 quantum
1378 1564 1492 1600 vellet

163 1634 354 1676 posceret,
376 1635 567 1676 quantum
595 1626 839 1676 poposcisset
860 1627 1038 1672 auferret,
1062 1627 1137 1664 hoc
1159 1626 1229 1664 tibi
1251 1627 1491 1665 defensionis

161 1692 211 1728 ad
243 1691 430 1729 iudicium
461 1699 573 1729 tuum
603 1690 871 1739 comparabaS,
900 1690 1084 1728 habuisse
1114 1698 1152 1728 te
1181 1691 1355 1729 edictum
1386 1706 1491 1730 recu-

103 1771 141 1802 25
161 1764 357 1806 peratores
392 1758 575 1794 daturum
609 1755 648 1793 in
681 1756 914 1804 octuplum?
971 1755 1009 1793 Si
1046 1757 1269 1794 mehercule
1302 1771 1349 1795 ex
1379 1757 1489 1796 omni

160 1821 275 1870 copia
304 1828 521 1859 conventus
552 1819 794 1869 Syracusani,
825 1819 1233 1869 splendidissimorum
1266 1821 1489 1860 honestissi-

160 1899 393 1936 morumque
415 1885 633 1932 hominum,
658 1886 803 1922 faceres
834 1892 1069 1934 potestatem
1096 1886 1237 1924 aratori
1264 1899 1344 1924 non
1366 1888 1488 1925 modo

159 1951 345 1989 reiciendi
385 1952 455 1988 sed
501 1950 618 1988 etiam
666 1949 849 1987 sumendi
895 1957 1196 1999 recuperatores,
1239 1958 1371 1989 tamen
1410 1954 1487 1990 hoc

158 2029 304 2054 novum
343 2029 466 2065 genus
507 2014 669 2053 iniuriae
707 2015 803 2052 ferre
842 2027 961 2052 nemo
1000 2022 1143 2064 posset,
1181 2023 1228 2062 te,
1271 2029 1362 2054 cum
1397 2024 1485 2055 tuos

97 2097 138 2127 30
157 2080 285 2119 omnis
324 2081 471 2118 fructus
506 2079 720 2130 publicano
755 2078 980 2117 tradidisses
1020 2087 1057 2118 et
1097 2094 1178 2118 rem
1212 2082 1262 2118 de
1302 2082 1484 2120 manibus

202 2194 238 2223 17
264 2184 325 2214 viri
350 2184 485 2224 optimi]
513 2184 629 2223 optiliu
659 2182 708 2212 O:
741 2181 799 2211 viri
825 2186 906 2213 auct.
933 2181 1051 2214 Halm.
1078 2183 1148 2215 secl.
1175 2183 1274 2223 KayS.
1446 2197 1484 2224 19

155 2229 381 2258 condemnare
399 2233 537 2267 possent
558 2228 627 2266 ch
645 2239 650 2256 :
675 2227 996 2266 condemnarentpk
1194 2238 1235 2266 25
1261 2228 1292 2257 in
1312 2229 1482 2268 octuplum

155 2274 306 2302 daturum
328 2271 358 2302 O
447 2272 660 2302 mehercules
680 2270 709 2299 O
728 2273 760 2308 (ξ
781 2270 822 2307 46
840 2269 943 2308 infra)
1051 2271 1093 2299 26
1117 2271 1196 2302 hon.
1219 2272 1392 2302 hominum
1410 2272 1458 2303 cO
1475 2285 1481 2303 :

154 2316 243 2347 hom.
265 2317 341 2347 hon.
358 2321 383 2356 p
400 2315 466 2347 rell.
604 2316 645 2345 28
669 2319 781 2344 tamen
802 2311 890 2344 codd.
908 2316 1040 2354 praeter
1055 2313 1085 2344 O
1102 2315 1199 2355 (iam)

1530 95 1570 126 30

1526 465 1563 495 31

1515 1482 1556 1518 13

1514 1542 1551 1571 32
