1715 2734
517 363 585 411 M.
636 362 852 410 TVLLI
906 361 1308 410 CICERONIS

293 473 738 527 ACTIONIS
822 473 917 525 IN
999 473 1062 527 C.
1136 473 1527 528 VERREM

659 559 1155 613 SECVNDAE

699 679 871 716 LIBER
910 679 1123 716 PRIMVS

530 781 612 824 DE
654 781 986 823 PRAETVRA
1026 780 1282 823 VRBANA

299 894 512 932 NEM1NEM
544 901 715 932 vestrum
750 894 928 944 ignorare
961 893 1138 941 arbitror,
1171 893 1333 942 iudices,
1370 896 1476 933 hunc
1510 909 1579 946 per

243 958 364 996 hosce
394 958 478 997 dies
508 972 730 998 sermonem
762 958 865 1009 vulgi
896 966 1015 1009 atque
1044 960 1146 997 hanc
1176 959 1406 1009 opinionem
1442 960 1578 1011 populi

244 1023 415 1061 Romani
446 1023 576 1071 fuisse,
600 1026 644 1064 C.
670 1024 831 1063 Verrem
859 1025 979 1062 altera
1005 1023 1162 1063 actione
1189 1038 1467 1075 responsurum
1496 1040 1577 1063 non

242 1101 327 1127 esse
348 1102 478 1138 neque
498 1091 549 1128 ad
571 1089 760 1128 iudicium
777 1091 1016 1129 adfuturum.
1068 1091 1182 1138 Quae
1203 1091 1306 1128 fama
1327 1105 1406 1129 non
1429 1091 1577 1130 idcirco

241 1156 369 1192 solum
400 1163 599 1193 emanarat
627 1157 735 1205 quod
767 1155 838 1194 iste
869 1163 974 1194 certe
1003 1163 1189 1194 statuerat
1219 1169 1265 1193 ac
1294 1156 1577 1195 deliberaverat
1597 1173 1613 1204 5

240 1233 320 1258 non
350 1221 499 1267 adesse,
527 1234 661 1258 verum
692 1220 809 1259 etiam
841 1221 950 1271 quod
981 1234 1101 1259 nemo
1130 1235 1371 1271 quemquam
1403 1229 1482 1259 tam
1512 1236 1577 1260 au-

239 1287 390 1333 dacem,
424 1294 502 1324 tam
534 1294 745 1333 amentem,
780 1294 858 1325 tam
892 1286 1165 1336 impudentem
1202 1287 1283 1324 fore
1316 1286 1576 1326 arbitrabatur

239 1350 305 1400 qui
336 1359 415 1389 tam
446 1351 600 1389 nefariis
633 1351 873 1400 criminibus,
902 1358 981 1389 tam
1013 1350 1145 1389 multis
1176 1350 1340 1389 testibus
1370 1352 1574 1391 convictus

238 1429 305 1454 ora
332 1416 507 1455 iudicum
537 1417 712 1467 aspicere
743 1425 811 1455 aut
840 1430 883 1455 os
914 1430 1028 1454 suum
1059 1417 1208 1466 populo
1234 1418 1419 1455 Romano
1447 1426 1574 1456 osten-

238 1482 331 1520 dere
368 1483 542 1521 auderet.
603 1485 673 1521 Est
713 1482 819 1521 idem
853 1484 993 1519 Verres
1026 1481 1092 1531 qui
1134 1481 1204 1519 fuit
1244 1495 1408 1532 semper,
1445 1491 1487 1521 ut
1521 1484 1572 1521 ad
1598 1497 1635 1518 ιο

236 1548 465 1586 audendum
501 1548 708 1598 proiectus,
742 1548 797 1586 sic
829 1555 985 1598 paratus
1015 1549 1066 1586 ad
1095 1547 1351 1586 audiendum.
1413 1550 1573 1587 Praesto

236 1620 305 1659 est,
329 1615 552 1664 respondet,
576 1614 825 1662 defenditur,
858 1629 907 1653 ne
935 1616 1011 1652 hoc
1033 1614 1195 1664 quidem
1221 1614 1292 1651 sibi
1320 1614 1456 1664 reliqui
1483 1614 1572 1652 facit

236 1686 289 1725 ut,
312 1678 351 1716 in
379 1680 495 1717 rebus
523 1679 756 1729 turpissimis
784 1693 874 1718 curn
908 1679 1118 1718 manifesto
1146 1687 1335 1726 teneatur,
1358 1679 1389 1717 si
1414 1678 1573 1718 reticeat

236 1751 274 1782 et
302 1743 415 1791 absit,
443 1751 574 1782 tamen
607 1744 878 1795 impudentiae
909 1758 1002 1783 suae
1032 1746 1250 1795 pudentem
1281 1745 1426 1783 exitum
1458 1759 1574 1795 quae-

236 1809 331 1847 sisse
370 1809 556 1848 videatur.
622 1810 761 1857 Patior,
800 1810 961 1857 iudices,
999 1818 1037 1849 et
1078 1824 1157 1848 non
1194 1812 1359 1849 moleste
1394 1811 1475 1848 fero
1510 1824 1572 1848 me
1595 1822 1630 1851 15

236 1874 379 1913 laboris
402 1873 488 1922 mei,
514 1888 583 1913 vos
606 1874 756 1913 virtutis
780 1883 929 1914 vestrae
951 1877 1119 1914 fructum
1143 1889 1228 1914 esse
1249 1876 1405 1913 laturos.
1466 1876 1571 1913 Nam

236 1936 267 1977 si
306 1939 378 1978 iste
416 1939 456 1978 id
497 1939 651 1978 fecisset
687 1942 795 1990 quod
835 1940 940 1990 prius
975 1948 1173 1988 statuerat,
1208 1948 1249 1978 ut
1284 1954 1364 1979 non
1402 1941 1568 1986 adesset,

237 2004 366 2043 minus
394 2005 597 2055 aliquanto
619 2019 738 2054 quam
771 2005 865 2043 mihi
894 2019 994 2055 opus
1022 2013 1123 2044 esset
1151 2012 1454 2056 cognosceretur
1474 2005 1571 2055 quid

237 2083 309 2119 ego
330 2070 368 2107 in
397 2072 470 2109 hac
497 2070 750 2109 accusatione
773 2071 1041 2120 comparanda
1061 2070 1419 2120 constituendaque
1441 2071 1570 2108 elabo-

237 2149 380 2174 rassem
398 2151 406 2183 3
428 2143 555 2174 vestra
570 2148 662 2173 vero
682 2136 765 2172 laus
788 2135 915 2173 tenuis
936 2137 1052 2185 plane
1073 2143 1191 2185 atque
1212 2135 1389 2181 obscura,
1406 2134 1566 2182 iudices,
1591 2145 1632 2168 20

280 2242 300 2270 8
325 2242 466 2271 testibus
479 2241 540 2281 prb
560 2240 667 2271 Cuiac.
686 2251 692 2270 :
717 2239 883 2270 iudicibus
901 2240 965 2270 ΒΨ
1061 2251 1100 2271 10
1123 2245 1174 2271 est
1193 2240 1280 2270 idem
1299 2239 1333 2270 D
1349 2240 1391 2271 al.
1406 2240 1468 2280 prb
1485 2251 1491 2269 :
1517 2245 1568 2270 est

238 2284 328 2315 enim
349 2286 435 2315 idem
454 2286 484 2324 q¹
501 2285 544 2315 al.
681 2293 713 2313 11
742 2289 879 2323 paratus
892 2285 954 2323 pr&
969 2283 1078 2315 Sclzol.
1098 2283 1252 2323 Gronov.‚
1271 2283 1372 2314 Prisc.
1392 2295 1398 2314 :
1422 2294 1488 2314 om.
1504 2283 1569 2314 ΒΨ

242 2338 278 2367 17
305 2327 398 2368 prius
415 2328 478 2358 ΒΨ
496 2340 502 2359 ;
527 2328 655 2367 primus
673 2326 701 2356 L
720 2338 726 2357 ι
752 2327 858 2366 primo
868 2329 930 2367 prb
