1715 2734
190 701 225 734 17

184 1778 221 1808 18
243 1778 280 1808 te
296 1770 442 1819 patrios
463 1769 643 1819 reposcit.
695 1769 821 1819 Ecqui
844 1771 972 1820 pudor
992 1778 1060 1816 est,
1080 1783 1228 1819 ecquae
1249 1769 1394 1820 religio,
1417 1772 1568 1817 Verres,
1619 1783 1630 1790 ·

208 104 230 141 7
255 103 294 133 16
622 96 677 132 M.
708 95 877 132 TVLLI
909 95 1216 134 CICERoms

248 204 383 255 quanti
405 204 571 244 voluerit
590 203 825 243 vendidisse.
885 205 1024 242 Homo
1053 202 1162 242 domi
1183 217 1277 243 suae
1297 203 1576 253 nobilissimus,

247 270 313 320 qui
335 284 404 309 vos
425 271 474 308 de
495 269 682 318 religione
702 281 772 306 sua
791 281 837 306 ac
857 267 1048 318 dignitate
1065 281 1155 307 vere
1171 268 1392 308 existimare
1409 270 1578 309 maxime

246 337 371 382 vellet,
395 335 523 385 primo
552 334 648 373 dixit
679 347 720 372 se
750 333 866 371 istum
897 333 1055 383 publice
1085 334 1259 380 laudare,
1288 335 1397 384 quod
1428 334 1500 373 sibi
1526 334 1579 374 ita

247 402 478 438 mandatum
513 406 639 446 esset;
679 400 826 437 deinde
861 411 992 448 neque
1031 411 1072 437 se
1111 399 1296 437 habuisse
1331 398 1396 437 illa
1427 400 1579 440 venalia

247 479 376 515 neque
408 467 486 503 ulla
517 464 765 511 condicione,
795 463 825 502 si
857 471 986 502 utrum
1009 465 1125 503 vellet
1154 464 1297 511 liceret,
1320 464 1466 503 adduci
1496 479 1578 503 um·
1602 479 1614 486 ·

246 544 363 580 quam
404 530 578 581 potuisse
617 536 659 567 ut
690 530 877 567 venderet
912 529 976 566 illa
1008 542 1109 579 quae
1143 529 1183 567 in
1217 529 1384 568 sacrario
1414 529 1578 569 fuissent

244 610 267 634 a
289 595 501 634 maioribus
523 594 601 632 suis
623 594 756 633 relicta
776 602 813 632 et
835 593 986 632 tradita.

291 660 399 710 Quid
416 661 541 705 sedes,
558 661 727 697 Verres?
753 658 849 708 quid
863 661 1095 709 exspectas?
1119 659 1216 709 quid
1230 667 1268 699 te
1283 673 1305 698 a
1319 659 1578 711 Centuripina

244 726 410 772 civitate,
429 739 451 763 a
473 724 685 771 Catinensi,
704 725 755 762 ab
773 724 998 770 Halaesina,
1017 738 1039 762 a
1055 724 1333 774 Tyndaritana,
1354 726 1575 773 Hennensi,

244 790 477 842 Agyrinensi
498 790 717 840 ceterisque
737 789 891 828 Siciliae
919 789 1142 828 civitatibus
1167 789 1438 828 circumveniri
1459 798 1577 841 atque

243 856 412 907 opprimi
426 856 524 895 dicis
540 858 557 895 ?
603 857 692 894 Tua
712 863 749 894 te
769 857 889 894 altera
905 855 1039 905 patria,
1058 869 1177 905 quem
1193 856 1244 894 ad
1266 857 1430 895 modum
1447 856 1577 896 dicere

244 923 409 969 solebas,
462 924 649 961 Messana
695 921 1101 969 circumvenit‚-—tua‚
1154 921 1327 971 inquam,
1379 923 1575 969 Messana,

244 995 400 1025 tuorum
433 986 602 1026 adiutrix
634 987 838 1032 scelerum,
871 985 1081 1024 libidinum
1114 985 1233 1034 testis,
1269 987 1501 1036 praedarum
1530 1000 1576 1025 ac

243 1054 434 1091 furtorum
456 1051 656 1102 receptrix.
716 1052 842 1090 Adest
868 1052 974 1089 enim
996 1052 1052 1089 vir
1078 1050 1343 1101 amplissimus
1371 1052 1456 1090 eius
1486 1052 1576 1091 civi-

243 1117 332 1155 tatis
349 1119 498 1168 legatus
519 1118 635 1155 huius
652 1115 772 1155 iudici
794 1129 912 1155 causa
926 1117 1049 1155 domo
1070 1116 1224 1164 missus,
1241 1116 1423 1167 princeps
1445 1119 1576 1157 lauda-

243 1182 360 1221 tionis
395 1190 495 1228 tuae,
532 1183 599 1232 qui
639 1190 676 1220 te
715 1181 874 1232 publice
908 1182 1166 1228 laudat‚—ita
1197 1180 1302 1220 enim
1343 1184 1573 1221 mandatum

242 1257 361 1298 atque
396 1249 629 1298 imperatum
664 1254 746 1293 est;
790 1246 945 1285 tametsi
980 1254 1137 1297 rogatus
1169 1247 1220 1286 de
1251 1248 1398 1297 cybaea
1432 1249 1574 1286 tenetis

243 1314 433 1352 memoria
462 1313 557 1363 quid
579 1312 848 1362 responderit:
877 1312 1126 1350 aedificatam
1154 1311 1322 1362 publicis
1352 1312 1480 1363 operis
1507 1327 1574 1363 pu-

242 1378 345 1417 blice
364 1378 521 1425 coactis,
546 1379 662 1428 eique
681 1377 952 1416 aedificandae
973 1377 1131 1428 publice
1154 1379 1436 1416 Mamertinum
1466 1392 1574 1418 sena-

242 1452 367 1482 torem
389 1444 611 1494 praefuisse.
673 1444 786 1482 Idem
808 1444 859 1481 ad
880 1457 949 1482 vos
970 1443 1162 1493 privatim,
1186 1443 1347 1490 iudices,
1371 1445 1545 1495 confugit
1563 1460 1573 1493 3
1595 1458 1608 1479 2

242 1510 363 1548 utitur
392 1511 466 1548 hac
492 1511 576 1559 lege
601 1523 678 1559 qua
706 1508 895 1548 iudicium
926 1517 993 1555 est,
1022 1509 1225 1547 communi
1248 1522 1337 1548 arce
1362 1509 1569 1549 sociorum.

241 1575 416 1613 Tametsi
441 1577 503 1613 lex
527 1582 585 1612 est
615 1576 665 1613 de
688 1574 866 1623 pecuniis
894 1575 1132 1624 repetundis,
1156 1574 1220 1613 ille
1245 1588 1286 1613 se
1313 1583 1428 1625 negat
1458 1588 1573 1625 pecu-

241 1639 347 1678 niam
377 1647 562 1689 repetere,
596 1653 715 1689 quam
745 1647 919 1689 ereptam
948 1653 1028 1676 non
1059 1647 1170 1677 tanto
1197 1652 1315 1689 opere
1348 1639 1572 1679 desiderat:

243 1718 353 1744 sacra
371 1719 411 1743 se
433 1704 624 1743 maiorum
646 1718 808 1742 suorum
829 1713 1003 1754 repetere
1023 1705 1093 1743 abs
1115 1712 1153 1743 te
1173 1704 1278 1752 dicit,
1302 1706 1398 1743 deos
1419 1705 1571 1755 penatis

242 1835 356 1885 ecqui
389 1837 545 1873 metus?
604 1834 804 1872 Habitasti
826 1836 932 1884 apud
957 1834 1105 1872 Heium
1138 1836 1359 1881 Messanae,
1382 1848 1441 1872 res
1462 1835 1572 1873 illum

241 1900 395 1939 divinas
431 1902 539 1951 apud
579 1915 646 1939 eos
685 1902 782 1939 deos
821 1900 860 1938 in
901 1914 973 1938 suo
1012 1900 1180 1939 sacrario
1218 1914 1340 1950 prope
1370 1900 1572 1939 cotidiano

241 1968 366 2005 facere
401 1966 554 2014 vidisti3
589 1981 669 2004 non
700 1974 879 2005 movetur
909 1966 1086 2016 pecunia,
1124 1965 1296 2016 denique
1330 1979 1431 2016 quae
1461 1979 1572 2004 orna-

241 2031 363 2070 menti
392 2046 511 2070 causa
539 2034 695 2071 fuerunt
726 2046 806 2070 non
836 2031 1020 2082 requirit3
1059 2031 1129 2069 tibi
1162 2031 1264 2069 habe
1298 2032 1568 2080 Canephoros,

1599 490 1615 510 ἒ

1600 806 1637 828 10

1598 1130 1635 1163 Ῑ5

240 2099 405 2136 deorum
434 2098 640 2136 simulacra
668 2099 838 2136 restitue.
901 2099 1016 2146 Quae
1036 2096 1129 2146 quia
1149 2096 1256 2143 dixit,
1280 2096 1372 2146 quia
1392 2103 1570 2146 tempore
1590 2109 1630 2139 30

240 2164 333 2201 (lato
364 2164 542 2201 modeste
573 2164 680 2213 apud
707 2176 776 2201 vos
808 2162 937 2200 socius
969 2161 1200 2210 amicusque
1230 2161 1365 2211 populi
1396 2161 1568 2199 Romani

284 2282 300 2308 4
329 2270 483 2301 habuisse
503 2269 557 2299 illa
576 2270 642 2299 Vn&
659 2282 663 2299 :
690 2268 744 2298 illa
762 2267 920 2297 habuisse
939 2266 1002 2296 RS
1089 2277 1109 2304 9
1133 2277 1151 2296 a
1168 2265 1274 2303 Tynd.
1301 2265 1346 2296 V:
1370 2277 1389 2296 a
1404 2275 1469 2296 om.
1488 2264 1570 2306 RSst

244 2324 279 2352 15
306 2314 401 2343 liuius
424 2313 532 2344 VRS:
558 2313 699 2343 huiusce
711 2312 752 2351 pB
868 2312 906 2340 16
932 2311 974 2340 ita
998 2309 1104 2340 VRS:
1132 2310 1163 2339 id
1177 2311 1218 2349 pb*
1337 2319 1377 2339 22
1402 2309 1442 2339 de
1461 2314 1565 2348 repet.

240 2368 311 2395 pcc.
327 2357 386 2387 SG
407 2364 422 2385 λ
562 2368 599 2394 24
627 2362 658 2387 te,
682 2354 790 2385 VRS:
815 2366 832 2385 a
851 2358 883 2383 te
897 2355 959 2393 pq&
1093 2363 1132 2391 27
1159 2352 1327 2383 cotidiano
1340 2351 1419 2383 RS:
1447 2353 1568 2382 cotidie

245 2400 350 2440 Vllpfi
