1715 2734
134 452 152 483 5

113 777 150 798 10

107 1426 147 1447 20

105 1753 141 1783 25

103 2078 142 2107 30

177 68 445 107 ACTIONIS
467 69 528 107 IN
550 68 595 108 C.
613 69 854 107 VERREM
877 69 1176 108 SECVNDAE
1198 70 1301 107 LIB.
1326 70 1392 107 III
1455 79 1500 106 10

174 182 459 231 persequatur?
516 180 706 219 Miserum
728 189 848 231 atque
869 181 1047 231 iniquum
1065 184 1071 219 1
1127 183 1185 219 Ex
1206 194 1297 230 agro
1317 181 1499 221 homines

174 246 344 283 traducis
379 244 419 282 in
453 246 595 292 forum,
625 246 677 283 ab
709 254 835 284 aratro
866 247 917 284 ad
952 245 1146 292 subsellia,
1180 247 1230 284 ab
1263 260 1335 284 usu
1370 261 1497 284 rerum

173 309 403 347 rusticarum
449 311 499 348 ad
545 309 741 347 insolitam
789 310 896 349 litem
941 319 1059 360 atque
1104 310 1326 349 iudicium?
1394 313 1496 350 Cum

173 373 357 411 omnibus
385 374 425 412 in
451 374 536 412 aliis
557 374 822 423 vectigalibus,
847 374 964 413 Asiae
991 375 1253 414 Macedoniae
1280 376 1499 426 Hispaniae

173 437 324 476 Galliae
344 438 500 477 Africae
525 438 736 485 Sardiniae,
761 439 881 489 ipsius
904 439 1039 478 Italiae
1061 454 1161 489 quae
1183 440 1385 490 vectigalia
1409 448 1499 478 sunt

171 516 314 540 —ocum
336 503 377 540 in
397 502 468 549 his,
491 503 664 553 inquam,
689 505 804 542 rebus
826 504 1010 542 omnibus
1036 504 1270 554 publicanus
1291 505 1433 555 petitor
1453 521 1499 544 ac

170 566 401 616 pignerator,
426 581 507 605 non
537 576 691 617 ereptor
721 582 850 618 neque
880 582 1081 618 possessor
1111 570 1233 607 soleat
1262 583 1356 616 esse,
1381 578 1420 608 tu
1449 573 1498 609 de

170 631 335 681 optimo,
365 633 415 669 de
446 631 670 678 iustissimo,
703 634 754 670 de
789 633 1066 671 honestissimo
1100 647 1242 683 genere
1276 634 1498 683 hominum,

170 697 246 734 hoc
276 704 333 734 est
363 698 415 734 de
443 696 671 743 aratoribus,
696 711 741 735 ea
772 697 853 735 iura
883 698 1151 736 constituebas
1182 712 1282 748 quae
1312 700 1497 738 omnibus

168 760 253 799 aliis
292 769 423 799 essent
462 761 684 799 contraria?
744 764 884 800 Vtrum
925 770 983 801 est
1019 763 1192 812 aequius,
1231 765 1496 802 decumanum

170 833 301 875 petere
320 840 371 863 an
391 834 583 864 aratorem
603 829 806 876 repetere?
834 827 1024 866 iudicium
1047 827 1196 878 integra
1216 843 1255 867 re
1275 843 1325 867 an
1346 830 1498 879 perdita

170 890 281 928 fieri?
323 905 413 929 eum
449 891 516 940 qui
557 905 676 929 manu
709 892 928 941 quaesierit,
965 907 1015 930 an
1055 907 1145 931 eum
1181 894 1247 943 qui
1288 894 1410 944 digito
1450 895 1497 933 sit

168 955 296 993 licitus
327 956 558 1005 possidere?
616 956 755 1005 Quid?
785 957 852 1006 qui
883 957 1043 1007 singulis
1075 958 1172 1008 iugis
1202 967 1323 1005 arant,
1351 959 1416 1009 qui
1447 960 1497 998 ab

168 1035 286 1070 opere
313 1020 385 1071 ipsi
414 1035 494 1059 non
523 1022 863 1072 recedunt‚—quo
890 1023 928 1060 in
957 1037 1122 1061 numero
1151 1037 1314 1073 magnus
1341 1033 1431 1063 ante
1460 1033 1497 1063 te

131 1104 145 1134 5
168 1094 387 1135 praetorem
416 1100 602 1124 numerus
629 1100 675 1124 ac
703 1101 845 1137 magna
874 1088 1084 1126 multitudo
1113 1088 1332 1127 Siculorum
1358 1089 1496 1136 suin*

167 1150 262 1200 quid
287 1151 431 1189 facient
455 1165 546 1189 curn
567 1151 749 1190 dederint
769 1153 947 1202 Apronio
968 1155 1076 1203 quod
1107 1154 1358 1203 poposcerit?
1387 1155 1497 1193 relin-

165 1223 288 1265 quent
341 1216 549 1263 arationes‚
599 1216 822 1266 relinquent
878 1219 1018 1256 Larem
1070 1218 1300 1257 familiarem
1352 1222 1497 1258 suum?

165 1280 323 1319 venient
371 1282 590 1330 Syracusas,
633 1289 675 1320 ut
720 1290 758 1320 te
801 1291 978 1332 praetore
1017 1283 1199 1322 videlicet
1241 1298 1370 1335 aequo
1414 1285 1495 1324 iure

165 1345 400 1395 Apronium,
432 1346 593 1384 delicias
627 1360 673 1385 ac
705 1347 824 1385 vitam
865 1355 982 1395 tuam,
1020 1348 1167 1387 iudicio
1207 1350 1494 1400 recuperatorio

165 1413 477 1461 persequantur?
545 1413 694 1449 Verum
734 1420 842 1450 esto:
894 1412 1106 1462 reperietur
1143 1413 1263 1463 aliqui
1305 1415 1412 1453 fortis
1456 1424 1494 1454 et

165 1476 366 1526 experiens
392 1485 530 1523 arator,
554 1477 632 1526 qui,
656 1491 746 1515 curn
775 1486 927 1516 tantum
953 1479 1104 1517 dederit
1130 1481 1353 1519 decumano
1374 1494 1494 1530 quan-

164 1550 246 1579 tum
278 1542 342 1580 ille
371 1542 507 1580 deberi
536 1542 685 1588 dixerit,
720 1543 867 1581 iudicio
898 1552 1046 1594 repetat
1077 1553 1113 1583 et
1144 1559 1313 1594 poenam
1345 1547 1493 1596 octupli

163 1615 442 1657 persequatur:
487 1616 672 1657 exspecto
711 1608 789 1645 vim
829 1608 959 1655 edicti,
997 1610 1241 1648 severitatem
1283 1611 1491 1660 praetoris:

164 1673 275 1710 faveo
313 1671 466 1718 aratori,
508 1672 626 1721 cupio
670 1672 816 1722 octupli
862 1674 1039 1712 damnari
1080 1675 1311 1724 Apronium.
1383 1676 1492 1725 Quid

164 1738 325 1775 tandem
360 1739 532 1787 postulat
565 1739 721 1775 arator?
761 1738 856 1775 nihil
889 1738 962 1776 nisi
995 1754 1041 1778 ex
1071 1739 1201 1778 edicto
1231 1740 1420 1779 iudicium
1453 1741 1491 1778 in

163 1804 377 1851 octuplum.
439 1801 548 1850 Quid
572 1801 802 1853 Apronius?
835 1816 916 1841 non
947 1812 1108 1842 recusat.
1171 1805 1279 1853 Quid
1309 1809 1492 1855 praetor?

161 1866 270 1904 iubet
299 1874 593 1916 recuperatores
619 1866 775 1905 reicere.
840 1868 1051 1906 ‘Decurias
1083 1868 1322 1907 scribamus.'
1380 1873 1490 1919 Quas

161 1931 368 1970 decurias?
406 1933 476 1970 ‘de
506 1932 668 1970 cohorte
703 1945 791 1970 mea
826 1932 984 1980 reicies‚⁷
1014 1934 1151 1984 inquit.
1217 1935 1380 1983 ‘Quid?
1418 1936 1491 1974 ista

161 1997 302 2035 cohors
347 2010 514 2046 quorum
564 1996 770 2034 hominum
819 1999 926 2035 est?’
994 1999 1131 2037 Volusi
1180 1999 1395 2049 haruspicis
1451 2009 1489 2039 et

162 2061 321 2101 Corneli
343 2061 485 2099 medici
513 2069 551 2099 et
579 2062 719 2099 horum
747 2076 891 2100 canum
913 2077 1012 2113 quos
1035 2064 1203 2102 tribunal
1226 2079 1357 2103 meum
1379 2065 1488 2104 vides

205 2176 222 2194 2
248 2165 392 2195 traducis
415 2165 542 2205 VOpq:
566 2165 723 2195 miserum
750 2189 756 2195 .
786 2190 792 2196 .
822 2190 828 2196 .
858 2167 983 2197 traduci
1002 2169 1088 2208 vulg.
1289 2169 1486 2200 rusticarum

163 2219 270 2238 rerum
295 2207 324 2236 O
489 2210 509 2237 6
533 2208 685 2238 omnibus
701 2219 768 2239 ont.
793 2209 824 2237 V
940 2217 996 2241 aut
1017 2210 1059 2242 0¹
1078 2212 1218 2243 llIttcllcr
1382 2223 1419 2242 12
1443 2214 1487 2243 sit

162 2252 269 2282 licitus
291 2252 337 2290 Vq
355 2250 454 2288 *proh
476 2250 554 2281 Zicl.
575 2252 634 2282 l.c.·
662 2263 667 2280 ς
694 2252 803 2281 licitus
821 2254 864 2282 sit
883 2253 946 2284 rell.
1068 2264 1104 2293 15
1126 2266 1166 2286 ac
1189 2257 1269 2287 VO:
1294 2267 1358 2287 om.
1376 2262 1400 2296 p
1417 2257 1482 2286 rell.

161 2305 203 2324 20
226 2295 326 2333 aliqui
350 2294 432 2324 1'0:
456 2294 612 2334 aliquisp
631 2295 696 2324 rell.
822 2306 860 2334 27
888 2298 1118 2328 exscribamus
1135 2299 1181 2330 cO
1301 2301 1342 2330 28
1367 2300 1486 2330 cohors

162 2338 224 2367 ista
246 2337 276 2366 V

1340 2388 1399 2417 14*-

1524 75 1563 107 26

1518 301 1552 326 ΙΙ

1521 359 1558 390 27

1516 1420 1554 1449 28
