<?xml version="1.0" encoding="UTF-8"?>
<!DOCTYPE html PUBLIC "-//W3C//DTD XHTML 1.0 Transitional//EN"
    "http://www.w3.org/TR/xhtml1/DTD/xhtml1-transitional.dtd">
<html xmlns="http://www.w3.org/1999/xhtml" xml:lang="en" lang="en">
 <head>
  <title>
</title>
<meta http-equiv="Content-Type" content="text/html;charset=utf-8" />
  <meta name='ocr-system' content='tesseract 3.04.00' />
  <meta name='ocr-capabilities' content='ocr_page ocr_carea ocr_par ocr_line ocrx_word'/>
</head>
<body>
  <div class='ocr_page' id='page_1' title='image "./orationesrecogno03ciceuoft/orationesrecogno03ciceuoft_0469.png"; bbox 0 0 1715 2734; ppageno 0'>
   <div class='ocr_carea' id='block_1_1' title="bbox 184 27 1590 71">
    <p class='ocr_par' dir='ltr' id='par_1_1' title="bbox 184 27 1590 71">
     <span class='ocr_line' id='line_1_1' title="bbox 184 27 1590 71; baseline -0.006 -3"><span class='ocrx_word' id='word_1_1' title='bbox 184 31 452 69; x_wconf 90' lang='lat' dir='ltr'><strong>ACTIONIS</strong></span> <span class='ocrx_word' id='word_1_2' title='bbox 483 30 543 67; x_wconf 96' lang='lat' dir='ltr'><strong>IN</strong></span> <span class='ocrx_word' id='word_1_3' title='bbox 573 30 618 68; x_wconf 83' lang='lat' dir='ltr'><strong>C.</strong></span> <span class='ocrx_word' id='word_1_4' title='bbox 641 29 881 66; x_wconf 89' lang='lat' dir='ltr'><strong>VERREM</strong></span> <span class='ocrx_word' id='word_1_5' title='bbox 912 27 1211 66; x_wconf 89' lang='lat' dir='ltr'>SECVNDAE</span> <span class='ocrx_word' id='word_1_6' title='bbox 1243 27 1346 64; x_wconf 90' lang='lat' dir='ltr'><strong>LIB.</strong></span> <span class='ocrx_word' id='word_1_7' title='bbox 1368 27 1405 62; x_wconf 91' lang='lat' dir='ltr'>V</span> <span class='ocrx_word' id='word_1_8' title='bbox 1455 33 1504 71; x_wconf 85' lang='lat'><strong>52</strong></span> <span class='ocrx_word' id='word_1_9' title='bbox 1530 29 1590 68; x_wconf 77' lang='lat'><strong>136</strong></span> 
     </span>
    </p>
   </div>
   <div class='ocr_carea' id='block_1_2' title="bbox 117 122 1589 2272">
    <p class='ocr_par' dir='ltr' id='par_1_2' title="bbox 117 122 1589 2005">
     <span class='ocr_line' id='line_1_2' title="bbox 239 122 1589 204; baseline -0.005 -26"><span class='ocrx_word' id='word_1_10' title='bbox 239 140 319 178; x_wconf 87' lang='lat' dir='ltr'><strong>Hic</strong></span> <span class='ocrx_word' id='word_1_11' title='bbox 349 147 389 178; x_wconf 89' lang='lat' dir='ltr'><strong>tu</strong></span> <span class='ocrx_word' id='word_1_12' title='bbox 419 140 535 178; x_wconf 87' lang='lat' dir='ltr'><strong>etiam</strong></span> <span class='ocrx_word' id='word_1_13' title='bbox 565 139 695 178; x_wconf 89' lang='lat' dir='ltr'><strong>dicere</strong></span> <span class='ocrx_word' id='word_1_14' title='bbox 714 137 889 184; x_wconf 80' lang='lat' dir='ltr'>audebis,</span> <span class='ocrx_word' id='word_1_15' title='bbox 916 139 1008 175; x_wconf 87' lang='lat' dir='ltr'><strong>‘Est</strong></span> <span class='ocrx_word' id='word_1_16' title='bbox 1034 137 1074 174; x_wconf 91' lang='lat' dir='ltr'><strong>in</strong></span> <span class='ocrx_word' id='word_1_17' title='bbox 1098 135 1293 174; x_wconf 87' lang='lat' dir='ltr'><strong>iudicibus</strong></span> <span class='ocrx_word' id='word_1_18' title='bbox 1315 135 1377 173; x_wconf 91' lang='lat' dir='ltr'><strong>ille</strong></span> <span class='ocrx_word' id='word_1_19' title='bbox 1398 134 1505 172; x_wconf 87' lang='lat' dir='ltr'><strong>farni-</strong></span> <span class='ocrx_word' id='word_1_20' title='bbox 1522 122 1589 204; x_wconf 73' lang='lat'><strong>5²6</strong></span> 
     </span>
     <span class='ocr_line' id='line_1_3' title="bbox 183 183 1566 254; baseline -0.004 -11"><span class='ocrx_word' id='word_1_21' title='bbox 183 204 284 243; x_wconf 88' lang='lat' dir='ltr'><strong>liaris</strong></span> <span class='ocrx_word' id='word_1_22' title='bbox 324 218 444 252; x_wconf 85' lang='lat' dir='ltr'><strong>meus,</strong></span> <span class='ocrx_word' id='word_1_23' title='bbox 482 212 539 243; x_wconf 88' lang='lat' dir='ltr'><strong>est</strong></span> <span class='ocrx_word' id='word_1_24' title='bbox 578 212 760 254; x_wconf 86' lang='lat' dir='ltr'><strong>paternus</strong></span> <span class='ocrx_word' id='word_1_25' title='bbox 798 202 947 240; x_wconf 86' lang='lat' dir='ltr'><strong>amicus</strong></span> <span class='ocrx_word' id='word_1_26' title='bbox 981 202 1068 240; x_wconf 91' lang='lat' dir='ltr'><strong>ille.&#39;</strong></span> <span class='ocrx_word' id='word_1_27' title='bbox 1136 203 1228 239; x_wconf 90' lang='lat' dir='ltr'><strong>Non</strong></span> <span class='ocrx_word' id='word_1_28' title='bbox 1263 208 1305 238; x_wconf 88' lang='lat' dir='ltr'><strong>ut</strong></span> <span class='ocrx_word' id='word_1_29' title='bbox 1338 200 1505 250; x_wconf 88' lang='lat' dir='ltr'><strong>quisque</strong></span> <span class='ocrx_word' id='word_1_30' title='bbox 1528 183 1566 214; x_wconf 69' lang='lat'><strong>13</strong></span> 
     </span>
     <span class='ocr_line' id='line_1_4' title="bbox 184 263 1505 319; baseline -0.005 -12"><span class='ocrx_word' id='word_1_31' title='bbox 184 269 352 308; x_wconf 83' lang='lat' dir='ltr'><strong>maxime</strong></span> <span class='ocrx_word' id='word_1_32' title='bbox 373 277 430 307; x_wconf 89' lang='lat' dir='ltr'><strong>est</strong></span> <span class='ocrx_word' id='word_1_33' title='bbox 460 269 618 319; x_wconf 86' lang='lat' dir='ltr'><strong>quicum</strong></span> <span class='ocrx_word' id='word_1_34' title='bbox 646 268 716 306; x_wconf 90' lang='lat' dir='ltr'><strong>tibi</strong></span> <span class='ocrx_word' id='word_1_35' title='bbox 746 267 895 317; x_wconf 88' lang='lat' dir='ltr'><strong>aliquid</strong></span> <span class='ocrx_word' id='word_1_36' title='bbox 925 266 983 313; x_wconf 89' lang='lat' dir='ltr'><strong>sit,</strong></span> <span class='ocrx_word' id='word_1_37' title='bbox 1008 265 1061 304; x_wconf 84' lang='lat' dir='ltr'><strong>ita</strong></span> <span class='ocrx_word' id='word_1_38' title='bbox 1085 273 1122 304; x_wconf 91' lang='lat' dir='ltr'><strong>te</strong></span> <span class='ocrx_word' id='word_1_39' title='bbox 1143 265 1182 303; x_wconf 90' lang='lat' dir='ltr'><strong>in</strong></span> <span class='ocrx_word' id='word_1_40' title='bbox 1209 265 1372 302; x_wconf 84' lang='lat' dir='ltr'><strong>huiusce</strong></span> <span class='ocrx_word' id='word_1_41' title='bbox 1396 263 1505 302; x_wconf 90' lang='lat' dir='ltr'><strong>modi</strong></span> 
     </span>
     <span class='ocr_line' id='line_1_5' title="bbox 183 330 1505 386; baseline -0.003 -15"><span class='ocrx_word' id='word_1_42' title='bbox 183 333 345 372; x_wconf 89' lang='lat' dir='ltr'><strong>crimine</strong></span> <span class='ocrx_word' id='word_1_43' title='bbox 366 334 533 371; x_wconf 77' lang='lat' dir='ltr'>maxime</span> <span class='ocrx_word' id='word_1_44' title='bbox 553 333 635 371; x_wconf 90' lang='lat' dir='ltr'><strong>eius</strong></span> <span class='ocrx_word' id='word_1_45' title='bbox 663 334 813 383; x_wconf 88' lang='lat' dir='ltr'><strong>pudet?</strong></span> <span class='ocrx_word' id='word_1_46' title='bbox 872 334 1081 369; x_wconf 81' lang='lat' dir='ltr'>‘Paternus</span> <span class='ocrx_word' id='word_1_47' title='bbox 1106 330 1254 368; x_wconf 88' lang='lat' dir='ltr'><strong>amicus</strong></span> <span class='ocrx_word' id='word_1_48' title='bbox 1273 331 1356 386; x_wconf 58' lang='lat' dir='ltr'><strong>est)</strong></span> <span class='ocrx_word' id='word_1_49' title='bbox 1414 331 1505 379; x_wconf 91' lang='lat' dir='ltr'><strong>Ipse</strong></span> 
     </span>
     <span class='ocr_line' id='line_1_6' title="bbox 144 395 1507 448; baseline -0.003 -12"><span class='ocrx_word' id='word_1_50' title='bbox 144 414 162 445; x_wconf 86' lang='lat'>5</span> <span class='ocrx_word' id='word_1_51' title='bbox 183 406 291 448; x_wconf 86' lang='lat' dir='ltr'><strong>pater</strong></span> <span class='ocrx_word' id='word_1_52' title='bbox 320 398 351 436; x_wconf 88' lang='lat' dir='ltr'><strong>si</strong></span> <span class='ocrx_word' id='word_1_53' title='bbox 380 398 581 445; x_wconf 82' lang='lat' dir='ltr'><strong>iudicaret,</strong></span> <span class='ocrx_word' id='word_1_54' title='bbox 603 412 670 447; x_wconf 91' lang='lat' dir='ltr'><strong>per</strong></span> <span class='ocrx_word' id='word_1_55' title='bbox 696 399 791 436; x_wconf 92' lang='lat' dir='ltr'><strong>deos</strong></span> <span class='ocrx_word' id='word_1_56' title='bbox 819 396 1062 444; x_wconf 84' lang='lat' dir='ltr'><strong>immortalis,</strong></span> <span class='ocrx_word' id='word_1_57' title='bbox 1083 395 1178 446; x_wconf 92' lang='lat' dir='ltr'><strong>quid</strong></span> <span class='ocrx_word' id='word_1_58' title='bbox 1199 397 1325 433; x_wconf 86' lang='lat' dir='ltr'><strong>facere</strong></span> <span class='ocrx_word' id='word_1_59' title='bbox 1345 396 1507 445; x_wconf 87' lang='lat' dir='ltr'><strong>posset?</strong></span> 
     </span>
     <span class='ocr_line' id='line_1_7' title="bbox 182 459 1506 512; baseline -0.004 -10"><span class='ocrx_word' id='word_1_60' title='bbox 182 464 286 502; x_wconf 89' lang='lat' dir='ltr'><strong>Cum</strong></span> <span class='ocrx_word' id='word_1_61' title='bbox 321 463 390 502; x_wconf 86' lang='lat' dir='ltr'><strong>tibi</strong></span> <span class='ocrx_word' id='word_1_62' title='bbox 425 465 521 501; x_wconf 84' lang='lat' dir='ltr'><strong>haec</strong></span> <span class='ocrx_word' id='word_1_63' title='bbox 556 463 712 510; x_wconf 88' lang='lat' dir='ltr'><strong>diceret,</strong></span> <span class='ocrx_word' id='word_1_64' title='bbox 748 464 831 500; x_wconf 92' lang='lat' dir='ltr'><strong>‘Tu</strong></span> <span class='ocrx_word' id='word_1_65' title='bbox 863 462 902 500; x_wconf 87' lang='lat' dir='ltr'><strong>in</strong></span> <span class='ocrx_word' id='word_1_66' title='bbox 936 461 1135 512; x_wconf 88' lang='lat' dir='ltr'><strong>provincia</strong></span> <span class='ocrx_word' id='word_1_67' title='bbox 1164 460 1298 511; x_wconf 90' lang='lat' dir='ltr'><strong>populi</strong></span> <span class='ocrx_word' id='word_1_68' title='bbox 1334 459 1506 498; x_wconf 88' lang='lat' dir='ltr'><strong>Romani</strong></span> 
     </span>
     <span class='ocr_line' id='line_1_8' title="bbox 182 525 1503 578; baseline -0.002 -13"><span class='ocrx_word' id='word_1_69' title='bbox 182 536 346 578; x_wconf 85' lang='lat' dir='ltr'><strong>praetor,</strong></span> <span class='ocrx_word' id='word_1_70' title='bbox 368 542 457 565; x_wconf 90' lang='lat' dir='ltr'><strong>cum</strong></span> <span class='ocrx_word' id='word_1_71' title='bbox 486 528 553 565; x_wconf 90' lang='lat' dir='ltr'><strong>tibi</strong></span> <span class='ocrx_word' id='word_1_72' title='bbox 584 527 820 565; x_wconf 86' lang='lat' dir='ltr'><strong>maritimum</strong></span> <span class='ocrx_word' id='word_1_73' title='bbox 848 528 994 565; x_wconf 89' lang='lat' dir='ltr'><strong>bellum</strong></span> <span class='ocrx_word' id='word_1_74' title='bbox 1016 534 1117 564; x_wconf 85' lang='lat' dir='ltr'><strong>esset</strong></span> <span class='ocrx_word' id='word_1_75' title='bbox 1136 525 1503 572; x_wconf 86' lang='lat' dir='ltr'><strong>administrandum,</strong></span> 
     </span>
     <span class='ocr_line' id='line_1_9' title="bbox 184 589 1505 641; baseline -0.002 -11"><span class='ocrx_word' id='word_1_76' title='bbox 184 593 429 630; x_wconf 78' lang='lat' dir='ltr'>Mamertinis</span> <span class='ocrx_word' id='word_1_77' title='bbox 450 607 496 630; x_wconf 82' lang='lat' dir='ltr'><strong>ex</strong></span> <span class='ocrx_word' id='word_1_78' title='bbox 516 594 673 630; x_wconf 87' lang='lat' dir='ltr'><strong>foedere</strong></span> <span class='ocrx_word' id='word_1_79' title='bbox 694 606 811 641; x_wconf 87' lang='lat' dir='ltr'><strong>quam</strong></span> <span class='ocrx_word' id='word_1_80' title='bbox 833 592 1021 629; x_wconf 89' lang='lat' dir='ltr'><strong>deberent</strong></span> <span class='ocrx_word' id='word_1_81' title='bbox 1046 604 1185 628; x_wconf 90' lang='lat' dir='ltr'><strong>navem</strong></span> <span class='ocrx_word' id='word_1_82' title='bbox 1206 603 1274 640; x_wconf 92' lang='lat' dir='ltr'><strong>per</strong></span> <span class='ocrx_word' id='word_1_83' title='bbox 1294 589 1505 628; x_wconf 87' lang='lat' dir='ltr'><strong>triennium</strong></span> 
     </span>
     <span class='ocr_line' id='line_1_10' title="bbox 182 654 1505 706; baseline -0.002 -12"><span class='ocrx_word' id='word_1_84' title='bbox 182 657 373 701; x_wconf 66' lang='lat' dir='ltr'><strong>remisisti,</strong></span> <span class='ocrx_word' id='word_1_85' title='bbox 398 657 467 694; x_wconf 89' lang='lat' dir='ltr'><strong>tibi</strong></span> <span class='ocrx_word' id='word_1_86' title='bbox 495 658 600 706; x_wconf 88' lang='lat' dir='ltr'><strong>apud</strong></span> <span class='ocrx_word' id='word_1_87' title='bbox 628 658 788 694; x_wconf 91' lang='lat' dir='ltr'><strong>eosdem</strong></span> <span class='ocrx_word' id='word_1_88' title='bbox 816 656 965 705; x_wconf 88' lang='lat' dir='ltr'><strong>privata</strong></span> <span class='ocrx_word' id='word_1_89' title='bbox 995 656 1101 694; x_wconf 90' lang='lat' dir='ltr'><strong>navis</strong></span> <span class='ocrx_word' id='word_1_90' title='bbox 1132 654 1307 693; x_wconf 88' lang='lat' dir='ltr'><strong>oneraria</strong></span> <span class='ocrx_word' id='word_1_91' title='bbox 1336 654 1505 692; x_wconf 87' lang='lat' dir='ltr'><strong>maxima</strong></span> 
     </span>
     <span class='ocr_line' id='line_1_11' title="bbox 182 719 1504 771; baseline -0.001 -12"><span class='ocrx_word' id='word_1_92' title='bbox 182 722 339 771; x_wconf 89' lang='lat' dir='ltr'><strong>publice</strong></span> <span class='ocrx_word' id='word_1_93' title='bbox 378 730 435 760; x_wconf 85' lang='lat' dir='ltr'><strong>est</strong></span> <span class='ocrx_word' id='word_1_94' title='bbox 476 721 691 767; x_wconf 87' lang='lat' dir='ltr'><strong>aedificata,</strong></span> <span class='ocrx_word' id='word_1_95' title='bbox 732 729 773 759; x_wconf 87' lang='lat' dir='ltr'><strong>tu</strong></span> <span class='ocrx_word' id='word_1_96' title='bbox 812 734 835 758; x_wconf 91' lang='lat' dir='ltr'><strong>a</strong></span> <span class='ocrx_word' id='word_1_97' title='bbox 873 721 1094 759; x_wconf 80' lang='lat' dir='ltr'><strong>civitatibus</strong></span> <span class='ocrx_word' id='word_1_98' title='bbox 1139 719 1325 769; x_wconf 77' lang='lat' dir='ltr'>pecunias</span> <span class='ocrx_word' id='word_1_99' title='bbox 1370 719 1504 758; x_wconf 89' lang='lat' dir='ltr'><strong>classis</strong></span> 
     </span>
     <span class='ocr_line' id='line_1_12' title="bbox 183 784 1504 835; baseline -0.001 -12"><span class='ocrx_word' id='word_1_100' title='bbox 183 786 343 824; x_wconf 87' lang='lat' dir='ltr'><strong>nomine</strong></span> <span class='ocrx_word' id='word_1_101' title='bbox 371 785 541 835; x_wconf 77' lang='lat' dir='ltr'><strong>coegisti,</strong></span> <span class='ocrx_word' id='word_1_102' title='bbox 564 793 604 823; x_wconf 87' lang='lat' dir='ltr'><strong>tu</strong></span> <span class='ocrx_word' id='word_1_103' title='bbox 632 785 757 834; x_wconf 88' lang='lat' dir='ltr'><strong>pretio</strong></span> <span class='ocrx_word' id='word_1_104' title='bbox 785 785 948 835; x_wconf 76' lang='lat' dir='ltr'><strong>remiges</strong></span> <span class='ocrx_word' id='word_1_105' title='bbox 976 785 1167 831; x_wconf 79' lang='lat' dir='ltr'><strong>dimisisti,</strong></span> <span class='ocrx_word' id='word_1_106' title='bbox 1195 792 1247 831; x_wconf 89' lang='lat' dir='ltr'><strong>tu,</strong></span> <span class='ocrx_word' id='word_1_107' title='bbox 1277 784 1504 823; x_wconf 82' lang='lat' dir='ltr'><strong>naviscum</strong></span> 
     </span>
     <span class='ocr_line' id='line_1_13' title="bbox 182 849 1504 900; baseline -0.002 -11"><span class='ocrx_word' id='word_1_108' title='bbox 182 858 283 889; x_wconf 88' lang='lat' dir='ltr'><strong>esset</strong></span> <span class='ocrx_word' id='word_1_109' title='bbox 303 851 353 888; x_wconf 92' lang='lat' dir='ltr'><strong>ab</strong></span> <span class='ocrx_word' id='word_1_110' title='bbox 375 858 579 900; x_wconf 77' lang='lat' dir='ltr'><strong>quaestore</strong></span> <span class='ocrx_word' id='word_1_111' title='bbox 600 858 637 888; x_wconf 88' lang='lat' dir='ltr'><strong>et</strong></span> <span class='ocrx_word' id='word_1_112' title='bbox 658 851 707 888; x_wconf 94' lang='lat' dir='ltr'><strong>ab</strong></span> <span class='ocrx_word' id='word_1_113' title='bbox 728 852 856 900; x_wconf 85' lang='lat' dir='ltr'><strong>legato</strong></span> <span class='ocrx_word' id='word_1_114' title='bbox 877 858 991 900; x_wconf 89' lang='lat' dir='ltr'><strong>capta</strong></span> <span class='ocrx_word' id='word_1_115' title='bbox 1018 852 1275 900; x_wconf 88' lang='lat' dir='ltr'><strong>praedonum,</strong></span> <span class='ocrx_word' id='word_1_116' title='bbox 1298 849 1504 900; x_wconf 88' lang='lat' dir='ltr'><strong>archipira-</strong></span> 
     </span>
     <span class='ocr_line' id='line_1_14' title="bbox 182 915 1501 965; baseline 0.001 -12"><span class='ocrx_word' id='word_1_117' title='bbox 182 923 260 953; x_wconf 86' lang='lat' dir='ltr'><strong>tam</strong></span> <span class='ocrx_word' id='word_1_118' title='bbox 299 917 349 953; x_wconf 86' lang='lat' dir='ltr'><strong>ab</strong></span> <span class='ocrx_word' id='word_1_119' title='bbox 383 915 505 954; x_wconf 86' lang='lat' dir='ltr'><strong>oculis</strong></span> <span class='ocrx_word' id='word_1_120' title='bbox 540 915 717 953; x_wconf 89' lang='lat' dir='ltr'><strong>omnium</strong></span> <span class='ocrx_word' id='word_1_121' title='bbox 756 915 964 962; x_wconf 83' lang='lat' dir='ltr'><strong>removisti,</strong></span> <span class='ocrx_word' id='word_1_122' title='bbox 1003 922 1055 962; x_wconf 86' lang='lat' dir='ltr'><strong>tu,</strong></span> <span class='ocrx_word' id='word_1_123' title='bbox 1090 915 1157 965; x_wconf 91' lang='lat' dir='ltr'><strong>qui</strong></span> <span class='ocrx_word' id='word_1_124' title='bbox 1191 915 1295 953; x_wconf 87' lang='lat' dir='ltr'><strong>cives</strong></span> <span class='ocrx_word' id='word_1_125' title='bbox 1330 915 1501 954; x_wconf 86' lang='lat' dir='ltr'><strong>Romani</strong></span> 
     </span>
     <span class='ocr_line' id='line_1_15' title="bbox 180 979 1503 1029; baseline 0.001 -12"><span class='ocrx_word' id='word_1_126' title='bbox 180 994 265 1018; x_wconf 88' lang='lat' dir='ltr'><strong>esse</strong></span> <span class='ocrx_word' id='word_1_127' title='bbox 294 980 524 1026; x_wconf 84' lang='lat' dir='ltr'><strong>dicerentur,</strong></span> <span class='ocrx_word' id='word_1_128' title='bbox 557 979 623 1029; x_wconf 93' lang='lat' dir='ltr'><strong>qui</strong></span> <span class='ocrx_word' id='word_1_129' title='bbox 652 993 675 1017; x_wconf 89' lang='lat' dir='ltr'><strong>a</strong></span> <span class='ocrx_word' id='word_1_130' title='bbox 705 979 836 1017; x_wconf 91' lang='lat' dir='ltr'><strong>multis</strong></span> <span class='ocrx_word' id='word_1_131' title='bbox 866 987 1205 1029; x_wconf 82' lang='lat' dir='ltr'><strong>cognoscerentur,</strong></span> <span class='ocrx_word' id='word_1_132' title='bbox 1237 979 1361 1017; x_wconf 88' lang='lat' dir='ltr'><strong>securi</strong></span> <span class='ocrx_word' id='word_1_133' title='bbox 1391 979 1503 1018; x_wconf 89' lang='lat' dir='ltr'><strong>ferire</strong></span> 
     </span>
     <span class='ocr_line' id='line_1_16' title="bbox 141 1044 1502 1095; baseline 0 -13"><span class='ocrx_word' id='word_1_134' title='bbox 141 1065 156 1095; x_wconf 83' lang='lat'><strong>.&#39;</strong></span> <span class='ocrx_word' id='word_1_135' title='bbox 180 1045 351 1095; x_wconf 86' lang='lat' dir='ltr'><strong>potuisti,</strong></span> <span class='ocrx_word' id='word_1_136' title='bbox 374 1053 414 1082; x_wconf 87' lang='lat' dir='ltr'><strong>tu</strong></span> <span class='ocrx_word' id='word_1_137' title='bbox 444 1052 550 1082; x_wconf 88' lang='lat' dir='ltr'><strong>tuam</strong></span> <span class='ocrx_word' id='word_1_138' title='bbox 581 1046 745 1082; x_wconf 91' lang='lat' dir='ltr'><strong>domum</strong></span> <span class='ocrx_word' id='word_1_139' title='bbox 775 1044 917 1093; x_wconf 83' lang='lat' dir='ltr'><strong>piratas</strong></span> <span class='ocrx_word' id='word_1_140' title='bbox 946 1045 1154 1091; x_wconf 82' lang='lat' dir='ltr'><strong>abducere,</strong></span> <span class='ocrx_word' id='word_1_141' title='bbox 1177 1052 1217 1082; x_wconf 90' lang='lat' dir='ltr'><strong>tu</strong></span> <span class='ocrx_word' id='word_1_142' title='bbox 1246 1044 1285 1081; x_wconf 91' lang='lat' dir='ltr'><strong>in</strong></span> <span class='ocrx_word' id='word_1_143' title='bbox 1313 1044 1502 1082; x_wconf 90' lang='lat' dir='ltr'><strong>iudicium</strong></span> 
     </span>
     <span class='ocr_line' id='line_1_17' title="bbox 178 1109 1503 1160; baseline 0 -13"><span class='ocrx_word' id='word_1_144' title='bbox 178 1109 451 1160; x_wconf 77' lang='lat' dir='ltr'><strong>archipiratam</strong></span> <span class='ocrx_word' id='word_1_145' title='bbox 491 1111 613 1148; x_wconf 90' lang='lat' dir='ltr'><strong>domo</strong></span> <span class='ocrx_word' id='word_1_146' title='bbox 651 1111 867 1159; x_wconf 89' lang='lat' dir='ltr'><strong>producere</strong></span> <span class='ocrx_word' id='word_1_147' title='bbox 900 1123 1017 1147; x_wconf 87' lang='lat' dir='ltr'><strong>ausus</strong></span> <span class='ocrx_word' id='word_1_148' title='bbox 1056 1123 1108 1156; x_wconf 90' lang='lat' dir='ltr'><strong>es,</strong></span> <span class='ocrx_word' id='word_1_149' title='bbox 1144 1117 1185 1148; x_wconf 92' lang='lat' dir='ltr'><strong>tu</strong></span> <span class='ocrx_word' id='word_1_150' title='bbox 1225 1109 1263 1147; x_wconf 91' lang='lat' dir='ltr'><strong>in</strong></span> <span class='ocrx_word' id='word_1_151' title='bbox 1303 1109 1503 1159; x_wconf 88' lang='lat' dir='ltr'><strong>provincia</strong></span> 
     </span>
     <span class='ocr_line' id='line_1_18' title="bbox 179 1173 1583 1225; baseline -0.001 -13"><span class='ocrx_word' id='word_1_152' title='bbox 179 1181 259 1212; x_wconf 86' lang='lat' dir='ltr'><strong>tarn</strong></span> <span class='ocrx_word' id='word_1_153' title='bbox 289 1174 505 1225; x_wconf 86' lang='lat' dir='ltr'><strong>splendida,</strong></span> <span class='ocrx_word' id='word_1_154' title='bbox 534 1181 575 1212; x_wconf 89' lang='lat' dir='ltr'><strong>tu</strong></span> <span class='ocrx_word' id='word_1_155' title='bbox 601 1175 708 1223; x_wconf 89' lang='lat' dir='ltr'><strong>apud</strong></span> <span class='ocrx_word' id='word_1_156' title='bbox 735 1173 862 1212; x_wconf 92' lang='lat' dir='ltr'><strong>socios</strong></span> <span class='ocrx_word' id='word_1_157' title='bbox 889 1173 1149 1220; x_wconf 87' lang='lat' dir='ltr'><strong>fidelissimos,</strong></span> <span class='ocrx_word' id='word_1_158' title='bbox 1174 1173 1268 1212; x_wconf 89' lang='lat' dir='ltr'><strong>civis</strong></span> <span class='ocrx_word' id='word_1_159' title='bbox 1297 1175 1501 1212; x_wconf 89' lang='lat' dir='ltr'><strong>Romanos</strong></span> <span class='ocrx_word' id='word_1_160' title='bbox 1525 1183 1583 1217; x_wconf 82' lang='lat'><strong>137</strong></span> 
     </span>
     <span class='ocr_line' id='line_1_19' title="bbox 179 1239 1500 1290; baseline 0 -13"><span class='ocrx_word' id='word_1_161' title='bbox 179 1239 487 1286; x_wconf 86' lang='lat' dir='ltr'><strong>honestissimos,</strong></span> <span class='ocrx_word' id='word_1_162' title='bbox 505 1239 543 1276; x_wconf 93' lang='lat' dir='ltr'><strong>in</strong></span> <span class='ocrx_word' id='word_1_163' title='bbox 561 1247 667 1277; x_wconf 88' lang='lat' dir='ltr'><strong>metu</strong></span> <span class='ocrx_word' id='word_1_164' title='bbox 684 1239 937 1290; x_wconf 89' lang='lat' dir='ltr'><strong>periculoque</strong></span> <span class='ocrx_word' id='word_1_165' title='bbox 952 1239 1175 1290; x_wconf 90' lang='lat' dir='ltr'><strong>provinciae</strong></span> <span class='ocrx_word' id='word_1_166' title='bbox 1191 1239 1275 1278; x_wconf 91' lang='lat' dir='ltr'><strong>dies</strong></span> <span class='ocrx_word' id='word_1_167' title='bbox 1291 1239 1500 1278; x_wconf 90' lang='lat' dir='ltr'><strong>continuos</strong></span> 
     </span>
     <span class='ocr_line' id='line_1_20' title="bbox 178 1303 1499 1354; baseline 0.001 -13"><span class='ocrx_word' id='word_1_168' title='bbox 178 1303 389 1354; x_wconf 88' lang='lat' dir='ltr'><strong>compluris</strong></span> <span class='ocrx_word' id='word_1_169' title='bbox 420 1303 459 1341; x_wconf 91' lang='lat' dir='ltr'><strong>in</strong></span> <span class='ocrx_word' id='word_1_170' title='bbox 489 1304 600 1341; x_wconf 89' lang='lat' dir='ltr'><strong>litore</strong></span> <span class='ocrx_word' id='word_1_171' title='bbox 629 1303 896 1354; x_wconf 85' lang='lat' dir='ltr'><strong>conviviisque</strong></span> <span class='ocrx_word' id='word_1_172' title='bbox 930 1304 1093 1352; x_wconf 83' lang='lat' dir='ltr'><strong>iacuisti,</strong></span> <span class='ocrx_word' id='word_1_173' title='bbox 1128 1311 1166 1342; x_wconf 86' lang='lat' dir='ltr'><strong>te</strong></span> <span class='ocrx_word' id='word_1_174' title='bbox 1204 1318 1272 1354; x_wconf 89' lang='lat' dir='ltr'><strong>per</strong></span> <span class='ocrx_word' id='word_1_175' title='bbox 1310 1318 1377 1343; x_wconf 92' lang='lat' dir='ltr'><strong>eos</strong></span> <span class='ocrx_word' id='word_1_176' title='bbox 1416 1304 1499 1343; x_wconf 90' lang='lat' dir='ltr'><strong>dies</strong></span> 
     </span>
     <span class='ocr_line' id='line_1_21' title="bbox 179 1368 1499 1419; baseline 0.002 -14"><span class='ocrx_word' id='word_1_177' title='bbox 179 1382 298 1406; x_wconf 89' lang='lat' dir='ltr'><strong>nemo</strong></span> <span class='ocrx_word' id='word_1_178' title='bbox 322 1376 411 1406; x_wconf 89' lang='lat' dir='ltr'><strong>tuae</strong></span> <span class='ocrx_word' id='word_1_179' title='bbox 435 1368 543 1406; x_wconf 92' lang='lat' dir='ltr'><strong>domi</strong></span> <span class='ocrx_word' id='word_1_180' title='bbox 568 1368 788 1416; x_wconf 86' lang='lat' dir='ltr'><strong>convenire,</strong></span> <span class='ocrx_word' id='word_1_181' title='bbox 810 1382 929 1407; x_wconf 89' lang='lat' dir='ltr'><strong>nemo</strong></span> <span class='ocrx_word' id='word_1_182' title='bbox 956 1369 995 1406; x_wconf 89' lang='lat' dir='ltr'><strong>in</strong></span> <span class='ocrx_word' id='word_1_183' title='bbox 1023 1370 1107 1407; x_wconf 90' lang='lat' dir='ltr'><strong>foro</strong></span> <span class='ocrx_word' id='word_1_184' title='bbox 1133 1369 1264 1407; x_wconf 89' lang='lat' dir='ltr'><strong>videre</strong></span> <span class='ocrx_word' id='word_1_185' title='bbox 1291 1368 1429 1419; x_wconf 87' lang='lat' dir='ltr'><strong>potuit,</strong></span> <span class='ocrx_word' id='word_1_186' title='bbox 1457 1377 1499 1408; x_wconf 92' lang='lat' dir='ltr'><strong>tu</strong></span> 
     </span>
     <span class='ocr_line' id='line_1_22' title="bbox 178 1433 1498 1483; baseline 0.002 -13"><span class='ocrx_word' id='word_1_187' title='bbox 178 1433 372 1471; x_wconf 83' lang='lat' dir='ltr'><strong>sociorum</strong></span> <span class='ocrx_word' id='word_1_188' title='bbox 401 1442 518 1483; x_wconf 89' lang='lat' dir='ltr'><strong>atque</strong></span> <span class='ocrx_word' id='word_1_189' title='bbox 552 1433 767 1471; x_wconf 89' lang='lat' dir='ltr'><strong>amicorum</strong></span> <span class='ocrx_word' id='word_1_190' title='bbox 801 1435 852 1472; x_wconf 91' lang='lat' dir='ltr'><strong>ad</strong></span> <span class='ocrx_word' id='word_1_191' title='bbox 881 1448 926 1472; x_wconf 89' lang='lat' dir='ltr'><strong>ea</strong></span> <span class='ocrx_word' id='word_1_192' title='bbox 955 1434 1133 1472; x_wconf 89' lang='lat' dir='ltr'><strong>convivia</strong></span> <span class='ocrx_word' id='word_1_193' title='bbox 1163 1442 1304 1472; x_wconf 88' lang='lat' dir='ltr'><strong>matres</strong></span> <span class='ocrx_word' id='word_1_194' title='bbox 1333 1434 1498 1473; x_wconf 88' lang='lat' dir='ltr'><strong>familias</strong></span> 
     </span>
     <span class='ocr_line' id='line_1_23' title="bbox 176 1498 1497 1549; baseline 0.002 -14"><span class='ocrx_word' id='word_1_195' title='bbox 176 1498 400 1544; x_wconf 84' lang='lat' dir='ltr'><strong>adhibuisti,</strong></span> <span class='ocrx_word' id='word_1_196' title='bbox 422 1506 463 1535; x_wconf 89' lang='lat' dir='ltr'><strong>tu</strong></span> <span class='ocrx_word' id='word_1_197' title='bbox 493 1498 591 1536; x_wconf 92' lang='lat' dir='ltr'><strong>inter</strong></span> <span class='ocrx_word' id='word_1_198' title='bbox 619 1500 700 1536; x_wconf 91' lang='lat' dir='ltr'><strong>eius</strong></span> <span class='ocrx_word' id='word_1_199' title='bbox 731 1498 839 1537; x_wconf 92' lang='lat' dir='ltr'><strong>modi</strong></span> <span class='ocrx_word' id='word_1_200' title='bbox 870 1499 1049 1538; x_wconf 90' lang='lat' dir='ltr'><strong>mulieres</strong></span> <span class='ocrx_word' id='word_1_201' title='bbox 1076 1507 1358 1549; x_wconf 82' lang='lat' dir='ltr'><strong>praetextatum</strong></span> <span class='ocrx_word' id='word_1_202' title='bbox 1386 1507 1497 1538; x_wconf 88' lang='lat' dir='ltr'><strong>tuum</strong></span> 
     </span>
     <span class='ocr_line' id='line_1_24' title="bbox 176 1563 1499 1613; baseline 0.002 -13"><span class='ocrx_word' id='word_1_203' title='bbox 176 1563 309 1609; x_wconf 79' lang='lat' dir='ltr'><strong>filium,</strong></span> <span class='ocrx_word' id='word_1_204' title='bbox 335 1572 518 1613; x_wconf 81' lang='lat' dir='ltr'><strong>nepotem</strong></span> <span class='ocrx_word' id='word_1_205' title='bbox 542 1578 684 1610; x_wconf 82' lang='lat' dir='ltr'><strong>meum,</strong></span> <span class='ocrx_word' id='word_1_206' title='bbox 707 1564 972 1611; x_wconf 65' lang='lat' dir='ltr'><strong>conlocavisd,</strong></span> <span class='ocrx_word' id='word_1_207' title='bbox 994 1572 1036 1602; x_wconf 91' lang='lat' dir='ltr'><strong>ut</strong></span> <span class='ocrx_word' id='word_1_208' title='bbox 1056 1564 1173 1602; x_wconf 89' lang='lat' dir='ltr'><strong>aetati</strong></span> <span class='ocrx_word' id='word_1_209' title='bbox 1195 1564 1363 1603; x_wconf 80' lang='lat' dir='ltr'><strong>maxime</strong></span> <span class='ocrx_word' id='word_1_210' title='bbox 1383 1564 1499 1604; x_wconf 84' lang='lat' dir='ltr'><strong>lubri-</strong></span> 
     </span>
     <span class='ocr_line' id='line_1_25' title="bbox 176 1628 1497 1680; baseline 0.002 -14"><span class='ocrx_word' id='word_1_211' title='bbox 176 1642 244 1666; x_wconf 85' lang='lat' dir='ltr'><strong>cae</strong></span> <span class='ocrx_word' id='word_1_212' title='bbox 264 1636 382 1678; x_wconf 87' lang='lat' dir='ltr'><strong>atque</strong></span> <span class='ocrx_word' id='word_1_213' title='bbox 403 1628 571 1667; x_wconf 87' lang='lat' dir='ltr'><strong>incertae</strong></span> <span class='ocrx_word' id='word_1_214' title='bbox 588 1631 765 1678; x_wconf 81' lang='lat' dir='ltr'><strong>exempla</strong></span> <span class='ocrx_word' id='word_1_215' title='bbox 781 1629 978 1678; x_wconf 84' lang='lat' dir='ltr'><strong>nequitiae</strong></span> <span class='ocrx_word' id='word_1_216' title='bbox 1000 1630 1169 1678; x_wconf 87' lang='lat' dir='ltr'><strong>parentis</strong></span> <span class='ocrx_word' id='word_1_217' title='bbox 1185 1630 1263 1668; x_wconf 89' lang='lat' dir='ltr'><strong>vita</strong></span> <span class='ocrx_word' id='word_1_218' title='bbox 1284 1631 1497 1680; x_wconf 88' lang='lat' dir='ltr'><strong>praeberet,</strong></span> 
     </span>
     <span class='ocr_line' id='line_1_26' title="bbox 117 1694 1497 1745; baseline 0.001 -14"><span class='ocrx_word' id='word_1_219' title='bbox 117 1711 154 1741; x_wconf 83' lang='lat'><strong>25</strong></span> <span class='ocrx_word' id='word_1_220' title='bbox 176 1701 216 1731; x_wconf 92' lang='lat' dir='ltr'><strong>tu</strong></span> <span class='ocrx_word' id='word_1_221' title='bbox 238 1702 391 1743; x_wconf 83' lang='lat' dir='ltr'><strong>praetor</strong></span> <span class='ocrx_word' id='word_1_222' title='bbox 412 1694 450 1731; x_wconf 88' lang='lat' dir='ltr'><strong>in</strong></span> <span class='ocrx_word' id='word_1_223' title='bbox 473 1694 671 1743; x_wconf 77' lang='lat' dir='ltr'><strong>provincia</strong></span> <span class='ocrx_word' id='word_1_224' title='bbox 692 1709 780 1732; x_wconf 86' lang='lat' dir='ltr'><strong>cum</strong></span> <span class='ocrx_word' id='word_1_225' title='bbox 804 1695 936 1733; x_wconf 86' lang='lat' dir='ltr'><strong>tunica</strong></span> <span class='ocrx_word' id='word_1_226' title='bbox 959 1695 1156 1745; x_wconf 87' lang='lat' dir='ltr'><strong>pallioque</strong></span> <span class='ocrx_word' id='word_1_227' title='bbox 1178 1709 1372 1745; x_wconf 86' lang='lat' dir='ltr'><strong>purpureo</strong></span> <span class='ocrx_word' id='word_1_228' title='bbox 1393 1695 1497 1734; x_wconf 91' lang='lat' dir='ltr'><strong>visus</strong></span> 
     </span>
     <span class='ocr_line' id='line_1_27' title="bbox 175 1759 1495 1809; baseline 0.002 -13"><span class='ocrx_word' id='word_1_229' title='bbox 175 1773 226 1805; x_wconf 91' lang='lat' dir='ltr'><strong>es,</strong></span> <span class='ocrx_word' id='word_1_230' title='bbox 245 1767 285 1796; x_wconf 84' lang='lat' dir='ltr'><strong>tu</strong></span> <span class='ocrx_word' id='word_1_231' title='bbox 307 1766 462 1808; x_wconf 87' lang='lat' dir='ltr'><strong>propter</strong></span> <span class='ocrx_word' id='word_1_232' title='bbox 482 1772 655 1797; x_wconf 91' lang='lat' dir='ltr'><strong>amorem</strong></span> <span class='ocrx_word' id='word_1_233' title='bbox 677 1759 962 1809; x_wconf 83' lang='lat' dir='ltr'><strong>libidinemque</strong></span> <span class='ocrx_word' id='word_1_234' title='bbox 983 1767 1089 1797; x_wconf 88' lang='lat' dir='ltr'><strong>tuam</strong></span> <span class='ocrx_word' id='word_1_235' title='bbox 1111 1759 1316 1809; x_wconf 88' lang='lat' dir='ltr'><strong>imperium</strong></span> <span class='ocrx_word' id='word_1_236' title='bbox 1339 1761 1495 1798; x_wconf 88' lang='lat' dir='ltr'><strong>navium</strong></span> 
     </span>
     <span class='ocr_line' id='line_1_28' title="bbox 174 1823 1497 1874; baseline 0.002 -14"><span class='ocrx_word' id='word_1_237' title='bbox 174 1825 301 1873; x_wconf 80' lang='lat' dir='ltr'><strong>legato</strong></span> <span class='ocrx_word' id='word_1_238' title='bbox 334 1823 468 1873; x_wconf 89' lang='lat' dir='ltr'><strong>populi</strong></span> <span class='ocrx_word' id='word_1_239' title='bbox 505 1824 674 1861; x_wconf 86' lang='lat' dir='ltr'><strong>Romani</strong></span> <span class='ocrx_word' id='word_1_240' title='bbox 708 1824 900 1871; x_wconf 87' lang='lat' dir='ltr'><strong>ademisti,</strong></span> <span class='ocrx_word' id='word_1_241' title='bbox 931 1826 1173 1874; x_wconf 87' lang='lat' dir='ltr'><strong>Syracusano</strong></span> <span class='ocrx_word' id='word_1_242' title='bbox 1207 1825 1410 1872; x_wconf 79' lang='lat' dir='ltr'><strong>tradidisti,</strong></span> <span class='ocrx_word' id='word_1_243' title='bbox 1441 1825 1497 1863; x_wconf 87' lang='lat' dir='ltr'><strong>tui</strong></span> 
     </span>
     <span class='ocr_line' id='line_1_29' title="bbox 174 1888 1495 1939; baseline 0.002 -13"><span class='ocrx_word' id='word_1_244' title='bbox 174 1888 315 1926; x_wconf 87' lang='lat' dir='ltr'><strong>milites</strong></span> <span class='ocrx_word' id='word_1_245' title='bbox 343 1888 382 1925; x_wconf 87' lang='lat' dir='ltr'><strong>in</strong></span> <span class='ocrx_word' id='word_1_246' title='bbox 410 1888 609 1937; x_wconf 83' lang='lat' dir='ltr'><strong>provincia</strong></span> <span class='ocrx_word' id='word_1_247' title='bbox 630 1888 759 1926; x_wconf 84' lang='lat' dir='ltr'><strong>Sicilia</strong></span> <span class='ocrx_word' id='word_1_248' title='bbox 780 1889 953 1938; x_wconf 77' lang='lat' dir='ltr'><strong>frugibus</strong></span> <span class='ocrx_word' id='word_1_249' title='bbox 981 1890 1257 1939; x_wconf 88' lang='lat' dir='ltr'><strong>frumentoque</strong></span> <span class='ocrx_word' id='word_1_250' title='bbox 1277 1897 1495 1938; x_wconf 88' lang='lat' dir='ltr'><strong>caruerunt,</strong></span> 
     </span>
     <span class='ocr_line' id='line_1_30' title="bbox 173 1952 1499 2005; baseline 0.002 -14"><span class='ocrx_word' id='word_1_251' title='bbox 173 1960 239 1991; x_wconf 89' lang='lat' dir='ltr'><strong>tua</strong></span> <span class='ocrx_word' id='word_1_252' title='bbox 259 1952 407 1990; x_wconf 84' lang='lat' dir='ltr'><strong>luxurie</strong></span> <span class='ocrx_word' id='word_1_253' title='bbox 426 1960 544 2002; x_wconf 88' lang='lat' dir='ltr'><strong>atque</strong></span> <span class='ocrx_word' id='word_1_254' title='bbox 564 1953 721 1991; x_wconf 86' lang='lat' dir='ltr'><strong>avaritia</strong></span> <span class='ocrx_word' id='word_1_255' title='bbox 742 1953 874 1991; x_wconf 89' lang='lat' dir='ltr'><strong>classis</strong></span> <span class='ocrx_word' id='word_1_256' title='bbox 901 1954 1036 2003; x_wconf 87' lang='lat' dir='ltr'><strong>populi</strong></span> <span class='ocrx_word' id='word_1_257' title='bbox 1059 1954 1229 1992; x_wconf 85' lang='lat' dir='ltr'><strong>Romani</strong></span> <span class='ocrx_word' id='word_1_258' title='bbox 1250 1968 1272 1992; x_wconf 88' lang='lat' dir='ltr'><strong>a</strong></span> <span class='ocrx_word' id='word_1_259' title='bbox 1287 1954 1499 2005; x_wconf 87' lang='lat' dir='ltr'><strong>praedoni-</strong></span> 
     </span>
    </p>

    <p class='ocr_par' dir='ltr' id='par_1_3' title="bbox 173 2055 1496 2272">
     <span class='ocr_line' id='line_1_31' title="bbox 216 2055 1496 2100; baseline 0.003 -15"><span class='ocrx_word' id='word_1_260' title='bbox 216 2065 234 2093; x_wconf 81' lang='lat'><strong>3</strong></span> <span class='ocrx_word' id='word_1_261' title='bbox 261 2066 405 2095; x_wconf 86' lang='lat' dir='ltr'><strong>quocum</strong></span> <span class='ocrx_word' id='word_1_262' title='bbox 427 2055 458 2084; x_wconf 88' lang='lat' dir='ltr'><em>V</em></span> <span class='ocrx_word' id='word_1_263' title='bbox 593 2066 611 2094; x_wconf 86' lang='lat'><strong>5</strong></span> <span class='ocrx_word' id='word_1_264' title='bbox 637 2061 752 2095; x_wconf 85' lang='lat' dir='ltr'><strong>posset</strong></span> <span class='ocrx_word' id='word_1_265' title='bbox 769 2055 873 2096; x_wconf 76' lang='lat' dir='ltr'><strong>RSp:</strong></span> <span class='ocrx_word' id='word_1_266' title='bbox 905 2063 1037 2096; x_wconf 70' lang='lat' dir='ltr'><strong>possets</strong></span> <span class='ocrx_word' id='word_1_267' title='bbox 1059 2058 1090 2087; x_wconf 88' lang='lat' dir='ltr'><em>V</em></span> <span class='ocrx_word' id='word_1_268' title='bbox 1107 2057 1257 2097; x_wconf 73' lang='lat' dir='ltr'><strong>(Meusel,</strong></span> <span class='ocrx_word' id='word_1_269' title='bbox 1274 2064 1330 2098; x_wconf 78' lang='lat' dir='ltr'><strong>pp.</strong></span> <span class='ocrx_word' id='word_1_270' title='bbox 1350 2064 1496 2100; x_wconf 79' lang='lat'><strong>30—31)=</strong></span> 
     </span>
     <span class='ocr_line' id='line_1_32' title="bbox 175 2098 1493 2139; baseline 0.003 -10"><span class='ocrx_word' id='word_1_271' title='bbox 175 2099 285 2129; x_wconf 84' lang='lat' dir='ltr'><strong>facere</strong></span> <span class='ocrx_word' id='word_1_272' title='bbox 305 2110 423 2137; x_wconf 83' lang='lat' dir='ltr'><strong>posses</strong></span> <span class='ocrx_word' id='word_1_273' title='bbox 441 2109 514 2128; x_wconf 86' lang='lat' dir='ltr'><strong>cum</strong></span> <span class='ocrx_word' id='word_1_274' title='bbox 532 2098 689 2135; x_wconf 73' lang='lat' dir='ltr'><strong>Heracus,</strong></span> <span class='ocrx_word' id='word_1_275' title='bbox 709 2105 753 2139; x_wconf 80' lang='lat' dir='ltr'><strong>cp.</strong></span> <span class='ocrx_word' id='word_1_276' title='bbox 774 2100 886 2138; x_wconf 74' lang='lat' dir='ltr'><strong>Quint.</strong></span> <span class='ocrx_word' id='word_1_277' title='bbox 907 2101 950 2132; x_wconf 92' lang='lat' dir='ltr'><strong>vi.</strong></span> <span class='ocrx_word' id='word_1_278' title='bbox 972 2111 999 2139; x_wconf 90' lang='lat'><strong>1,</strong></span> <span class='ocrx_word' id='word_1_279' title='bbox 1019 2111 1038 2139; x_wconf 80' lang='grc'><strong>3</strong></span> <span class='ocrx_word' id='word_1_280' title='bbox 1156 2103 1177 2131; x_wconf 86' lang='grc'>6</span> <span class='ocrx_word' id='word_1_281' title='bbox 1200 2113 1273 2132; x_wconf 88' lang='lat' dir='ltr'><strong>cum</strong></span> <span class='ocrx_word' id='word_1_282' title='bbox 1293 2103 1421 2132; x_wconf 84' lang='lat' dir='ltr'><strong>diceret</strong></span> <span class='ocrx_word' id='word_1_283' title='bbox 1438 2103 1493 2133; x_wconf 89' lang='lat' dir='ltr'><strong>tibi</strong></span> 
     </span>
     <span class='ocr_line' id='line_1_33' title="bbox 175 2142 1494 2185; baseline 0.003 -13"><span class='ocrx_word' id='word_1_284' title='bbox 175 2143 257 2172; x_wconf 79' lang='lat' dir='ltr'><strong>haec</strong></span> <span class='ocrx_word' id='word_1_285' title='bbox 275 2142 368 2172; x_wconf 56' lang='lat' dir='ltr'><strong>SDW</strong></span> <span class='ocrx_word' id='word_1_286' title='bbox 457 2152 535 2181; x_wconf 89' lang='lat' dir='ltr'><strong>pop.</strong></span> <span class='ocrx_word' id='word_1_287' title='bbox 553 2142 650 2172; x_wconf 88' lang='lat' dir='ltr'><strong>Rom.</strong></span> <span class='ocrx_word' id='word_1_288' title='bbox 668 2145 856 2183; x_wconf 75' lang='lat' dir='ltr'><strong>praetorp5</strong></span> <span class='ocrx_word' id='word_1_289' title='bbox 873 2154 880 2174; x_wconf 92' lang='lat'><strong>:</strong></span> <span class='ocrx_word' id='word_1_290' title='bbox 921 2154 950 2174; x_wconf 83' lang='lat' dir='ltr'><strong>P.</strong></span> <span class='ocrx_word' id='word_1_291' title='bbox 972 2154 1004 2173; x_wconf 82' lang='lat' dir='ltr'><strong>R.</strong></span> <span class='ocrx_word' id='word_1_292' title='bbox 1029 2144 1078 2175; x_wconf 87' lang='lat' dir='ltr'><strong>V:</strong></span> <span class='ocrx_word' id='word_1_293' title='bbox 1120 2154 1163 2174; x_wconf 72' lang='lat' dir='ltr'><strong>pn</strong></span> <span class='ocrx_word' id='word_1_294' title='bbox 1180 2145 1279 2175; x_wconf 78' lang='lat' dir='ltr'><strong>RSD</strong></span> <span class='ocrx_word' id='word_1_295' title='bbox 1296 2146 1354 2185; x_wconf 44' lang='lat' dir='ltr'><strong>riv,</strong></span> <span class='ocrx_word' id='word_1_296' title='bbox 1378 2149 1393 2183; x_wconf 64' lang='grc' dir='ltr'>ξ</span> <span class='ocrx_word' id='word_1_297' title='bbox 1416 2149 1494 2184; x_wconf 90' lang='lat'>146;</span> 
     </span>
     <span class='ocr_line' id='line_1_34' title="bbox 173 2185 1493 2229; baseline 0.005 -15"><span class='ocrx_word' id='word_1_298' title='bbox 173 2196 203 2224; x_wconf 73' lang='lat' dir='ltr'><strong>v,</strong></span> <span class='ocrx_word' id='word_1_299' title='bbox 226 2189 261 2222; x_wconf 66' lang='grc' dir='ltr'><strong>ξξ</strong></span> <span class='ocrx_word' id='word_1_300' title='bbox 280 2187 331 2216; x_wconf 79' lang='lat'><strong>28.</strong></span> <span class='ocrx_word' id='word_1_301' title='bbox 356 2185 428 2223; x_wconf 53' lang='lat'><strong>136)</strong></span> <span class='ocrx_word' id='word_1_302' title='bbox 545 2195 581 2214; x_wconf 80' lang='lat'><strong>12</strong></span> <span class='ocrx_word' id='word_1_303' title='bbox 607 2186 646 2214; x_wconf 89' lang='lat' dir='ltr'><strong>ab</strong></span> <span class='ocrx_word' id='word_1_304' title='bbox 667 2196 698 2226; x_wconf 48' lang='lat' dir='ltr'><strong>&amp;a</strong></span> <span class='ocrx_word' id='word_1_305' title='bbox 711 2187 747 2225; x_wconf 75' lang='lat' dir='ltr'><strong>p)</strong></span> <span class='ocrx_word' id='word_1_306' title='bbox 769 2192 948 2225; x_wconf 84' lang='lat' dir='ltr'><strong>quaestore</strong></span> <span class='ocrx_word' id='word_1_307' title='bbox 974 2192 1007 2217; x_wconf 82' lang='lat' dir='ltr'><strong>et</strong></span> <span class='ocrx_word' id='word_1_308' title='bbox 1029 2189 1070 2217; x_wconf 85' lang='lat' dir='ltr'><strong>ab</strong></span> <span class='ocrx_word' id='word_1_309' title='bbox 1092 2191 1174 2228; x_wconf 51' lang='lat' dir='ltr'><strong>(apl</strong></span> <span class='ocrx_word' id='word_1_310' title='bbox 1193 2189 1303 2227; x_wconf 83' lang='lat' dir='ltr'><strong>legato</strong></span> <span class='ocrx_word' id='word_1_311' title='bbox 1320 2189 1416 2229; x_wconf 75' lang='lat' dir='ltr'><strong>Rp6:</strong></span> <span class='ocrx_word' id='word_1_312' title='bbox 1452 2190 1493 2220; x_wconf 88' lang='lat' dir='ltr'><strong>ab</strong></span> 
     </span>
     <span class='ocr_line' id='line_1_35' title="bbox 173 2227 1492 2272; baseline 0.003 -14"><span class='ocrx_word' id='word_1_313' title='bbox 173 2228 283 2267; x_wconf 85' lang='lat' dir='ltr'><strong>legato</strong></span> <span class='ocrx_word' id='word_1_314' title='bbox 302 2233 335 2258; x_wconf 87' lang='lat' dir='ltr'><strong>et</strong></span> <span class='ocrx_word' id='word_1_315' title='bbox 359 2233 518 2267; x_wconf 82' lang='lat' dir='ltr'><strong>questore</strong></span> <span class='ocrx_word' id='word_1_316' title='bbox 535 2227 627 2258; x_wconf 68' lang='grc' dir='ltr'><strong>ΕΒΨ</strong></span> <span class='ocrx_word' id='word_1_317' title='bbox 742 2239 778 2267; x_wconf 82' lang='lat'><strong>13</strong></span> <span class='ocrx_word' id='word_1_318' title='bbox 802 2230 843 2259; x_wconf 87' lang='lat' dir='ltr'><strong>ab</strong></span> <span class='ocrx_word' id='word_1_319' title='bbox 861 2231 1010 2260; x_wconf 88' lang='lat' dir='ltr'><strong>omniurn</strong></span> <span class='ocrx_word' id='word_1_320' title='bbox 1028 2231 1134 2261; x_wconf 87' lang='lat' dir='ltr'><strong>oculis</strong></span> <span class='ocrx_word' id='word_1_321' title='bbox 1152 2232 1306 2262; x_wconf 83' lang='lat' dir='ltr'><strong>remisisti</strong></span> <span class='ocrx_word' id='word_1_322' title='bbox 1320 2237 1344 2272; x_wconf 82' lang='lat' dir='ltr'><strong>p</strong></span> <span class='ocrx_word' id='word_1_323' title='bbox 1455 2243 1492 2271; x_wconf 85' lang='lat'><strong>15</strong></span> 
     </span>
    </p>
   </div>
   <div class='ocr_carea' id='block_1_3' title="bbox 166 2271 1492 2359">
    <p class='ocr_par' dir='ltr' id='par_1_4' title="bbox 166 2271 1492 2359">
     <span class='ocr_line' id='line_1_36' title="bbox 173 2271 1492 2314; baseline 0.004 -13"><span class='ocrx_word' id='word_1_324' title='bbox 173 2276 206 2301; x_wconf 90' lang='lat' dir='ltr'><strong>tu</strong></span> <span class='ocrx_word' id='word_1_325' title='bbox 229 2275 316 2307; x_wconf 76' lang='lat' dir='ltr'><strong>(ante</strong></span> <span class='ocrx_word' id='word_1_326' title='bbox 332 2273 380 2307; x_wconf 90' lang='lat' dir='ltr'><strong>in)</strong></span> <span class='ocrx_word' id='word_1_327' title='bbox 398 2282 464 2301; x_wconf 81' lang='lat' dir='ltr'><strong>om.</strong></span> <span class='ocrx_word' id='word_1_328' title='bbox 485 2273 501 2301; x_wconf 85' lang='grc' dir='ltr'><strong>δ</strong></span> <span class='ocrx_word' id='word_1_329' title='bbox 589 2276 622 2300; x_wconf 87' lang='lat' dir='ltr'><strong>tu</strong></span> <span class='ocrx_word' id='word_1_330' title='bbox 641 2272 674 2301; x_wconf 89' lang='lat' dir='ltr'><strong>in</strong></span> <span class='ocrx_word' id='word_1_331' title='bbox 694 2271 760 2302; x_wconf 88' lang='lat' dir='ltr'><strong>iud.</strong></span> <span class='ocrx_word' id='word_1_332' title='bbox 780 2295 788 2302; x_wconf 90' lang='lat'><strong>.</strong></span> <span class='ocrx_word' id='word_1_333' title='bbox 809 2296 816 2302; x_wconf 87' lang='lat'><em>.</em></span> <span class='ocrx_word' id='word_1_334' title='bbox 837 2295 843 2302; x_wconf 93' lang='lat'>.</span> <span class='ocrx_word' id='word_1_335' title='bbox 864 2283 964 2304; x_wconf 89' lang='lat' dir='ltr'><strong>ausus</strong></span> <span class='ocrx_word' id='word_1_336' title='bbox 981 2284 1017 2304; x_wconf 84' lang='lat' dir='ltr'><strong>es</strong></span> <span class='ocrx_word' id='word_1_337' title='bbox 1031 2285 1097 2304; x_wconf 83' lang='lat' dir='ltr'><strong>om.</strong></span> <span class='ocrx_word' id='word_1_338' title='bbox 1114 2274 1206 2304; x_wconf 59' lang='lat' dir='ltr'><strong>RSW</strong></span> <span class='ocrx_word' id='word_1_339' title='bbox 1296 2285 1337 2314; x_wconf 86' lang='lat'><strong>29</strong></span> <span class='ocrx_word' id='word_1_340' title='bbox 1362 2274 1492 2307; x_wconf 86' lang='lat' dir='ltr'><strong>luxurie</strong></span> 
     </span>
     <span class='ocr_line' id='line_1_37' title="bbox 166 2314 1255 2359; baseline 0.004 -13"><span class='ocrx_word' id='word_1_341' title='bbox 166 2320 201 2356; x_wconf 80' lang='lat' dir='ltr'><strong>p,</strong></span> <span class='ocrx_word' id='word_1_342' title='bbox 221 2318 258 2346; x_wconf 80' lang='lat' dir='ltr'><strong>ut</strong></span> <span class='ocrx_word' id='word_1_343' title='bbox 275 2315 377 2345; x_wconf 80' lang='lat' dir='ltr'><strong>voluit</strong></span> <span class='ocrx_word' id='word_1_344' title='bbox 393 2314 503 2345; x_wconf 78' lang='lat' dir='ltr'><strong>Madv.</strong></span> <span class='ocrx_word' id='word_1_345' title='bbox 523 2326 529 2345; x_wconf 90' lang='lat'>:</span> <span class='ocrx_word' id='word_1_346' title='bbox 554 2315 701 2355; x_wconf 69' lang='lat' dir='ltr'><strong>luxuriae</strong></span> <span class='ocrx_word' id='word_1_347' title='bbox 720 2316 752 2346; x_wconf 87' lang='lat' dir='ltr'><em>R</em></span> <span class='ocrx_word' id='word_1_348' title='bbox 769 2317 803 2356; x_wconf 63' lang='grc' dir='ltr'><strong>(ξ</strong></span> <span class='ocrx_word' id='word_1_349' title='bbox 822 2318 861 2356; x_wconf 84' lang='grc'><strong>87</strong></span> <span class='ocrx_word' id='word_1_350' title='bbox 878 2317 995 2359; x_wconf 79' lang='lat' dir='ltr'><strong>supra)</strong></span> <span class='ocrx_word' id='word_1_351' title='bbox 1016 2330 1021 2348; x_wconf 89' lang='lat'>:</span> <span class='ocrx_word' id='word_1_352' title='bbox 1045 2317 1175 2348; x_wconf 85' lang='lat' dir='ltr'><strong>luxuria</strong></span> <span class='ocrx_word' id='word_1_353' title='bbox 1192 2317 1255 2350; x_wconf 82' lang='lat' dir='ltr'><strong>SD</strong></span> 
     </span>
    </p>
   </div>
  </div>
 </body>
</html>
