1715 2734
126 113 393 153 ACTIONIS
415 114 476 152 IN
498 114 542 152 C.
561 114 803 151 VERREM
825 113 1124 152 SECVNDAE
1145 113 1248 150 LIB.
1272 113 1338 150 III
1402 120 1453 160 72

125 224 233 272 tavit,
267 232 320 272 ut,
360 238 451 263 cum
491 231 649 263 senatus
687 237 804 263 usura
842 223 1077 274 publicanos
1115 236 1232 273 saepe
1279 222 1452 270 iuvisset,

125 290 370 340 magistratus
385 304 408 328 a
421 289 641 340 publicanis
662 289 871 340 pecuniam
888 302 958 339 pro
974 302 1089 327 usura
1105 289 1266 327 auderet
1279 290 1452 327 auferre?

126 355 242 394 Certe
263 354 355 393 huic
376 354 526 393 homini
547 368 636 404 spes
668 356 776 392 nulla
796 354 930 392 salutis
951 360 1064 400 esset,
1088 353 1118 391 si
1140 352 1351 403 publicani,
1375 354 1451 392 hoc

125 427 182 457 est
203 419 233 458 si
253 418 404 469 equites
432 418 604 457 Romani
625 418 842 457 iudicarent
863 433 869 456 :
890 419 1018 456 minor
1038 431 1122 456 esse
1149 431 1265 463 nunc,
1290 417 1450 464 iudices,

87 499 104 530 5
124 483 236 523 vobis
265 483 578 533 disceptantibus
610 483 740 530 debet,
765 490 803 522 et
823 490 934 522 tanto
961 482 1088 521 minor
1117 489 1267 532 quanto
1294 489 1352 520 est
1386 483 1452 521 ho-

124 548 272 587 nestius
293 548 428 587 alienis
449 548 598 586 iniuriis
619 562 738 598 quam
759 562 799 586 re
820 561 890 586 sua
917 547 1168 586 commoveri.

179 612 287 661 Quid
307 614 358 651 ad
379 613 477 651 haec
497 613 736 662 respondere
756 612 937 662 cogitas?
966 620 1095 650 utrum
1116 613 1263 650 factum
1291 610 1452 661 negabis

124 691 175 715 an
195 677 265 715 tibi
286 679 362 716 hoc
383 677 533 716 licitum
554 691 640 716 esse
660 678 882 716 defendes?
939 679 1093 727 Negare
1120 676 1187 727 qui
1214 678 1359 727 potes?
1401 690 1450 714 an

124 750 167 780 ut
187 749 295 780 tanta
318 742 549 780 auctoritate
576 742 801 789 litterarum,
830 749 889 780 tot
918 741 1082 780 testibus
1112 741 1332 792 publicanis
1362 754 1452 780 con-

68 822 107 845 10
124 806 312 845 vincare?
368 806 544 846 Licuisse
560 821 652 846 vero
673 806 770 857 qui?
817 806 857 845 Si
878 808 1036 845 hercule
1056 814 1094 845 te
1114 814 1221 844 tuam
1242 806 1451 859 pecuniam

124 880 342 922 praetorem
360 872 399 910 in
420 872 621 923 provincia
649 874 891 911 faeneratum
912 874 1107 919 docerem,
1131 880 1263 910 tamen
1284 873 1453 922 effugere

124 950 204 975 non
225 950 360 987 posses
376 952 386 985 ;
414 939 483 976 sed
504 937 714 987 publicam,
734 939 804 976 sed
825 937 877 975 ob
898 938 1137 976 frumentum
1158 938 1366 983 decretam,
1383 937 1453 975 sed

123 1015 146 1039 a
166 1001 386 1052 publicanis
407 1003 566 1041 faenore
585 1010 801 1051 acceptam,
825 1003 901 1040 hoc
922 1001 1078 1040 licuisse
1105 1001 1289 1051 cuiquam
1317 1001 1453 1052 proba-

124 1066 214 1105 bis?
243 1080 323 1117 quo
353 1081 434 1106 non
461 1068 583 1106 modo
612 1067 741 1114 ceteri,
765 1068 835 1106 sed
863 1074 904 1105 tu
932 1066 1015 1117 ipse
1045 1066 1142 1105 nihil
1169 1066 1358 1105 audacius
1385 1065 1454 1104 im-

67 1147 102 1179 15
124 1131 365 1182 probiusque
403 1131 540 1171 fecisti.
599 1133 693 1171 Non
732 1133 956 1170 mehercule
995 1133 1081 1178 hoc,
1123 1133 1231 1181 quod
1266 1131 1451 1169 omnibus

123 1196 316 1247 singulare
345 1197 618 1244 videtur,—de
638 1210 719 1247 quo
741 1196 836 1234 mihi
863 1196 1051 1246 deinceps
1081 1196 1296 1235 dicendum
1326 1204 1452 1244 est,—

123 1276 295 1312 possum‚
319 1262 478 1309 iudices,
495 1262 625 1301 dicere
644 1261 832 1300 audacius
853 1275 938 1300 esse
957 1269 1024 1300 aut
1044 1261 1323 1312 impudentius,
1343 1263 1450 1312 quod

123 1327 324 1377 permultis
372 1327 594 1365 civitatibus
633 1340 704 1376 pro
737 1328 935 1365 frumento
972 1326 1069 1364 nihil
1109 1326 1222 1365 solvit
1260 1326 1425 1366 omnino
1443 1343 1449 1365 :

124 1392 246 1430 maior
275 1393 372 1431 haec
401 1393 546 1442 praeda
576 1394 750 1438 fortasse,
773 1393 843 1431 sed
873 1391 938 1430 illa
966 1391 1212 1442 impudentia
1239 1399 1342 1430 certe
1369 1406 1449 1430 non

1474 117 1534 149 168

1475 420 1537 464 169

66 1472 105 1494 20
124 1457 261 1495 minor.
317 1459 368 1495 Et
397 1457 585 1506 quoniam
615 1458 665 1495 de
694 1457 760 1495 illa
789 1456 1054 1496 faeneratione
1083 1457 1175 1495 satis
1203 1457 1353 1496 dictum
1380 1465 1449 1505 est,
1474 1466 1535 1501 170

124 1535 230 1560 nunc
251 1523 301 1560 de
321 1523 395 1560 hac
416 1530 498 1560 tota
518 1522 687 1572 pecunia
706 1536 852 1569 aversa,
875 1536 1034 1572 quaeso,
1058 1523 1296 1573 cognoscite.

177 1586 331 1626 Siciliae
378 1587 553 1626 civitates
593 1589 739 1626 multae
782 1594 882 1634 sunt,
924 1587 1085 1635 iudices,
1127 1596 1286 1626 ornatae
1332 1596 1451 1638 atque
1470 1595 1521 1634 73

123 1653 324 1698 honestae,
364 1665 411 1690 ex
457 1652 601 1702 quibus
649 1652 689 1690 in
737 1651 872 1702 primis
919 1654 1163 1691 numeranda
1211 1660 1269 1691 est
1316 1653 1452 1691 civitas

126 1716 341 1754 Halaesina
358 1730 368 1763 3
405 1718 554 1754 nullam
586 1717 691 1755 enim
724 1717 925 1767 reperietis
959 1725 1026 1755 aut
1061 1717 1198 1756 officiis
1233 1718 1450 1756 fideliorem

65 1795 80 1817 2
87 1795 103 1827 5
123 1789 190 1820 aut
206 1781 329 1831 copiis
347 1782 643 1831 locupletiorem
657 1790 724 1820 aut
737 1782 969 1821 auctoritate
984 1782 1211 1832 graviorem.
1255 1783 1362 1821 Huic
1379 1783 1450 1822 iste

123 1845 165 1883 in
180 1858 306 1884 annos
323 1844 496 1895 singulos
514 1859 605 1884 cum
627 1859 817 1896 sexagena
839 1846 946 1885 milia
962 1846 1076 1885 tritici
1094 1847 1271 1886 modium
1289 1847 1450 1898 impera-

123 1909 251 1957 visset,
283 1923 354 1960 pro
384 1910 511 1949 tritico
550 1924 734 1949 nummos
768 1911 942 1960 abstulit,
972 1911 1108 1962 quanti
1140 1920 1220 1951 erat
1249 1912 1289 1950 in
1319 1912 1450 1952 Sicilia

123 1974 291 2013 triticum
309 1990 319 2022 3
348 1988 447 2025 quos
461 1977 510 2014 de
524 1976 684 2025 publico
697 1990 882 2015 nummos
895 1984 1110 2028 acceperat,
1129 1977 1287 2016 retinuit
1307 1979 1446 2018 omnis.

171 2084 183 2104 1
210 2083 311 2105 usura
328 2074 405 2113 pub.
431 2074 491 2105 VO
511 2085 518 2104 ε
543 2074 622 2114 pub.
641 2080 776 2115 usurap
793 2075 858 2106 rell.
1027 2086 1046 2105 2
1071 2085 1173 2106 usura
1194 2076 1254 2106 VO
1272 2087 1278 2106 ε
1303 2077 1413 2107 usuris
1426 2082 1450 2117 p

125 2116 190 2148 rell.
315 2129 333 2155 4
358 2127 435 2148 esse
456 2117 531 2148 VcO
550 2129 555 2147 :
580 2127 657 2148 esse
674 2128 751 2149 cura
764 2123 788 2158 p
805 2118 869 2150 rell.
995 2129 1015 2157 9
1042 2139 1043 2143 =
1059 2119 1262 2159 publicanis]
1282 2119 1446 2159 Zielinski,

118 2165 153 2200 p.
176 2162 237 2200 196
372 2171 411 2192 10
434 2161 571 2192 hercule
593 2161 639 2190 V:
665 2161 778 2192 hercle
797 2162 827 2192 O
843 2173 850 2191 τ
875 2172 927 2193 me
944 2162 1118 2202 herculep
1136 2163 1201 2193 rell.
1220 2166 1252 2201 (ξ
1271 2173 1313 2202 32
1330 2164 1448 2205 supra)

125 2208 213 2234 tuam
231 2204 409 2244 pecuniam
431 2204 478 2244 Vp
496 2204 562 2236 rell.
579 2216 585 2234 ε
610 2215 682 2244 pec.
704 2209 794 2235 tuam
810 2205 858 2236 cO
980 2216 1013 2235 11
1041 2212 1232 2245 praetorem
1255 2207 1330 2238 VcO
1348 2218 1354 2237 :
1379 2218 1446 2238 non

475 2256 484 2273 1

126 2281 241 2320 populi
266 2281 411 2312 Romani
437 2281 511 2321 (φῖ.
532 2281 573 2322 p)
595 2286 620 2322 p
637 2281 702 2312 rell.
850 2291 887 2320 13
912 2287 1084 2322 acceptam
1107 2283 1155 2313 V:
1180 2288 1360 2325 acceptop
1378 2285 1443 2316 rell.

126 2324 230 2362 (saen.
251 2330 381 2364 accept.
399 2334 464 2356 om.
487 2324 530 2365 O)
706 2335 744 2363 14
770 2330 803 2355 tu
822 2326 893 2365 ipse
916 2326 991 2356 VcO
1009 2338 1015 2356 :
1040 2326 1112 2366 ipse
1126 2332 1150 2366 p
1171 2327 1235 2358 rell.
1409 2338 1447 2367 15

126 2367 335 2398 mehercules
353 2367 384 2399 Ο
554 2378 592 2407 19
618 2368 760 2399 fortasse
782 2368 843 2400 VO
859 2380 864 2398 :
891 2369 1035 2401 sortasse
1053 2374 1103 2400 est
1116 2374 1140 2409 p
1157 2370 1223 2402 rell.
1403 2373 1445 2401 26

127 2411 200 2484 (εξιξ
221 2411 295 2484 ΙἹἘΖ)
313 2421 484 2450 sexagena
501 2411 549 2442 cO
564 2423 570 2442 :
596 2412 772 2451 sexaginta
783 2417 809 2452 p
825 2412 891 2444 rell.
1044 2413 1135 2444 milia
1151 2414 1252 2445 tritici
1272 2413 1321 2445 V:
1345 2415 1445 2446 tritici

127 2463 170 2484 mi
186 2464 216 2484 ia
233 2465 264 2484 re
291 2477 298 2485 .
