1715 2734
184 67 453 105 ACTIONIS
484 67 545 104 IN
576 66 621 104 C.
644 67 886 103 VERREM
916 67 1217 105 SECVNDAE
1249 68 1351 104 LIB.
1377 69 1394 104 Ι
1444 78 1492 116 57
1515 83 1575 114 150

163 176 348 225 praedam
378 174 635 212 arbitraretur.
698 177 815 214 Nunc
847 189 897 213 ne
935 182 1264 225 argumentemur,
1301 190 1381 226 quo
1419 178 1492 215 ista

161 238 330 288 pecunia
350 238 567 288 pervenerit
588 238 680 276 facit
700 239 784 288 ipse
802 239 1005 278 indicium.
1066 239 1242 278 Primum
1267 254 1357 278 cum
1379 244 1490 280 vehe-

161 302 330 341 mentius
351 316 441 340 cum
463 316 511 340 eo
533 304 581 340 D.
606 304 749 340 Brutus
769 304 1038 350 contenderet,
1062 303 1129 353 qui
1154 305 1204 342 de
1234 317 1304 342 sua
1324 307 1491 355 pecunia

161 369 232 405 HS
254 379 337 404 DLX
367 366 473 404 milia
502 367 730 414 numeravit,
754 367 962 417 quodiam
992 369 1065 406 iste
1094 370 1191 406 ferre
1221 383 1302 407 non
1325 378 1490 419 poterat,

120 447 138 478 5
160 445 277 481 opere
314 431 486 478 addicto,
528 431 740 481 praedibus
778 432 950 482 acceptis
988 435 1039 472 de
1080 435 1150 471 HS
1200 446 1283 471 DLX
1332 435 1490 473 milibus

159 496 305 534 remisit
341 499 388 534 D.
423 498 545 535 Bruto
576 498 646 535 HS
676 509 730 535 CX
761 498 876 536 milia.
939 500 1043 546 Hoc,
1067 498 1098 536 si
1127 499 1255 537 aliena
1284 513 1343 537 res
1375 508 1486 547 esset,

158 569 263 599 certe
288 562 414 600 facere
435 575 515 599 non
543 561 744 611 potuisset.
807 563 963 602 Deinde
993 563 1146 601 nummi
1176 565 1369 602 numerati
1399 574 1489 603 sunt

159 625 385 673 Cornificio,
409 640 527 676 quem
558 627 726 665 scribam
757 641 870 665 suum
902 628 1021 666 fuisse
1054 642 1195 677 negare
1231 643 1311 667 non
1346 638 1484 680 potest.

158 693 362 729 Postremo
382 691 504 741 ipsius
528 691 692 730 Haboni
715 692 872 730 tabulae
900 694 1085 742 praedam
1109 692 1215 731 illam
1238 693 1348 732 istius
1370 695 1487 733 fuisse

98 769 138 791 10
156 756 337 793 clamant.
400 755 550 793 Recita.
610 758 790 794 NOMINA
814 759 997 795 HABONI.

212 820 291 858 Hic
312 820 430 858 etiam
453 821 579 870 priore
599 821 755 859 actione
778 823 825 870 Q.
851 823 1089 861 Hortensius
1112 823 1303 873 pupillum
1328 825 1485 863 Iunium
1509 806 1559 852 58

155 893 439 935 praetextatum
461 887 614 924 venisse
634 887 675 923 in
696 894 867 924 vestrum
885 896 1141 937 conspectum
1164 896 1201 926 et
1223 889 1374 928 stetisse
1395 903 1486 927 cum
1513 875 1568 907 1⁵¹

154 959 293 1000 patruo
323 950 591 989 testimonium
622 951 779 990 dicente
809 960 968 1002 questus
999 961 1067 1000 est,
1091 961 1128 991 et
1156 968 1219 991 me
1249 955 1487 1004 populariter

154 1028 267 1064 agere
286 1023 405 1064 atque
419 1015 607 1053 invidiam
623 1029 885 1063 commovere,
904 1018 1012 1066 quod
1034 1031 1197 1067 puerum
1213 1020 1482 1068 producerem,

98 1092 136 1124 15
154 1079 376 1117 clamitavit.
437 1080 547 1128 Quid
585 1089 678 1128 erat,
720 1081 920 1127 Hortensi,
966 1083 1125 1120 tandem
1172 1082 1211 1119 in
1257 1083 1323 1121 illo
1362 1097 1484 1133 puero

153 1146 352 1194 populare,
384 1144 479 1194 quid
510 1145 777 1184 invidiosum?
825 1146 1005 1193 Gracchi,
1034 1148 1162 1193 credo,
1194 1155 1262 1186 aut
1287 1149 1485 1187 Saturnini

152 1217 218 1247 aut
231 1209 395 1247 alicuius
412 1210 584 1248 hominis
601 1210 683 1248 eius
705 1210 812 1248 modi
830 1212 1089 1261 produxeram
1112 1211 1246 1258 filium,
1266 1221 1307 1251 ut
1324 1214 1485 1252 nomine

152 1274 236 1324 ipso
264 1282 301 1312 et
326 1274 516 1312 memoria
539 1275 657 1324 patris
684 1274 836 1313 animos
866 1275 1068 1325 imperitae
1097 1277 1360 1316 multitudinis
1381 1292 1484 1317 com-

152 1353 361 1377 moverem.
424 1342 463 1377 P.
490 1340 579 1377 Iuni
610 1347 701 1386 erat,
725 1340 895 1377 hominis
925 1342 976 1379 de
1005 1341 1122 1390 plebe
1154 1343 1346 1389 Romana,
1370 1343 1482 1390 filius,

93 1421 134 1442 20
152 1418 269 1454 quem
287 1412 394 1454 pater
409 1404 578 1442 moriens
594 1418 685 1442 cum
703 1405 896 1443 tutoribus
910 1413 947 1443 et
961 1405 1202 1455 propinquis,
1220 1414 1302 1445 tum
1320 1408 1470 1458 legibus

151 1477 234 1506 tum
255 1469 442 1519 aequitati
466 1468 773 1518 magistratuum,
800 1476 882 1507 tum
906 1469 1060 1508 iudiciis
1076 1471 1211 1509 vestris
1232 1475 1484 1512 commenda-

151 1542 233 1572 tum
273 1534 431 1584 putavit.
495 1534 574 1571 Hic
615 1533 724 1572 istius
777 1536 965 1573 scelerato
1012 1536 1239 1586 nefarioque
1279 1538 1483 1577 latrocinio
1506 1551 1562 1583 152

151 1599 264 1636 bonis
281 1599 413 1648 patriis
430 1599 673 1649 fortunisque
689 1599 873 1638 omnibus
895 1600 1083 1650 spoliatus
1100 1602 1206 1639 venit
1223 1602 1261 1639 in
1279 1602 1482 1649 iudicium,

151 1663 181 1701 si
204 1663 299 1701 nihil
319 1663 437 1711 aliud,
461 1666 598 1702 saltem
621 1673 661 1703 ut
690 1679 780 1703 eum
806 1665 917 1703 cuius
946 1679 1063 1715 opera
1084 1666 1166 1717 ipse
1192 1669 1335 1706 multos
1355 1682 1481 1707 annos

91 1742 130 1774 25
151 1736 252 1766 esset
282 1728 321 1766 in
352 1729 532 1767 sordibus
562 1732 680 1779 paulo
702 1738 834 1768 tamen
870 1731 1085 1769 obsoletius
1107 1732 1288 1770 vestitum
1320 1733 1477 1772 videret.

151 1794 291 1843 Itaque
313 1794 393 1839 tibi,
419 1795 619 1840 Hortensi,
643 1809 722 1832 non
745 1795 845 1833 illius
879 1804 997 1842 aetem,
1021 1798 1091 1835 sed
1119 1811 1246 1844 causa,
1270 1812 1350 1836 non
1370 1800 1480 1838 vesti-

149 1865 221 1905 tus,
254 1859 322 1896 sed
358 1859 513 1896 fortuna
542 1858 739 1908 popularis
776 1859 991 1906 videbatur,
1028 1874 1156 1910 neque
1191 1870 1228 1900 te
1263 1870 1341 1901 tam
1376 1877 1479 1902 com-

197 1972 209 1991 1
238 1962 333 1993 Nunc
360 1974 401 1993 ne
431 1976 450 1992 π
475 1963 517 2002 (p
533 1968 607 2000 post
624 1964 721 1993 levem
735 1966 905 2002 rasuram)
924 1977 929 1994 1
958 1977 1071 1996 nonne
1092 1968 1395 2002 (argumentamur)
1421 1968 1479 1997 b6:

150 2016 213 2036 nos
225 2017 267 2036 ne
281 2005 392 2036 Muell.
483 2018 502 2043 4
528 2006 589 2036 HS
608 2017 683 2037 131„x
697 2007 743 2037 ed.
762 2007 865 2038 Venet.
884 2010 965 2048 1483
982 2022 988 2040 :
1013 2010 1074 2040 HS
1092 2013 1213 2040 ξὶῖιῆὁ
1225 2016 1249 2050 p
1338 2022 1359 2050 9
1383 2010 1478 2041 istius

145 2055 170 2089 p
188 2049 251 2079 rell.
269 2061 275 2079 z
302 2050 401 2079 huius
422 2048 452 2078 V
565 2061 593 2089 9.
615 2061 653 2080 10
680 2051 812 2081 Haboni
834 2052 881 2082 V:
909 2053 945 2083 —ii
959 2058 984 2093 p
1107 2065 1143 2083 12
1169 2059 1335 2093 praetext.
1354 2064 1430 2084 ven,
1454 2052 1483 2083 V

153 2094 206 2131 (ut
220 2092 360 2126 videtur}
381 2105 387 2123 :
411 2103 486 2122 ven.
508 2098 613 2132 praet.
636 2099 682 2134 pr
697 2094 759 2124 rell.
860 2096 995 2126 stetisse
1016 2106 1089 2127 cum
1113 2096 1161 2127 V:
1190 2102 1256 2127 stet
1274 2107 1349 2127 esse
1367 2107 1439 2127 cum
1453 2103 1478 2136 p

153 2135 205 2174 (ut
222 2136 298 2165 Par.
319 2135 421 2173 Lall.)
442 2148 448 2166 ε
473 2141 521 2166 tet
550 2147 624 2167 esse
653 2148 725 2167 cum
752 2136 812 2175 7¹²³
837 2143 888 2168 ter
912 2150 987 2170 esse
1014 2151 1086 2170 cum
1105 2151 1163 2179 qr:
1191 2145 1295 2170 testes
1312 2151 1425 2171 secum
1442 2140 1479 2170 ὀδ

154 2188 190 2216 17
216 2179 287 2209 eius
312 2179 400 2208 modi
425 2184 448 2218 p
466 2180 553 2210 relk:
579 2180 676 2210 huius
703 2181 790 2210 modi
813 2181 844 2210 V
860 2182 897 2220 (i,
919 2184 934 2219 ξ
956 2191 1017 2221 17;
1044 2184 1085 2221 iv,
1110 2186 1175 2221 §6)
1327 2185 1364 2213 18
1389 2194 1476 2214 com-

151 2232 321 2252 moverem
342 2221 412 2252 Vrr:
437 2223 638 2253 concitarem
657 2224 693 2253 ὁδ
786 2233 824 2261 19
849 2224 919 2254 Iuni
945 2226 986 2257 V:
1014 2226 1100 2257 Iunii
1115 2232 1137 2266 j)
1239 2237 1277 2257 21
1306 2237 1475 2257 commen-

151 2265 264 2294 datum
282 2265 384 2296 fuisse
406 2265 437 2294 V
564 2277 603 2305 24
629 2277 703 2297 eum
723 2278 787 2296 om.
803 2266 861 2306 [η’
973 2279 1013 2307 25
1038 2274 1128 2300 essct
1149 2269 1198 2300 V:
1223 2275 1274 2301 est
1286 2276 1327 2310 pr
1435 2281 1475 2309 27

151 2312 184 2337 te
200 2313 309 2338 tamen
330 2309 484 2339 monebat
506 2307 537 2336 V
