1715 2734
143 125 411 164 ACTIONIS
434 124 494 162 IN
516 124 562 162 C.
586 124 827 161 VERREM
850 123 1147 161 SECVNDAE
1170 123 1273 159 LIB.
1298 123 1356 159 IV
1415 131 1468 168 33
1491 132 1527 167 72

143 233 428 280 conservabat,
458 246 549 270 nam
580 240 738 282 propter
768 231 949 270 eximiam
985 231 1317 281 pulchritudinem
1350 233 1468 271 etiam

143 297 322 335 hostibus
352 297 471 347 digna
500 310 619 346 quam
648 296 892 334 sanctissime
922 297 1095 334 colerent
1116 295 1332 335 videbatur.
1391 298 1469 335 Ali-
1492 308 1530 343 73

142 369 239 410 quot
261 362 425 399 saeculis
446 368 535 410 post
557 362 599 398 P.
622 360 755 410 Scipio
770 361 874 399 bello
892 360 1042 399 Punico
1059 360 1172 398 tertio
1190 362 1467 411 Carthaginem

142 425 272 475 cepit;
316 439 393 475 qua
422 425 461 463 in
493 424 853 472 victoria,—videte
887 424 1059 463 hominis
1093 423 1274 462 virtutem
1310 433 1347 463 et
1385 426 1468 464 dili-

102 505 119 535 5
141 489 324 540 gentiam,
348 497 391 527 ut
420 497 457 527 et
488 489 717 527 domesticis
748 488 1078 539 praeclarissimae
1099 488 1249 526 virtutis
1279 490 1467 540 exemplis

140 554 341 604 gaudeatis
377 561 415 592 et
447 567 495 592 eo
530 553 675 592 maiore
714 554 809 592 odio
848 553 1007 604 dignam
1046 553 1156 592 istius
1195 554 1465 593 incredibilem

138 619 344 657 audaciam
375 617 853 664 iudicetiS‚——convocatis
875 618 1015 657 Siculis
1036 617 1232 665 omnibus,
1256 620 1364 668 quod
1385 619 1467 657 diu-

139 683 286 722 tissime
307 683 613 733 saepissimeque
645 683 815 721 Siciliam
836 691 1011 722 vexatam
1034 697 1056 720 a
1077 683 1466 732 Carthaginiensibus

139 763 224 787 esse
246 756 442 798 cognorat,
467 748 576 787 iubet
596 748 730 787 omnia
752 749 929 798 conquiri
949 763 955 793 ;
984 748 1191 798 pollicetur
1211 749 1284 787 sibi
1302 764 1466 800 magnae

80 827 119 850 10
139 827 254 852 curae
288 815 369 852 fore
404 820 445 851 ut
480 813 613 851 omnia
645 814 878 860 civitatibus,
921 828 1021 863 quae
1061 813 1250 864 cuiusque
1289 815 1462 862 fuissent,

139 878 442 917 restituerentur.
519 881 623 916 Tum
663 878 727 916 illa
766 893 866 928 quae
907 879 1110 928 quondam
1151 888 1259 917 erant
1300 881 1465 920 Himera

137 943 299 989 sublata,
334 944 384 981 de
415 942 559 992 quibus
592 950 709 981 antea
741 943 830 989 dixi,
874 943 1140 982 Thermitanis
1173 952 1263 982 sunt
1298 946 1461 994 reddita,

137 1014 219 1045 tum
247 1007 322 1045 alia
344 1007 591 1054 Gelensibus,
614 1007 690 1045 alia
710 1007 986 1057 Agrigentinis,
1009 1008 1048 1045 in
1079 1009 1222 1058 quibus
1252 1009 1369 1048 etiam
1400 1011 1463 1050 ille

15 1099 19 1130 s
135 1073 278 1111 nobilis
317 1080 458 1119 taurus,
500 1086 619 1122 quem
659 1073 952 1111 crudelissimus
991 1073 1169 1111 omnium
1210 1082 1459 1123 tyrannorum

0 1149 20 1197 *f
76 1151 114 1182 15
135 1137 308 1176 Phalaris
330 1137 514 1176 habuisse
535 1137 687 1184 dicitur,
711 1151 791 1187 quo
812 1137 919 1174 vivos
942 1137 1108 1187 supplici
1123 1152 1240 1176 causa
1256 1139 1461 1178 demittere

16 1201 20 1237 l
134 1202 314 1241 homines
335 1210 373 1240 et
394 1202 572 1240 subicere
593 1203 792 1240 flammam
816 1201 980 1239 solebat.
1041 1203 1172 1250 Quem
1195 1210 1347 1241 taurum
1370 1217 1458 1242 cum

135 1266 267 1316 Scipio
299 1267 479 1304 redderet
510 1265 788 1316 Agrigentinis,
822 1265 966 1304 dixisse
1001 1265 1143 1304 dicitur
1173 1280 1343 1317 aequum
1376 1282 1460 1307 esse

132 1331 218 1369 illos
239 1331 408 1381 cogitare
429 1339 559 1369 utrum
581 1339 682 1369 esset
704 1331 969 1381 Agrigentinis
997 1330 1139 1377 utilius,
1164 1333 1294 1371 suisne
1319 1333 1460 1371 servire

131 1410 233 1435 anne
254 1399 401 1446 populo
425 1398 609 1435 Romano
625 1397 910 1446 obtemperare,
926 1410 1016 1434 cum
1034 1396 1138 1434 idem
1157 1406 1458 1436 monumentum

73 1474 113 1496 20
131 1469 169 1499 et
185 1461 425 1500 domesticae
447 1461 685 1500 crudelitatis
700 1470 738 1500 et
755 1470 910 1500 nostrae
928 1462 1240 1501 mansuetudinis
1255 1464 1455 1502 haberent.

186 1528 260 1564 Illo
299 1534 475 1576 tempore
516 1525 738 1576 Segestanis
777 1526 947 1564 maxima
985 1539 1075 1564 cum
1115 1540 1207 1565 cura
1245 1529 1342 1566 haec
1374 1528 1456 1578 ipsa
1477 1505 1527 1594 '⁶133

131 1590 269 1636 Diana,
293 1592 343 1629 de
373 1604 451 1640 qua
480 1590 660 1637 dicimus,
683 1591 888 1638 redditur3
916 1598 1132 1641 reportatur
1163 1592 1386 1641 Segestam,
1417 1593 1455 1630 in
1480 1578 1488 1595 s

128 1655 207 1693 suis
241 1654 412 1704 antiquis
444 1654 604 1693 sedibus
637 1669 791 1693 summa
823 1669 912 1693 cum
948 1655 1206 1705 gratulatione
1240 1656 1383 1694 civium
1418 1666 1455 1696 et

128 1719 274 1757 laetitia
294 1719 504 1769 reponitur.
565 1719 677 1757 Haec
708 1727 787 1758 erat
818 1719 945 1769 posita
976 1720 1159 1770 Segestae
1190 1735 1283 1759 sane
1304 1724 1456 1760 excelsa

70 1797 109 1828 25
129 1783 168 1821 in
201 1783 295 1830 basi,
331 1783 371 1821 in
403 1797 481 1833 qua
510 1784 724 1834 grandibus
760 1784 894 1822 litteris
927 1786 967 1822 P.
999 1784 1174 1822 Africani
1204 1799 1349 1824 nomen
1375 1794 1455 1824 erat

127 1848 295 1888 incisum
326 1862 496 1898 eumque
527 1849 764 1900 Carthagine
798 1856 912 1899 capta
943 1849 1156 1888 restituisse
1183 1851 1452 1900 perscriptum.

128 1914 342 1954 Colebatur
370 1927 393 1951 a
422 1913 583 1961 civibus,
614 1915 665 1953 ab
701 1915 886 1953 omnibus
919 1915 1082 1953 advenis
1114 1916 1334 1963 visebatur,
1363 1930 1454 1954 cum

127 1986 310 2028 quaestor
329 1991 467 2025 essem,
490 1978 587 2016 nihil
617 1978 713 2016 mihi
742 1979 793 2017 ab
822 1979 896 2017 illis
924 1986 981 2017 est
1002 1980 1312 2018 demonstratum
1335 1980 1452 2030 prius.

128 2045 220 2081 Erat
251 2044 468 2081 admodum
500 2045 676 2094 amplum
709 2051 746 2082 et
781 2045 977 2083 excelsum
1017 2044 1171 2093 signum
1206 2059 1295 2083 cum
1329 2048 1455 2093 stola3

70 2121 109 2152 30
127 2121 260 2146 verum
291 2115 422 2146 tamen
453 2106 575 2146 inerat
596 2108 635 2146 in
656 2108 721 2146 illa
742 2108 1012 2159 magnitudine
1032 2117 1137 2147 aetas
1158 2117 1276 2158 atque
1297 2110 1453 2149 habitus

127 2171 346 2221 virginalis3
394 2171 556 2221 sagittae
595 2174 824 2222 pendebant
862 2174 913 2211 ab
953 2187 1099 2219 umero,
1141 2174 1295 2212 sinistra
1333 2189 1452 2214 manu

170 2285 190 2313 3
214 2275 304 2305 bello
319 2274 443 2305 Punico
460 2276 556 2305 tertio
574 2275 661 2306 codd.
679 2288 684 2306 :
708 2274 766 2306 del.
787 2275 886 2315 Bake,
906 2275 1046 2309 Rt'clilcr,
1064 2275 1150 2305 Nohl
1262 2288 1271 2306 1
1285 2288 1295 2307 1
1324 2278 1453 2309 fuerant

122 2319 165 2357 p&
301 2319 338 2348 18
362 2318 598 2357 Agrigentinis
614 2319 699 2349 RS:
726 2319 848 2349 Siculis
865 2321 899 2350 δε
925 2319 982 2349 del.
1007 2319 1166 2349 Garatoni
1303 2331 1341 2360 19
1365 2332 1452 2352 anne

128 2360 210 2391 RS:
235 2371 276 2391 an
289 2363 332 2401 p&
480 2372 521 2391 22
545 2367 578 2392 et
596 2362 629 2391 in
648 2362 715 2392 suis
731 2361 798 2392 cod.
821 2362 904 2402 Vns„
928 2362 962 2392 K
