1715 2734
162 95 429 135 ACTIONIS
460 97 520 135 IN
551 97 596 135 C.
618 98 861 136 VERREM
892 99 1192 137 SECVNDAE
1222 101 1324 138 LIB.
1350 101 1391 138 II
1433 100 1485 148 58

160 210 327 248 dubium
370 208 464 258 quin
507 221 609 254 eum,
651 221 741 246 curn
781 208 822 246 id
865 210 1026 258 planum
1070 211 1189 256 fieret,
1229 210 1485 248 condemnari

160 287 321 312 necesse
351 280 462 312 esset.
523 272 660 321 Quid?
698 272 729 310 si
761 274 931 312 eundem
964 275 1155 323 populum
1192 276 1262 313 HS
1292 287 1341 312 cc
1380 275 1487 313 milia

160 337 340 388 poposcit
360 350 484 386 eaque
504 336 632 385 coegit
651 344 769 386 atque
789 337 960 383 abstulit,
980 351 1075 375 num
1096 338 1242 376 idcirco
1263 340 1487 377 absolvetur

159 404 268 452 quod
314 402 554 451 adscriptum
603 409 660 439 est
704 415 791 440 eam
839 403 1048 452 pecuniam
1089 404 1222 441 datam
1270 411 1487 442 statuarum

122 467 349 515 5nomine?
406 468 510 514 Non,
556 466 720 516 opinor;
763 467 838 505 nisi
882 469 979 506 forte
1027 467 1066 506 id
1109 468 1274 518 agimus,
1317 483 1397 507 non
1445 477 1487 507 ut

160 532 446 582 magistratibus
462 531 604 570 nostris
624 545 775 570 moram
795 532 1026 583 accipiendi,
1045 534 1114 572 sed
1135 541 1177 571 ut
1197 533 1312 572 sociis
1328 547 1487 572 causam

159 597 281 636 dandi
301 599 452 635 adferre
473 596 687 635 videamur.

213 661 369 711 Quodsi
396 675 514 711 quem
544 669 695 700 statuae
722 676 865 712 magno
895 676 1013 713 opere
1042 665 1250 711 delectant,
1273 672 1311 703 et
1339 664 1370 702 si
1400 664 1488 714 quis

159 740 293 765 earum
322 728 472 764 honore
498 733 565 764 aut
593 727 714 776 gloria
740 728 910 776 ducitur,
929 728 961 766 is
991 729 1087 766 haec
1114 736 1246 767 tamen
1276 729 1488 768 constituat

103 809 142 832 10
159 805 320 830 necesse
340 799 408 839 est,
432 791 602 841 primum
631 792 751 831 averti
782 792 990 842 pecuniam
1021 795 1185 832 domum
1216 808 1296 833 non
1320 797 1488 845 placere,

160 856 306 894 deinde
332 855 503 906 ipsarum
535 864 751 894 statuarum
773 859 937 896 modum
959 859 1160 908 quendam
1188 872 1273 897 esse
1294 858 1484 909 oportere,

160 921 305 959 deinde
334 920 441 968 illud,
474 928 578 959 certe
606 922 657 959 ab
689 921 818 960 invitis
854 922 953 972 exigi
988 937 1068 961 non
1099 931 1289 973 oportere„
1347 926 1408 962 Ac
1437 925 1488 962 de

158 987 369 1024 avertenda
407 985 575 1036 pecunia
617 1000 763 1036 quaero
804 988 876 1025 abs
915 995 952 1025 te
991 996 1120 1026 utrum
1159 988 1266 1038 ipsae
1313 988 1487 1027 civitates

159 1050 295 1089 solitae
320 1050 396 1089 sint
423 1059 570 1089 statuas
599 1051 671 1089 tibi
691 1051 894 1090 faciundas
922 1053 1050 1091 locare
1071 1053 1105 1091 ei
1127 1053 1189 1091 cui
1210 1061 1371 1102 possent
1392 1053 1489 1104 opti-

103 1131 139 1163 15
160 1129 224 1154 ma
250 1115 487 1154 condicione
516 1118 655 1162 locare,
687 1130 738 1154 an
759 1116 931 1166 aliquem
956 1125 1248 1167 procuratorem
1278 1120 1488 1168 praeficere

159 1180 227 1230 qui
248 1179 384 1218 statuis
406 1180 598 1219 faciundis
620 1188 830 1230 praeesset,
847 1195 898 1219 an
919 1181 1002 1229 tibi,
1024 1196 1074 1219 an
1096 1182 1158 1220 cui
1180 1190 1221 1221 tu
1242 1183 1488 1233 imperasses,

158 1247 418 1284 adnumerare
452 1245 694 1295 pecuniam?
750 1248 854 1284 Nam
889 1246 921 1284 si
955 1260 1024 1296 per
1058 1261 1126 1286 eos
1160 1255 1311 1287 statuae
1341 1249 1487 1287 fiebant

159 1325 181 1349 a
207 1311 351 1360 quibus
381 1310 452 1349 tibi
473 1310 545 1349 iste
572 1312 699 1350 honos
730 1312 958 1359 habebatur,
981 1312 1101 1351 audio
1116 1327 1126 1360 3
1155 1313 1215 1351 sin
1244 1314 1487 1353 Timarchidi

159 1375 327 1425 pecunia
356 1376 647 1424 numerabatur,
675 1376 823 1421 desine,
854 1390 1013 1426 quaeso,
1045 1377 1228 1416 simulare
1258 1385 1307 1425 te,
1329 1391 1420 1416 cum
1448 1379 1486 1416 in

101 1459 141 1480 20
160 1440 479 1479 manifestissimo
508 1442 612 1479 furto
644 1448 814 1490 teneare,
845 1442 990 1492 gloriae
1024 1443 1245 1482 studiosum
1274 1458 1320 1482 ac
1350 1459 1487 1483 monu-

159 1513 384 1543 mentorum
405 1504 535 1544 fuisse.
1176 1551 1177 1554 Ἰ

213 1570 322 1619 Quid
355 1572 482 1608 vero?
518 1572 684 1610 modurn
718 1579 934 1611 statuarum
969 1573 1104 1612 haberi
1143 1576 1295 1612 nullum
1329 1577 1487 1624 placet?

159 1634 282 1685 Atqui
330 1635 520 1674 habeatur
567 1650 730 1675 necesse
777 1645 847 1676 est.
921 1638 1080 1676 Etenim
1124 1639 1180 1677 sic
1227 1640 1485 1679 considerate.

161 1701 402 1749 Syracusana
438 1700 584 1746 civitas,
627 1708 669 1738 ut
708 1715 795 1739 eam
834 1702 1083 1752 potissimum
1122 1703 1336 1751 nominem,
1377 1706 1486 1743 dedit

101 1783 139 1814 25
160 1763 233 1813 ipsi
267 1772 550 1803 statuam—est
583 1767 806 1806 honos—et
838 1767 1095 1817 patri—bella
1129 1769 1226 1806 haec
1260 1768 1414 1818 pietatis
1449 1778 1487 1808 et

160 1837 396 1879 quaestuosa
417 1830 709 1870 simulatio—et
734 1832 959 1870 filio—ferri
980 1833 1055 1870 hoc
1083 1840 1222 1882 potest,
1247 1834 1353 1871 hunc
1379 1834 1484 1872 enim

160 1908 324 1944 puerum
355 1908 435 1932 non
466 1896 654 1944 oderant3
686 1910 821 1935 verum
852 1897 1034 1947 quotiens
1065 1905 1102 1936 et
1132 1905 1229 1947 quot
1258 1898 1485 1937 nominibus

159 1972 182 1997 a
229 1960 479 2009 Syracusanis
523 1968 669 1999 statuas
712 1963 894 2000 auferes?
950 1964 1004 2000 Vt
1050 1962 1090 2000 in
1132 1964 1215 1999 foro
1258 1970 1482 2010 statuerent,

160 2024 367 2072 abstulisti,
406 2033 448 2063 ut
486 2025 525 2063 in
565 2026 682 2073 curia,
724 2027 894 2076 coegisti,
937 2035 979 2065 ut
1017 2026 1226 2077 pecuniam
1264 2029 1485 2066 conferrent

102 2107 142 2138 30
162 2091 201 2128 in
228 2104 292 2128 eas
322 2098 467 2129 statuas
494 2105 595 2141 quae
624 2093 777 2130 Romae
804 2100 1042 2142 ponerentur
1062 2091 1285 2141 imperasti,
1315 2100 1356 2131 ut
1380 2093 1485 2132 idem

204 2196 225 2224 6
249 2194 437 2233 accipiundi
458 2194 488 2224 O
643 2206 659 2235 7
685 2196 806 2226 afferre
824 2195 882 2226 εΟἱ
902 2208 908 2227 :
932 2196 1103 2236 auferres>
1119 2196 1181 2227 rell.
1352 2207 1390 2226 12
1416 2208 1483 2228 non

163 2242 322 2276 oportere
339 2238 429 2276 exigi
446 2238 464 2267 b
553 2239 629 2277 Age
646 2239 703 2269 [Οι
867 2250 904 2278 14
928 2240 1098 2270 faciendas
1118 2239 1148 2269 O
1310 2250 1348 2278 15
1374 2242 1485 2272 locare

162 2291 226 2310 om.
249 2279 279 2310 O
360 2292 400 2311 an
418 2281 506 2312 codd.
524 2293 531 2312 :
555 2288 587 2313 et
604 2283 724 2323 Pluyg.
740 2294 747 2314 ε
772 2288 827 2314 aut
845 2283 956 2315 Muell.
1038 2289 1285 2323 procuratorem
1303 2284 1344 2314 Ο1
1359 2295 1365 2314 z
1391 2295 1484 2315 cura-

164 2328 270 2353 torem
290 2323 354 2354 rell.
480 2327 518 2355 16
542 2337 583 2356 an
602 2327 651 2355 cui
670 2326 758 2357 codd.
776 2337 782 2356 :
808 2332 863 2356 aut
881 2327 932 2357 cui
950 2328 1084 2360 Lamb..
1104 2326 1173 2357 edd.
1197 2338 1266 2357 rece.
1388 2338 1427 2367 19
1452 2329 1484 2358 in

164 2377 230 2397 om.
254 2365 284 2395 O
300 2368 342 2398 al.
476 2378 518 2398 20
542 2369 812 2400 manifestissimo
828 2369 876 2399 cO
892 2381 899 2400 ε
924 2371 1101 2401 manifesto
1113 2376 1137 2411 p
1155 2371 1219 2400 rell.

208 2425 270 2447 εις.
292 2426 369 2446 VER.
1179 2458 1181 2461 ι
1359 2422 1399 2450 12

1507 111 1568 146 143

1510 959 1571 991 144

1510 1652 1567 1685 145
