1715 2734
183 86 449 125 ACTIONIS
473 87 532 125 IN
555 87 601 125 C.
619 87 859 125 VERREM
883 87 1179 126 SECVNDAE
1203 89 1307 126 LIB.
1331 89 1396 126 III
1453 98 1503 134 32
1525 102 1564 135 75

181 197 467 235 studiosissime
497 211 726 236 conservare
756 197 938 236 debuisti.
1000 197 1132 235 Primo
1164 211 1269 235 anno
1299 198 1503 236 venierunt

181 262 263 300 eius
295 262 374 311 agri
407 263 598 300 decumae
631 262 747 300 tritici
787 263 965 301 modium
1005 264 1123 300 iffi.
1182 262 1351 310 Atidius,
1393 263 1503 301 istius

180 326 272 364 item
295 326 470 365 minister
490 326 529 364 in
551 327 739 374 decumis,
763 341 853 365 cum
875 327 1033 366 emisset
1062 334 1100 365 et
1127 327 1311 377 praefecti
1343 328 1503 366 nomine

180 405 269 429 cum
292 391 460 429 venisset
491 391 701 430 Herbitam
732 406 822 430 cum
844 392 1033 439 Veneriis,
1061 393 1251 442 locusque
1281 392 1315 430 ei
1346 393 1503 442 publice

141 471 157 502 5
181 469 261 505 quo
291 458 555 494 deverteretur
584 457 698 494 datus
721 465 832 504 esset,
858 464 1050 507 coguntur
1069 456 1330 495 Herbitenses
1352 457 1385 495 ei
1408 457 1502 495 lucri

180 522 272 559 dare
299 521 413 559 tritici
442 520 619 559 modium
650 533 936 568 xxxvaccc,
966 535 1056 559 cum
1082 523 1274 560 decumae
1305 522 1502 560 venissent

179 585 293 623 tritici
330 585 507 624 modium
544 598 659 623 xvl11.
719 588 851 635 Atque
887 588 962 624 hoc
994 593 1147 623 tantum
1182 586 1277 623 lucri
1309 594 1502 636 coguntur

178 651 270 688 dare
291 650 447 700 publice
469 657 551 688 tum
573 663 663 688 cum
685 650 759 688 iam
779 651 956 700 privatim
978 658 1147 688 aratores
1169 663 1214 688 ex
1231 651 1329 700 agris
1347 651 1501 701 spoliati

178 722 295 764 atque
325 715 502 764 exagitati
529 716 840 753 decumanorum
872 715 1019 754 iniuriis
1050 715 1320 765 profugissent.
1380 719 1500 754 Anno
1523 723 1562 761 76

121 796 159 818 10
179 781 355 817 secundo
394 793 484 817 cum
523 780 681 818 emisset
720 781 918 830 Apronius
953 782 1141 818 decumas
1176 781 1289 819 tritici
1323 782 1499 820 modium

178 846 372 882 ffinccc
402 853 439 883 et
470 845 552 894 ipse
585 845 794 884 Herbitam
826 859 916 884 cum
948 846 1011 883 illa
1032 859 1101 884 sua
1122 847 1367 895 praedonum
1389 846 1503 896 copia

179 923 376 959 manuque
386 909 565 956 venisset,
576 912 744 960 populus
754 910 910 960 publice
925 918 1083 948 coactus
1098 919 1155 949 est
1170 911 1203 949 ei
1219 913 1394 949 conferre
1408 912 1502 949 lucri

177 974 290 1012 tritici
314 974 491 1012 modium
512 977 589 1012 ffi
612 983 649 1013 et
665 975 901 1013 accessionis
920 977 991 1014 HS
1015 989 1050 1011 00
1074 989 1133 1013 00.
1196 978 1256 1014 De
1275 976 1502 1014 accessione

176 1039 315 1077 dubito
334 1053 384 1077 an
406 1039 583 1089 Apronio
611 1040 683 1089 ipsi
717 1041 808 1078 data
835 1040 883 1078 sit
908 1054 1056 1078 merces
1077 1054 1218 1090 operae
1239 1048 1357 1090 atque
1378 1041 1502 1090 impu-

120 1121 155 1151 15
176 1103 332 1142 dentiae
352 1119 358 1142 :
389 1105 438 1142 de
454 1104 567 1142 tritici
584 1104 745 1153 quidem
760 1118 924 1143 numero
947 1112 1056 1143 tanto
1073 1104 1160 1154 quis
1176 1113 1304 1155 potest
1321 1105 1501 1144 dubitare

175 1168 270 1218 quin
299 1170 349 1206 ad
380 1168 496 1206 istum
528 1170 767 1219 praedonem
798 1169 1094 1207 frumentarium
1128 1169 1226 1207 sicut
1258 1169 1502 1219 Agyrinense

175 1235 414 1272 frumentum
454 1234 702 1283 pervenerit?
769 1236 889 1272 Anno
933 1234 1046 1272 tertio
1084 1248 1176 1272 vero
1215 1234 1253 1272 in
1294 1236 1370 1273 hoc
1407 1248 1500 1284 agro
1520 1246 1571 1283 33

174 1299 461 1337 consuetudine
491 1312 583 1337 usus
614 1307 671 1337 est
701 1299 814 1349 regia.
875 1301 1008 1338 Solere
1042 1299 1150 1337 aiunt
1176 1313 1282 1349 reges
1315 1300 1500 1339 barbaros

175 1366 378 1402 Persarum
398 1378 442 1402 ac
464 1365 646 1414 Syrorum
668 1364 786 1414 pluris
804 1378 942 1402 uxores
964 1365 1118 1411 habere,
1143 1364 1201 1402 his
1222 1373 1353 1403 autem
1377 1365 1499 1403 uxori-

117 1448 153 1469 20
173 1430 246 1467 bus
282 1429 457 1468 civitates
494 1428 704 1467 attribuere
745 1430 821 1467 hoc
856 1430 1003 1467 modo:
1046 1430 1142 1467 haec
1177 1428 1311 1467 civitas
1348 1430 1498 1467 mulieri

173 1494 210 1531 in
247 1495 520 1533 redimiculum
556 1494 751 1544 praebeat,
787 1495 883 1532 haec
916 1493 954 1531 in
988 1495 1145 1541 collum,
1176 1495 1273 1532 haec
1304 1494 1342 1532 in
1368 1495 1496 1533 crinis.

174 1560 233 1597 Ita
263 1561 430 1609 populos
462 1559 608 1597 habent
640 1558 840 1596 universos
871 1572 951 1596 non
973 1560 1099 1596 solum
1122 1558 1301 1597 conscios
1324 1559 1498 1598 libidinis

171 1638 274 1672 suae,
316 1639 449 1663 verum
489 1625 607 1663 etiam
646 1624 907 1662 administros.
969 1625 1149 1662 Eandem
1189 1624 1308 1671 istius,
1351 1625 1417 1674 qui
1457 1639 1498 1664 se
1520 1636 1558 1672 77

172 1703 300 1739 regem
323 1689 542 1727 Siculorum
563 1702 648 1727 esse
669 1688 836 1733 dicebat,
855 1688 1053 1727 licentiam
1075 1688 1359 1738 libidinemque
1380 1689 1497 1728 fuisse

111 1770 149 1802 25
172 1754 408 1803 cognoscite.

225 1819 477 1858 Aeschrionis
498 1820 727 1870 Syracusani
756 1833 851 1858 uxor
872 1827 929 1859 est
955 1818 1061 1869 Pipa,
1086 1818 1196 1857 cuius
1217 1832 1364 1857 nomen
1385 1819 1494 1858 istius

170 1884 343 1934 nequitia
364 1892 445 1922 tota
466 1884 596 1923 Sicilia
617 1887 885 1935 pervulgatum
908 1892 965 1923 est
984 1899 992 1931 ;
1023 1885 1073 1922 de
1090 1897 1167 1933 qua
1189 1883 1349 1922 muliere
1363 1898 1494 1922 versus

168 1950 323 2001 plurimi
345 1964 460 2000 supra
481 1951 650 1989 tribunal
672 1959 709 1990 et
731 1965 846 2002 supra
867 1950 1053 2002 praetoris
1076 1957 1193 2000 caput
1211 1949 1490 1989 scribebantur.

211 2067 230 2086 2
254 2055 400 2086 modium
418 2056 551 2095 Zunszpt,
566 2055 650 2086 edd.:
674 2055 723 2085 .N.
746 2055 798 2085 0:
825 2066 887 2086 me.
912 2055 1148 2094 (medimnumi
1166 2055 1213 2085 V:
1239 2055 1405 2086 medimna
1424 2056 1492 2087 rell.

169 2100 264 2130 istius
282 2100 361 2129 item
384 2098 446 2139 Vp
463 2099 525 2130 rell.
551 2109 557 2128 :
576 2099 654 2129 item
673 2099 771 2129 istius
788 2099 835 2129 cO
995 2109 1014 2138 5
1039 2099 1120 2129 lucri
1139 2100 1218 2129 dare
1237 2099 1266 2129 ei
1288 2099 1318 2129 O
1473 2102 1494 2130 6

168 2175 401 2220 modiumAEd.
422 2187 428 2206 :
455 2175 485 2206 M
509 2176 558 2206 V:
584 2151 614 2205 rii
632 2187 667 2206 c:
693 2151 712 2205 ii
733 2175 762 2205 O
782 2187 787 2205 :
812 2175 979 2215 modiosp
997 2176 1061 2207 rell.
1176 2177 1421 2207 xxxvurnaef'c
1440 2177 1492 2207 O:

168 2230 289 2250 xxxvu
308 2223 372 2260 mil.
389 2225 411 2259 p
427 2219 515 2259 vulg.
617 2221 637 2249 8
661 2229 732 2250 cum
753 2220 817 2249 iarn
833 2219 905 2258 cOp
921 2231 927 2249 z
954 2230 1026 2250 cum
1048 2219 1079 2248 V
1163 2221 1285 2258 privati
1303 2220 1351 2250 cO
1456 2231 1489 2251 11

169 2273 346 2294 xxv-D-ccc
364 2264 394 2294 Ο
414 2275 419 2293 ;
443 2263 525 2293 ffi.
544 2261 644 2292 milia·
664 2264 802 2302 bcccp:
828 2272 897 2292 xxv
914 2263 980 2295 mil.
1001 2274 1020 2302 q
1124 2263 1179 2293 illa
1196 2273 1256 2293 sua
1278 2263 1352 2293 VcO
1372 2275 1377 2294 :
1403 2264 1493 2304 illap

170 2308 233 2337 rell.
374 2318 412 2345 19
437 2307 464 2336 is
487 2306 518 2336 V
639 2317 680 2336 20
705 2306 832 2336 mulieri
852 2307 883 2335 in
901 2306 1038 2337 Hotom.
1057 2317 1063 2335 :
1090 2306 1263 2336 mulierem
1285 2306 1337 2337 V:
1364 2308 1491 2337 mulieri

164 2356 188 2390 p
206 2351 271 2383 rell.
375 2352 417 2380 26
442 2350 579 2389 Hippa?
604 2348 761 2379 Zielinski
862 2360 901 2388 27
928 2350 1157 2389 pervulgatum
1172 2355 1195 2388 p
1211 2354 1240 2379 et
1251 2350 1328 2388 pler.
1346 2362 1351 2379 :
1376 2361 1491 2389 perva<

169 2399 281 2433 gatum
298 2400 331 2424 et
349 2394 576 2434 pervulgatum
600 2393 630 2421 V
645 2394 702 2432 (iii,
726 2396 739 2429 ς
764 2403 847 2431 129;
872 2394 912 2431 ivy
936 2396 1026 2432 §643
