1715 2734
177 75 228 114 33
248 74 289 114 85
610 69 665 105 M.
699 69 868 106 TVLLI
901 70 1208 110 CICERONIS

248 190 348 227 quos
376 178 523 226 scribis,
557 179 900 230 Themistagoram
921 189 959 220 et
975 183 1223 230 Thessalum,
1254 182 1342 232 quis
1371 196 1452 221 non
1482 196 1586 221 com-

246 251 478 291 moveretur,
513 244 600 294 quis
633 258 713 283 non
749 259 796 283 ex
830 245 969 284 iniuria
1008 261 1109 296 quae
1141 247 1211 285 tibi
1243 256 1346 286 esset
1379 249 1480 286 sacta
1511 248 1585 286 sibi

244 307 477 357 provideret,
497 309 583 358 quis
608 322 688 347 non
714 309 752 347 in
784 324 830 349 ea
850 325 889 349 re
910 324 1068 349 causam
1092 320 1210 358 tuam,
1241 312 1459 362 periculum
1480 326 1585 350 com-

244 386 365 412 mune
398 373 459 423 agi
491 374 772 412 arbitraretur?
830 375 988 414 Etenim
1019 389 1166 414 nomen
1199 376 1314 426 legati
1350 376 1433 414 eius
1472 376 1582 414 modi

242 452 328 477 esse
349 440 468 478 debet
489 442 597 489 quod
625 453 705 478 non
733 442 855 479 modo
888 441 987 479 inter
1013 441 1209 480 sociorum
1238 442 1330 488 iura,
1363 443 1433 480 sed
1463 441 1580 480 etiam
1601 457 1618 489 5

244 504 344 542 inter
366 504 538 542 hostium
563 506 639 542 tela
661 505 861 544 incolume
882 514 1064 544 versetur.

170 563 220 601 34
299 572 492 619 Magnum
525 571 602 608 hoc
635 571 952 620 Lampsacenum
986 571 1132 610 crimen
1166 580 1224 610 est
1260 571 1433 610 libidinis
1462 578 1582 620 atque

181 614 224 645 86
243 634 558 685 improbissimae
602 635 854 685 cupiditatis:
885 636 1051 686 accipite
1086 651 1192 675 nunc
1236 636 1418 674 avaritiae
1459 648 1582 685 prope

243 701 406 738 modurn
439 700 478 737 in
519 713 591 738 suo
622 714 764 750 genere
803 714 884 738 non
924 701 1056 739 levius.
1132 702 1310 740 Milesios
1342 714 1483 739 navem
1515 714 1581 750 po—

241 765 378 815 poscit,
411 778 513 815 quae
547 779 638 803 eum
674 765 843 815 praesidi
871 779 989 804 causa
1025 768 1222 816 Myndum
1255 774 1579 816 prosequeretur:
1602 786 1641 808 10

239 830 293 868 illi
310 830 440 868 statim
457 844 741 881 myoparonem
756 831 953 881 egregium
971 833 1022 870 de
1039 846 1108 870 sua
1122 833 1246 870 classe
1262 840 1443 869 ornatum
1460 839 1579 881 atque

237 903 431 934 armatum
453 897 659 935 dederunt.
724 898 817 935 Hoc
839 897 1036 947 praesidio
1066 899 1263 947 Myndum
1285 898 1486 947 profectus
1506 905 1575 934 est.

238 962 342 999 Nam
364 961 460 1010 quid
481 975 503 998 a
526 961 690 999 Milesiis
713 963 825 999 lanae
842 961 1000 1011 publice
1012 962 1226 1009 abstulerit,
1242 962 1335 1000 item
1352 962 1402 999 de
1419 970 1578 1011 sumptu

235 1026 275 1063 in
313 1027 543 1073 adventum,
576 1028 626 1064 de
666 1026 917 1065 contumeliis
961 1034 999 1065 et
1040 1027 1188 1065 iniuriis
1228 1027 1267 1064 in
1308 1026 1577 1076 magistratum

237 1091 437 1129 Milesium
459 1091 615 1129 tametsi
635 1091 713 1129 dici
743 1105 834 1129 curn
855 1105 944 1130 vere
966 1099 1049 1130 turn
1076 1091 1242 1142 graviter
1266 1099 1304 1130 et
1324 1092 1578 1129 vehementer
1601 1111 1636 1144 ¹5

235 1164 374 1206 potest,
393 1164 526 1194 tamen
543 1156 673 1195 dicere
692 1156 998 1206 praetermittam
1019 1170 1144 1206 eaque
1165 1156 1299 1195 omnia
1328 1156 1494 1194 testibus
1523 1156 1578 1194 in-

234 1230 341 1272 tegra
361 1222 568 1260 reservabo
588 1237 594 1259 :
626 1221 734 1268 illud,
752 1223 860 1271 quod
890 1236 1018 1271 neque
1051 1221 1168 1260 taceri
1202 1223 1282 1260 ullo
1304 1223 1426 1260 modo
1446 1235 1576 1271 neque

174 1297 214 1338 87
233 1288 311 1326 dici
346 1301 417 1338 pro
452 1287 641 1337 dignitate
676 1295 814 1337 potest,
843 1287 1080 1337 cognoscite.
1142 1287 1290 1326 Milites
1330 1286 1575 1336 remigesque

235 1354 419 1391 Miletum
452 1353 606 1403 Myndo
640 1352 807 1403 pedibus
843 1353 981 1391 reverti
1014 1353 1145 1392 iubet:
1177 1353 1260 1403 ipse
1291 1366 1574 1403 myoparonem

232 1418 540 1469 pulcherrimum
573 1419 623 1456 de
663 1419 803 1456 decern
840 1418 1086 1456 Milesiorum
1120 1418 1287 1456 navibus
1326 1419 1495 1456 electum
1527 1420 1570 1456 L.
1597 1439 1635 1461 20

234 1484 370 1534 Magio
390 1491 428 1522 et
458 1486 499 1521 L.
530 1483 691 1530 Fannio,
724 1483 791 1533 qui
829 1484 969 1533 Myndi
995 1484 1238 1531 habitabant,
1266 1483 1455 1521 vendidit.
1517 1483 1573 1521 Hi

232 1556 322 1586 sunt
343 1548 525 1587 homines
542 1562 641 1598 quos
663 1562 787 1598 nuper
808 1556 965 1586 senatus
987 1549 1025 1586 in
1047 1549 1220 1586 hostium
1242 1561 1407 1586 nurnero
1429 1548 1574 1586 haben-

231 1616 304 1653 dos
343 1614 522 1652 censuit:
554 1615 629 1652 hoc
669 1613 723 1651 illi
763 1614 918 1664 navigio
961 1615 1012 1652 ad
1053 1614 1182 1652 omnis
1222 1614 1358 1664 populi
1401 1613 1572 1651 Romani

231 1680 354 1718 hostis
376 1692 501 1729 usque
522 1680 572 1717 ab
606 1678 750 1717 Dianio
776 1677 903 1731 [quod
925 1678 963 1716 in
988 1678 1183 1728 Hispania
1204 1676 1279 1730 est]
1309 1679 1359 1716 ad
1382 1678 1568 1727 Sinopam

233 1744 350 1798 [quae
371 1745 411 1783 in
434 1747 563 1783 Ponto
585 1743 659 1797 est]
683 1744 972 1795 navigaverunt.
1592 1763 1630 1796 ²5

286 1813 334 1858 O,
358 1811 397 1850 di
430 1811 681 1857 immortales,
717 1810 989 1848 incredibilem
1019 1810 1220 1848 avaritiam
1253 1809 1570 1859 singularemque

231 1876 462 1915 audaciam!
512 1877 665 1914 Navem
695 1883 736 1913 tu
764 1876 814 1913 de
842 1877 964 1913 classe
990 1875 1124 1925 populi
1148 1874 1330 1921 Romani,
1355 1887 1473 1924 quam
1499 1873 1569 1912 tibi

233 1941 389 1980 Milesia
406 1940 542 1979 civitas
557 1948 598 1978 ut
613 1948 651 1978 te
664 1948 964 1990 prosequeretur
978 1940 1164 1986 dedisset,
1180 1952 1297 1978 ausus
1314 1953 1354 1977 es
1371 1940 1571 1977 vendere?

232 2007 271 2045 Si
311 2015 348 2045 te
396 2006 627 2056 magnitudo
673 2005 852 2051 malefici,
894 2004 923 2042 si
965 2005 1172 2043 hominum
1213 2004 1448 2043 existimatio
1488 2016 1569 2041 non

275 2113 294 2141 8
320 2121 410 2140 nunc
436 2109 490 2150 Dp
514 2109 552 2140 al,
572 2121 578 2139 ε
610 2119 690 2138 vero
717 2107 795 2144 G-,K
814 2107 863 2147 (D
886 2108 919 2137 in
946 2119 1013 2149 mg.
1036 2108 1097 2139 ‘aL
1122 2108 1232 2147 vcro’)
1383 2117 1420 2145 13
1444 2118 1462 2137 a
1490 2107 1566 2137 xK:

232 2166 298 2184 om.
315 2154 380 2184 DZ
391 2155 432 2184 al.
451 2153 614 2183 (milesios
628 2157 678 2191 pi.
709 2151 755 2190 Cf.
776 2152 808 2187 ii,
831 2153 902 2188 §26
973 2153 1070 2182 lanae
1088 2151 1272 2192 publicep:
1298 2151 1373 2181 lane
1391 2151 1523 2190 publice
1535 2150 1569 2180 D

233 2199 277 2229 al.
295 2210 301 2228 :
327 2208 380 2227 —ac
399 2208 453 2227 -ae
470 2196 558 2235 vulg.
655 2205 690 2234 17
718 2195 820 2224 taceri
839 2206 904 2225 om.
922 2195 978 2235 pq¹
1070 2206 1107 2225 21
1138 2195 1246 2225 Mario
1264 2194 1358 2235 DG12>
1436 2194 1566 2225 Fannio

233 2242 311 2272 Asc.
329 2241 399 2271 edd.
421 2253 427 2271 :
454 2240 558 2270 Fabio
576 2238 631 2277 Dp
649 2237 724 2275 rell„
741 2242 872 2277 practer
885 2239 940 2268 ὺνδ
958 2239 1102 2277 tRabio‘·
1230 2249 1271 2278 24
1295 2239 1335 2268 ab
1348 2244 1393 2278 pq
1410 2237 1452 2268 al.
1471 2250 1477 2268 :
1502 2248 1520 2268 a
1537 2248 1563 2268 S.

233 2286 275 2315 ad
302 2285 365 2315 rell.
419 2283 518 2314 Verba
535 2283 657 2313 seclusa
674 2292 738 2312 om.
759 2281 838 2312 Asc.
853 2294 859 2312 :
885 2288 1034 2322 mances)
1050 2292 1156 2321 usque
1174 2282 1216 2312 ab
1233 2282 1410 2321 dianopam
1430 2291 1515 2320 quae
1534 2281 1565 2310 in

235 2334 341 2367 ponto
358 2332 410 2357 est
428 2337 504 2357 nav.
