1715 2734
138 75 194 113 44
218 83 277 113 114
575 67 630 103 M.
663 67 832 104 TVLLI
865 66 1172 105 CICERONIS

210 183 339 226 potest
361 175 431 214 tibi
453 175 562 215 dicto
584 176 748 214 audiens
778 189 863 214 esse
890 176 1110 226 quisquam.
1173 176 1325 227 Eripias
1347 183 1387 214 tu
1409 177 1543 214 volun-

210 248 329 279 tatem
370 241 544 288 mortuis,
583 242 688 279 bona
719 241 827 288 vivis,
861 241 920 279 ius
959 242 1174 280 omnibus?
1250 244 1342 280 Hoc
1373 242 1543 292 populus

211 308 418 345 Romanus
448 320 528 344 non
561 320 679 344 manu
701 306 950 354 vindicasset,
970 307 1043 345 nisi
1065 315 1102 345 te
1123 307 1214 345 huic
1236 306 1403 357 tempori
1425 314 1543 356 atque

209 371 300 409 huic
323 371 469 410 iudicio
491 373 753 410 reservasset?

264 439 526 486 Posteaquam
560 437 618 474 ius
645 436 883 486 praetorium
911 436 1167 477 constitutum
1194 443 1262 482 est,
1293 448 1447 485 semper
1467 436 1543 473 hoc
1563 449 1580 482 5

207 501 289 540 iure
312 502 370 540 usi
388 515 548 540 sumus:
579 503 609 540 si
632 502 789 540 tabulae
810 503 1033 540 testamenti
1055 516 1135 540 non
1161 503 1432 552 proferrentur,
1457 509 1539 538 tum

206 574 257 614 ut,
282 567 338 605 uti
368 581 569 617 quemque
599 567 849 617 potissimum
881 568 1067 606 heredem
1099 581 1184 606 esse
1214 574 1422 617 oporteret,
1449 566 1479 604 si
1510 565 1541 603 is

207 634 412 671 intestatus
432 640 608 670 mortuus
623 631 798 678 esset‚ita
813 633 1032 670 secundum
1051 645 1141 670 eum
1157 632 1353 682 possessio
1370 634 1536 672 daretur.

207 698 339 745 Quare
361 698 437 735 hoc
459 697 506 735 sit
540 696 823 747 aequissimum
853 696 965 734 facile
996 708 1054 735 est
1075 697 1219 743 dicere,
1246 698 1315 735 sed
1338 696 1376 734 in
1398 711 1437 735 re
1459 706 1537 735 tam

206 763 347 800 usitata
368 762 460 800 satis
482 770 540 800 est
561 763 770 801 ostendere
792 762 920 800 omnis
941 770 1056 800 antea
1078 762 1136 800 ius
1158 762 1210 800 ita
1231 762 1386 809 dixisse,
1403 770 1439 801 et
1462 764 1538 801 hoc
1562 778 1598 799 10

132 812 184 851 45
204 836 314 866 vetus
336 828 511 866 edictum
543 828 905 877 translaticiumque
935 842 1030 866 esse.
1092 827 1331 878 Cognoscite
1366 828 1538 867 hominis

123 873 181 905 ¹¹5
202 893 309 931 aliud
341 893 379 930 in
415 907 455 931 re
480 901 608 931 vetere
637 893 811 931 edictum
841 906 999 940 novum,
1019 901 1055 931 et
1077 893 1203 938 simul,
1234 894 1329 931 dum
1352 901 1410 931 est
1431 895 1537 932 unde

203 958 262 996 ius
294 958 408 996 civile
438 958 621 1004 discatur,
653 958 918 996 adulescentis
953 958 991 995 in
1025 958 1273 1007 disciplinam
1302 958 1335 996 ei
1369 958 1535 996 tradite:

203 1023 343 1061 mirum
384 1031 442 1062 est
477 1023 649 1062 hominis
676 1023 888 1074 ingenium,
927 1023 1022 1061 mira
1055 1024 1271 1073 prudentia.
1334 1023 1535 1062 Minucius

203 1089 364 1139 quidam
388 1097 565 1128 mortuus
600 1097 657 1128 est
687 1097 778 1127 ante
804 1089 921 1127 istum
950 1099 1194 1139 p1·aetorem;
1226 1089 1309 1128 eius
1327 1097 1534 1128 testamen·
1558 1107 1593 1139 15

202 1163 284 1193 tum
325 1162 405 1192 erat
446 1156 623 1202 nullumg
661 1156 744 1204 lege
784 1154 979 1193 hereditas
1021 1156 1071 1193 ad
1112 1163 1269 1203 gentem
1315 1154 1533 1193 Minuciam

202 1219 394 1258 veniebat.
454 1219 493 1257 Si
522 1219 723 1258 habuisset
751 1219 822 1258 iste
851 1219 1038 1266 edictum,
1071 1221 1180 1269 quod
1215 1228 1307 1257 ante
1340 1219 1456 1257 istum
1497 1227 1535 1258 et

201 1292 339 1334 postea
377 1298 516 1323 omnes
555 1285 787 1330 habuerunt,
824 1284 1020 1334 possessio
1058 1284 1260 1322 Minuciae
1295 1284 1399 1334 genti
1433 1292 1534 1323 esset

201 1351 315 1388 data:
347 1351 375 1388 si
399 1349 486 1400 quis
509 1357 745 1388 testamento
776 1364 816 1388 se
838 1351 1024 1388 heredem
1047 1363 1132 1388 esse
1154 1349 1403 1387 arbitraretur
1425 1351 1533 1399 quod

200 1423 282 1453 tum
305 1429 385 1454 non
407 1422 584 1461 exstaret,
600 1417 834 1470 legeageret
852 1415 890 1452 in
917 1415 1187 1460 hereditatem,
1204 1423 1280 1457 aut,
1298 1429 1367 1465 pro
1390 1416 1533 1465 praede
1557 1432 1594 1453 20

200 1481 275 1519 litis
298 1480 555 1519 vindiciarum
573 1494 663 1519 cum
687 1481 778 1518 satis
799 1481 1026 1530 accepisset,
1052 1481 1305 1531 sponsionem
1330 1482 1473 1519 faceret
1495 1489 1533 1519 et
1713 1487 1715 1509 ⁴

198 1546 251 1584 ita
285 1548 334 1585 de
369 1546 585 1585 hereditate
616 1554 789 1584 certaret.
852 1548 955 1593 Hoc,
991 1546 1144 1596 opinor.
1176 1546 1257 1584 iure
1289 1554 1327 1584 et
1367 1546 1533 1585 maiores
1712 1548 1715 1576 ¹

198 1611 316 1650 nostri
349 1619 386 1649 et
414 1625 485 1649 nos
517 1625 672 1661 semper
703 1611 761 1649 usi
797 1624 943 1649 sumus.
1004 1612 1147 1650 Videte
1168 1619 1209 1649 ut
1241 1612 1317 1649 hoc
1350 1610 1422 1649 iste
1452 1624 1533 1649 cor-

117 1686 174 1717 116
196 1677 344 1716 rexerit.
406 1676 622 1727 Componit
643 1677 816 1715 edictum
843 1677 903 1715 his
925 1677 1052 1716 verbis
1081 1685 1122 1715 ut
1151 1676 1276 1726 quivis
1308 1676 1531 1726 intellegere

196 1743 319 1793 possit
341 1742 455 1780 unius
478 1741 648 1780 hominis
670 1756 788 1780 causa
816 1742 1082 1793 conscriptum
1111 1756 1207 1788 esse,
1238 1750 1389 1780 tantum
1421 1743 1530 1792 quod
1553 1760 1590 1789 25

196 1808 400 1846 hominem
440 1821 518 1844 non
545 1801 747 1849 nominat;
781 1821 938 1845 causam
965 1807 1126 1857 quidem
1156 1815 1277 1845 totam
1312 1806 1528 1857 perscribit,

196 1874 265 1919 ius,
303 1872 644 1919 consuetudinem,
682 1872 933 1922 aequitatem,
969 1872 1097 1910 edicta
1137 1871 1314 1909 omnium
1347 1871 1525 1921 neglegit.

198 1941 261 1977 Ex
284 1950 436 1976 EDiCTo
458 1949 636 1975 VRBANo.
699 1940 739 1975 Si
775 1950 828 1975 DE
859 1949 1129 1975 HEREmTATE
1151 1949 1384 1975 AMBIGITVR
1406 1961 1457 1964 —
1477 1961 1529 1964 —

196 2016 229 2040 si
255 2015 476 2041 PossssssOR
501 2015 765 2040 SPONSIONEM
791 2015 877 2041 NON
902 2014 1058 2040 FACIET.
1103 2004 1185 2040 Iam
1209 2002 1274 2051 qui
1297 2002 1336 2041 id
1351 2003 1400 2041 ad
1423 2016 1528 2052 prae-

196 2077 330 2115 torem,
364 2076 448 2106 uter
471 2081 672 2118 possessor
693 2067 774 2105 sit?
804 2081 937 2106 nonne
965 2067 1005 2105 id
1036 2067 1168 2117 quaeri
1196 2075 1362 2117 oportet,
1397 2075 1525 2106 utrum
1547 2083 1588 2114 30

241 2184 253 2203 1
281 2173 454 2212 quisquam
475 2184 541 2203 om.
565 2172 597 2201 V
736 2182 752 2210 7
777 2176 823 2206 ut,
850 2172 897 2201 uti
918 2171 1030 2202 Mucll.
1048 2183 1055 2210 ;
1083 2183 1112 2202 v.
1133 2170 1262 2211 Stangl,
1278 2171 1342 2203 th.
1362 2170 1452 2202 Mus.
1473 2173 1526 2210 65,

193 2222 225 2257 p.
244 2218 287 2255 96
387 2218 406 2246 8
432 2217 611 2246 intestatus
631 2215 662 2244 V
676 2215 753 2246 Asc.
770 2226 776 2244 :
804 2216 963 2245 intestato
976 2221 1000 2255 p
1018 2215 1080 2246 rell.
1211 2225 1243 2244 11
1272 2215 1418 2245 hominis
1437 2216 1527 2245 aliud

196 2271 238 2290 πε
263 2260 350 2290 aliud
369 2260 456 2290 hom.
485 2260 521 2289 ὸδ
675 2269 713 2288 21
735 2259 887 2298 glossam
912 2263 989 2298 pos!
1012 2258 1078 2288 litis
1103 2258 1220 2288 haben!
1244 2271 1262 2287 π
1289 2259 1354 2288 side
1380 2259 1527 2290 iussores

196 2303 359 2334 fructuum
452 2309 484 2334 et
501 2302 566 2334 cod.
589 2303 630 2343 (ἓ)
655 2301 738 2341 Vrs„
759 2302 834 2333 Asc.
853 2313 860 2332 z
885 2313 949 2332 om.
966 2307 989 2341 j>
1008 2302 1072 2331 rcll.
1189 2312 1227 2339 24
1256 2302 1305 2331 his
1319 2308 1341 2342 p
1360 2314 1365 2332 :
1393 2302 1432 2333 iis
1448 2302 1465 2331 b
1484 2303 1526 2333 al.

197 2357 237 2386 25
263 2347 370 2386 possit
384 2353 407 2387 s>
425 2347 489 2376 rell.
505 2358 510 2376 :
539 2351 652 2385 posset
669 2357 711 2386 qr
885 2356 927 2385 29
950 2347 1006 2384 qui
1025 2345 1057 2375 id
1075 2346 1115 2375 ad
1135 2346 1248 2386 scripsi
1263 2346 1314 2385 (cf.
1335 2346 1367 2382 ii,
1389 2349 1404 2383 §
1428 2348 1501 2385 177)
1519 2358 1526 2376 ι

196 2391 274 2431 quid
292 2391 333 2421 ad
351 2390 416 2421 cod.
435 2390 547 2429 Mein,
569 2389 670 2421 Prisc.
690 2401 696 2420 :
720 2389 799 2428 quid
819 2390 850 2419 id
868 2390 909 2420 ad
928 2389 966 2419 br
981 2400 1056 2420 cum
1068 2389 1148 2430 pler.
1166 2401 1173 2419 z
1197 2389 1275 2428 quid
1293 2389 1334 2420 ad
1351 2389 1383 2420 id
1395 2395 1442 2430 pq
