1769 2739
231 121 260 157 9
284 118 323 148 28
650 111 709 148 M.
739 110 908 147 TVLLI
939 109 1246 149 CICERONIS

279 220 483 259 inimicum
515 233 601 260 esse
627 220 740 267 dicis,
761 233 845 259 sese
876 227 1008 259 tamen
1033 228 1071 258 te
1091 228 1223 260 actore
1243 223 1294 260 ad
1315 221 1505 262 iudicium
1526 237 1608 264 non

276 286 492 324 adfuturos.
553 287 685 335 Quare
715 293 860 334 negent
889 299 936 323 ex
965 299 1028 324 me
1063 299 1143 324 non
1172 286 1333 325 audies:
1369 289 1441 326 hos
1475 296 1608 339 patere

277 349 316 388 id
338 351 524 401 suspicari
546 352 654 401 quod
675 363 836 389 necesse
857 358 924 388 est.
987 350 1047 388 Illi
1069 350 1241 400 quidem,
1258 359 1299 389 ut
1320 360 1378 390 est
1398 354 1605 392 hominum

274 428 398 464 genus
419 415 535 454 nimis
554 424 714 454 acutum
736 423 773 453 et
794 414 1066 465 suspiciosum,
1084 428 1163 453 non
1185 424 1222 454 te
1242 430 1288 455 ex
1308 416 1438 456 Sicilia
1460 417 1604 457 litteras

275 480 314 518 in
354 483 514 520 Verrem
555 483 761 531 deportare
794 482 897 519 velle
936 480 1179 527 arbitrantur,
1217 483 1297 528 sed,
1331 484 1439 531 quod
1474 483 1635 529 isdem5

273 547 409 586 litteris
431 547 531 585 illius
554 554 731 597 praetura
751 554 789 585 et
811 554 876 584 tua
897 554 1106 595 quaestura
1135 547 1363 597 consignata
1390 547 1449 594 sit,
1471 561 1601 598 aspor-

274 619 354 650 tare
375 619 412 650 te
432 613 531 650 velle
552 626 598 650 ex
618 611 748 650 Sicilia
770 611 914 649 litteras
938 611 1194 661 suspicantur.

214 689 253 720 29
330 677 486 715 Deinde
533 685 801 715 accusatorem
852 678 1007 714 firmum
1048 690 1262 726 verumque
1301 691 1386 716 esse
1434 686 1597 728 oportet.

273 744 375 780 Eum
397 756 470 792 ego
491 742 521 779 si
543 749 580 780 te
600 749 735 792 putem
757 754 900 790 cupere
930 755 1025 787 esse,
1050 741 1161 779 facile
1192 741 1376 792 intellego
1405 757 1490 781 esse
1520 757 1599 781 non

270 820 394 856 posse.
455 808 541 845 Nec
571 820 617 845 ea
646 806 747 852 dico,
771 819 872 856 quae
902 805 932 844 si
962 805 1091 843 dicam
1127 814 1258 844 tamen
1291 806 1486 846 infirmare
1518 821 1597 846 non
1623 822 1661 844 10

269 871 405 921 possis,
429 879 477 917 te,
500 879 711 922 antequam
735 872 784 909 de
805 870 935 908 Sicilia
957 871 1180 916 decesseris,
1206 871 1244 908 in
1265 871 1426 921 gratiam
1453 872 1598 910 redisse

267 950 357 974 cum
380 925 526 983 Verre,
558 938 830 983 Potamonem,
854 935 1022 975 scribam
1052 945 1090 975 et
1126 936 1354 975 familiarem
1391 945 1513 984 tuum,
1545 951 1599 975 re-

267 1008 418 1039 tentum
452 1014 536 1039 esse
565 1015 588 1038 a
608 1003 729 1039 Verre
759 1001 798 1039 in
834 1001 1044 1051 provincia,
1070 1015 1160 1039 cum
1191 1009 1232 1040 tu
1268 1003 1507 1049 decederes3
1540 1004 1594 1040 M.

267 1065 495 1113 Caecilium,
525 1068 680 1105 fratrem
711 1074 834 1114 tuum,
864 1067 1119 1105 lectissimum
1154 1075 1273 1117 atque
1305 1067 1594 1106 ornatissimum

264 1133 571 1178 adulescentem,
605 1145 684 1170 non
717 1133 838 1170 modo
877 1145 956 1170 non
995 1133 1134 1170 adesse
1172 1145 1302 1181 neque
1340 1138 1470 1170 tecum
1510 1140 1595 1170 tuas
1619 1146 1655 1178 15

265 1197 424 1235 iniurias
446 1197 636 1247 persequi,
660 1198 729 1235 sed
751 1210 835 1235 esse
857 1210 947 1235 cum
969 1199 1090 1235 Verre
1117 1204 1155 1235 et
1185 1210 1276 1234 cum
1297 1196 1364 1235 illo
1385 1196 1596 1235 familiaris-

265 1262 362 1300 sime
391 1270 510 1312 atque
539 1261 775 1300 amicissime
805 1261 943 1300 vivere.
1004 1263 1103 1300 Sunt
1133 1269 1171 1300 et
1201 1262 1299 1300 haec
1329 1269 1366 1299 et
1393 1261 1468 1299 alia
1497 1261 1536 1299 in
1558 1270 1595 1299 te

264 1328 349 1366 falsi
369 1327 606 1366 accusatoris
627 1327 736 1376 signa
757 1328 960 1376 permulta,
985 1326 1128 1376 quibus
1159 1339 1232 1376 ego
1253 1339 1358 1364 nunc
1379 1339 1459 1364 non
1481 1334 1568 1365 utor
1588 1342 1594 1364 z

265 1395 341 1431 hoc
371 1393 472 1439 dico,
496 1400 544 1438 te,
568 1392 599 1429 si
627 1391 795 1429 maxime
825 1391 970 1441 cupias,
994 1399 1124 1429 tamen
1161 1405 1294 1430 verum
1325 1398 1592 1429 accusatorem

204 1478 245 1508 30
264 1472 350 1497 esse
370 1472 449 1496 non
472 1471 597 1508 posse.
641 1456 771 1495 Video
792 1456 897 1495 enim
919 1458 1111 1506 permulta
1131 1470 1216 1495 esse
1237 1456 1400 1495 crimina
1423 1469 1591 1506 quorum
1615 1472 1654 1493 20

264 1523 333 1562 tibi
364 1523 530 1561 societas
560 1536 650 1561 cum
672 1523 792 1560 Verre
822 1521 904 1560 eius
936 1522 1043 1560 modi
1074 1529 1132 1560 est
1162 1529 1203 1560 ut
1233 1535 1279 1560 ea
1308 1521 1346 1559 in
1367 1522 1593 1559 accusando

196 1599 243 1626 10
262 1588 452 1638 attingere
482 1601 561 1626 non
591 1588 748 1625 audeas.
809 1586 995 1635 Queritur
1025 1586 1155 1625 Sicilia
1181 1594 1264 1625 tota
1285 1587 1328 1626 C.
1352 1587 1514 1625 Verrem
1541 1586 1592 1623 ab

261 1654 490 1700 aratoribus,
513 1667 603 1692 cum
634 1654 873 1691 frumentum
905 1652 978 1691 sibi
1008 1652 1047 1690 in
1083 1654 1221 1691 cellam
1252 1651 1530 1702 imperavisset,
1553 1659 1591 1689 et

262 1732 352 1757 cum
385 1726 486 1757 esset
521 1717 635 1756 tritici
666 1717 821 1756 modius
855 1718 925 1756 HS
958 1730 998 1764 11,
1032 1731 1102 1767 pro
1132 1718 1328 1755 frumento
1363 1716 1402 1753 in
1435 1715 1590 1754 modios

262 1784 435 1834 singulos
467 1784 675 1821 duodenos
714 1782 911 1821 sestertios
952 1782 1135 1832 exegisse.
1198 1784 1389 1832 Magnum
1429 1781 1588 1827 crimen,
1613 1795 1649 1826 25

262 1849 398 1899 ingens
444 1848 622 1899 pecunia,
656 1849 799 1886 furtum
839 1848 1060 1898 impudens,
1102 1847 1241 1885 iniuria
1284 1859 1365 1885 non
1405 1847 1590 1884 ferenda!

263 1917 348 1964 Ego
379 1916 454 1952 hoc
490 1927 570 1952 uno
601 1913 763 1952 crimine
798 1915 907 1952 illum
938 1914 1203 1952 condemnem
1234 1925 1394 1950 necesse
1423 1918 1505 1949 est:
1535 1918 1590 1957 tu,

201 1992 238 2023 31
263 1979 421 2024 Caecili,
458 1979 554 2029 quid
589 1979 738 2017 facies?
779 1986 908 2017 utrum
944 1980 1020 2016 boc
1053 1986 1204 2016 tantum
1240 1977 1387 2015 crimen
1427 1983 1590 2026 praeter-

263 2044 392 2083 mittes
423 2058 473 2082 an
512 2043 690 2082 obicies?
737 2044 776 2083 Si
815 2043 974 2090 obicieS,
1010 2043 1101 2082 idne
1139 2042 1247 2081 alteri
1287 2041 1437 2080 crimini
1477 2041 1590 2079 dabis

261 2110 370 2159 quod
404 2110 545 2147 eodem
576 2116 752 2159 tempore
783 2108 821 2146 in
852 2110 992 2147 eadem
1023 2107 1222 2158 provincia
1252 2114 1292 2145 tu
1323 2106 1405 2156 ipse
1436 2105 1589 2144 fecisti?
1609 2117 1649 2147 30

258 2173 423 2212 audebis
445 2174 497 2211 ita
517 2188 700 2213 accusare
720 2175 884 2212 alterum
907 2181 947 2211 ut
969 2186 1049 2222 quo
1070 2172 1198 2210 minus
1220 2180 1301 2210 tute
1323 2171 1588 2209 condemnere

259 2252 436 2277 recusare
459 2252 537 2277 non
560 2239 714 2289 possis?
762 2239 828 2277 Sin
858 2237 1151 2288 praetermittes,
1175 2236 1300 2287 qualis
1330 2236 1400 2275 erit
1430 2244 1495 2273 tua
1516 2235 1589 2274 ista

303 2351 321 2378 4
346 2339 445 2370 nimis
461 2349 527 2369 om.
547 2337 658 2376 G2LK
777 2346 796 2375 5
821 2336 926 2376 quod]
948 2346 1022 2367 cum
1041 2337 1074 2365 νδ
1187 2346 1208 2374 9
1232 2346 1296 2366 non
1315 2346 1391 2366 esse
1410 2346 1512 2376 posse
1523 2337 1586 2368 ΒΨ

259 2395 300 2423 32
327 2382 568 2423 praetermittis
585 2380 619 2410 D
636 2393 656 2410 π
672 2380 714 2412 al.
830 2381 893 2411 ista
910 2384 967 2410 tua
985 2379 1056 2419 (sed
1070 2390 1145 2410 cum
1161 2380 1266 2420 signis
1290 2383 1427 2419 transp.)
1446 2380 1489 2419 D,
1509 2381 1586 2411 item

262 2427 340 2466 G2K
354 2427 396 2458 al.
418 2427 451 2467 (ξ
471 2436 490 2456 2
507 2426 624 2466 supra)
