1715 2734
180 103 236 140 94
261 110 321 131 220
622 95 677 131 M.
710 94 879 131 TVLLI
911 93 1219 132 CICERONIS

255 218 420 253 summa,
455 206 524 244 sed
553 219 677 256 genus
708 205 993 244 aestimationis
1021 206 1092 245 erit
1119 207 1433 257 comprobatum,
1456 220 1587 257 neque

256 271 331 309 hoc
361 271 524 321 potestis
547 271 730 317 iudicare,
753 271 872 309 ternis
894 271 1064 310 denariis
1090 271 1296 310 aestimare
1324 272 1450 320 licere,
1473 272 1587 312 denis

254 349 335 374 non
374 336 500 375 licere.
573 336 651 375 Vbi
683 336 787 374 enim
824 338 946 375 semel
979 337 1030 375 ab
1064 350 1246 375 annonae
1281 337 1431 375 ratione
1465 344 1503 375 et
1536 337 1587 375 ab

253 409 448 439 aratorum
472 403 673 439 voluntate
701 415 760 439 res
787 402 838 439 ad
869 401 1057 451 praetoris
1081 401 1288 440 libidinem
1310 403 1495 439 translata
1515 410 1584 448 est,

254 479 334 503 non
357 474 414 504 est
435 466 511 504 iam
537 466 576 503 in
603 467 688 515 lege
708 479 838 516 neque
859 466 898 503 in
921 466 1061 512 officio,
1085 468 1154 505 sed
1182 466 1220 504 in
1243 467 1444 504 voluntate
1465 465 1588 504 homi·
1607 481 1624 512 5

182 540 236 579 95
256 544 350 568 num
372 538 491 580 atque
510 530 670 569 avaritia
692 531 841 580 positus
864 532 1007 570 modus
1023 531 1268 569 aestimandi.
1322 532 1587 581 Quapropter,

173 804 229 825 221

172 1520 231 1544 222

255 595 286 633 si
308 609 376 634 vos
401 597 522 634 semel
550 595 589 633 in
615 595 831 634 iudicando
852 597 971 634 finem
999 595 1207 646 aequitatis
1238 604 1276 633 et
1306 595 1400 645 legis
1431 595 1589 633 transie-

254 661 345 707 ritis,
370 661 508 700 scitote
529 674 598 699 vos
620 662 771 699 nullum
799 661 938 700 ceteris
966 660 1005 700 in
1029 660 1278 700 aestimando
1299 662 1418 699 finem
1447 660 1588 711 impro-

254 726 386 764 bitatis
408 734 445 763 et
465 725 647 764 avaritiae
669 725 882 776 reliquisse.

308 790 452 829 Videte
492 790 606 840 igitur
644 804 763 841 quam
803 792 926 829 multa
965 790 1080 828 simul
1118 804 1141 829 a
1174 790 1288 829 vobis
1326 791 1583 840 postulentur.
1611 804 1647 826 10

254 855 460 894 Absolvite
477 869 567 893 eum
585 855 651 905 qui
673 869 714 894 se
731 857 896 894 fateatur
914 855 1102 894 maximas
1118 855 1306 906 pecunias
1323 869 1413 893 cum
1432 869 1588 894 summa

253 921 450 959 sociorum
474 921 612 959 iniuria
632 921 794 971 cepisse.
854 922 946 959 Non
978 929 1036 960 est
1067 921 1185 959 satis:
1216 928 1307 960 sunt
1336 920 1401 958 alii
1426 933 1587 970 quoque

253 988 477 1037 complures
507 986 574 1036 qui
604 985 711 1025 idern
741 986 914 1025 fecerint.
976 986 1181 1025 Absolvite
1203 985 1321 1025 etiam
1344 985 1442 1032 illos,
1466 985 1496 1024 si
1519 985 1585 1035 qui

253 1059 354 1098 sunt,
374 1059 416 1089 ut
436 1064 517 1089 uno
538 1050 685 1089 iudicio
706 1064 823 1101 quam
847 1050 1036 1101 plurimos
1057 1051 1259 1102 improbos
1280 1050 1464 1089 liberetis.
1524 1051 1586 1088 Ne

252 1115 293 1154 id
323 1115 484 1166 quidem
520 1115 612 1153 satis
639 1123 721 1154 est:
752 1115 867 1154 facite
897 1123 939 1154 ut
968 1115 1107 1154 ceteris
1137 1117 1303 1166 posthac
1327 1115 1433 1154 idern
1457 1114 1582 1153 liceat.
1608 1127 1646 1159 15

254 1180 431 1219 Licebit:
471 1181 604 1219 adhuc
642 1194 779 1231 parum
818 1189 887 1219 est.
960 1181 1177 1220 Permittite
1215 1189 1257 1219 ut
1296 1181 1411 1219 liceat
1449 1179 1585 1230 quanti

253 1246 421 1296 quisque
441 1246 533 1285 velit
554 1246 651 1284 tanti
671 1246 888 1285 aestimare.
949 1245 1189 1285 Permissum
1220 1254 1302 1285 est:
1333 1245 1586 1284 stultissimus

253 1311 420 1362 quisque
441 1313 606 1362 posthac
627 1311 794 1350 minimo
823 1311 1058 1351 aestimabit.
1119 1311 1274 1351 Videtis
1295 1311 1371 1350 iam
1394 1312 1584 1361 profecto,

252 1377 413 1424 iudices,
432 1378 506 1415 hac
526 1377 800 1416 aestimatione
819 1390 842 1415 a
862 1377 974 1416 vobis
995 1378 1252 1428 comprobata
1273 1390 1403 1427 neque
1420 1377 1584 1415 modum

253 1444 419 1492 posthac
457 1442 640 1481 avaritiae
679 1441 912 1492 cuiusquam
947 1456 1078 1492 neque
1111 1456 1283 1493 poenam
1323 1441 1585 1492 improbitatis
1606 1452 1647 1474 20

253 1509 434 1545 futuram.
496 1509 627 1556 Quam
658 1508 711 1545 ob
741 1521 822 1545 rem
853 1506 949 1557 quid
974 1507 1067 1558 agis,
1092 1507 1315 1546 Hortensi?
1371 1507 1523 1546 Consul
1544 1520 1586 1545 es

253 1572 491 1622 designatus,
542 1572 785 1622 provinciam
836 1573 1041 1611 sortiturus
1090 1586 1130 1611 es
1148 1587 1158 1620 ,;
1213 1574 1265 1611 de
1312 1571 1587 1611 aestimatione

253 1637 436 1675 frumenti
469 1651 558 1675 cum
589 1637 709 1684 dices,
733 1638 788 1676 sic
817 1646 855 1676 te
881 1638 1090 1676 audiemus
1115 1638 1226 1688 quasi
1247 1638 1287 1677 id
1309 1639 1418 1688 quod
1438 1638 1489 1675 ab
1511 1637 1586 1675 isto

253 1710 357 1740 recte
379 1704 524 1740 sactum
553 1715 639 1740 esse
669 1703 860 1741 defendes
890 1711 928 1741 te
957 1704 1150 1741 facturum
1172 1704 1388 1753 profiteare,
1412 1710 1450 1741 et
1471 1702 1582 1753 quasi

252 1769 361 1816 quod
392 1767 452 1805 isti
484 1767 632 1805 licitum
664 1781 750 1806 esse
779 1768 887 1806 dices
908 1769 1162 1807 vehementer
1191 1768 1325 1818 cupias
1356 1768 1426 1806 tibi
1454 1767 1580 1806 licere.
1605 1780 1644 1811 25

254 1832 388 1882 Atqui,
429 1833 460 1870 si
500 1833 540 1871 id
579 1833 724 1881 licebit,
765 1834 862 1872 nihil
901 1842 959 1873 est
998 1835 1108 1885 quod
1152 1834 1297 1885 putetis
1342 1847 1581 1884 quemquam

254 1900 418 1948 posthac
451 1898 753 1937 commissurum
795 1908 836 1938 ut
868 1901 918 1938 de
958 1900 1136 1950 pecuniis
1175 1899 1403 1950 repetundis
1441 1899 1585 1938 conde-

297 2013 316 2032 2
342 2003 438 2032 denis
458 2013 523 2033 non
545 2003 645 2034 licere
668 2004 765 2034 VcO:
791 2010 895 2045 om.p
913 2005 978 2036 rell.
1091 2017 1111 2044 4
1138 2011 1328 2044 praetorum
1351 2004 1382 2033 V
1480 2005 1500 2034 8
1527 2003 1584 2033 im-

253 2046 446 2086 probitatis>
463 2051 492 2076 et
502 2048 579 2086 pler.
603 2049 706 2088 :f01·t.
728 2053 798 2079 reae
936 2059 972 2087 13
998 2048 1086 2079 idem
1104 2050 1160 2088 qui
1181 2049 1211 2078 Ο
1348 2057 1385 2086 14
1411 2047 1584 2086 improbos

257 2090 332 2120 VcO
349 2102 355 2120 t
381 2091 537 2131 impiosp
556 2091 620 2123 rrll.
767 2102 815 2131 ¹7·
842 2094 877 2123 18
903 2093 985 2123 tanti
1003 2117 1010 2124 .
1032 2117 1039 2124 .
1060 2117 1067 2124 .
1088 2091 1290 2127 aestimabit,
1309 2091 1424 2122 mediis
1439 2091 1580 2129 omissis,

248 2138 272 2172 p
289 2137 317 2163 el
333 2133 396 2165 rell.
413 2138 543 2172 praeter
562 2135 622 2165 VO
718 2145 753 2175 17
782 2136 984 2166 Permissum
1006 2141 1080 2166 esto
1096 2135 1238 2165 Halmio
1254 2139 1335 2165 auct.
1355 2134 1458 2173 Kays.
1476 2145 1482 2164 :
1507 2143 1583 2173 per-

254 2177 390 2207 missum
417 2178 481 2207 erit
505 2178 618 2209 Muell.
776 2190 809 2209 21
842 2190 940 2219 quam
968 2180 1010 2209 ob
1039 2189 1109 2210 rem
1140 2179 1224 2209 VO:
1248 2189 1331 2218 quas
1347 2178 1388 2208 ob
1406 2182 1495 2216 resp
1513 2177 1578 2208 rell.

253 2230 294 2250 22
318 2221 496 2251 sortiturus
526 2232 563 2252 es
587 2227 612 2261 p
638 2221 719 2253 Ant.
740 2224 884 2263 August.
911 2224 974 2254 al.:
1001 2224 1140 2253 sortitus
1161 2233 1197 2253 es
1222 2223 1279 2252 rcll
1301 2220 1477 2262 praeterO
1498 2231 1579 2253 (Sor-

254 2263 324 2301 tiri)
343 2275 349 2293 :
375 2265 519 2295 sortiere
539 2265 652 2297 Mucll.
789 2277 829 2304 24
855 2267 1017 2297 defendes
1038 2266 1085 2296 V:
1110 2267 1153 2296 —is
1170 2266 1236 2297 rell.
1380 2273 1423 2303 25
1447 2264 1531 2294 dicis
1550 2263 1580 2294 O

253 2308 367 2347 cupias
385 2307 442 2338 tibi
461 2308 563 2339 licere
577 2315 619 2341 at.
640 2309 745 2349 suppl.
767 2310 799 2339 ὡκ
817 2310 874 2340 lac.
890 2309 926 2350 p²
