1715 2734
158 113 209 152 35
229 120 268 154 92
598 104 655 141 M.
687 103 856 140 TVLLI
889 103 1197 141 CICERONIS

227 215 362 254 aderat
400 228 506 261 uxor,
548 228 650 264 quae
695 213 890 252 consolari
929 213 1131 253 hominem
1180 214 1219 252 in
1259 213 1370 252 malis
1418 221 1560 265 posset.

167 296 209 329 93
230 279 363 318 Huius
400 287 531 318 autem
572 280 757 330 praeclari
793 278 1035 329 imperatoris
1074 279 1127 317 ita
1165 285 1246 317 erat
1284 292 1417 317 severa
1455 280 1563 318 domi

227 344 435 394 disciplina
456 352 497 383 ut
518 345 556 382 in
578 358 617 382 re
639 352 746 382 tanta
766 352 804 382 et
832 352 910 382 tam
938 344 1042 394 gravi
1073 344 1212 382 nuntio
1239 357 1358 382 nemo
1386 345 1564 383 admitte-

226 417 340 456 retur,
364 423 483 448 nemo
514 417 615 448 esset
646 409 712 459 qui
740 410 901 447 auderet
928 416 996 447 aut
1026 410 1288 448 dormientem
1310 408 1477 448 excitare
1496 418 1563 448 aut

226 474 470 524 interpellare
502 474 739 524 vigilantem.
801 476 885 512 Iam
921 487 1012 512 vero
1037 488 1077 512 re
1111 474 1160 512 ab
1191 474 1376 512 omnibus
1407 473 1563 523 cognita
1583 487 1600 519 5

225 540 485 578 concursabat
507 539 603 577 urbe
632 547 714 576 tota
736 539 904 576 maxima
927 539 1150 577 multitudo.
1211 540 1304 577 Non
1326 540 1443 586 enim,
1463 539 1563 578 sicut

224 612 305 642 erat
332 612 447 642 antea
473 617 628 653 semper
657 605 916 651 consuetudo,
941 605 1186 654 praedonum
1207 605 1421 642 adventum
1450 603 1563 654 signi-

225 669 368 707 ficabat
397 669 494 719 ignis
523 682 543 707 e
569 670 729 718 specula
755 668 931 707 sublatus
961 677 1028 707 aut
1058 671 1222 716 tumulo,
1246 670 1316 708 sed
1337 670 1495 707 flamma
1515 683 1562 708 ex

225 736 311 784 ipso
332 733 518 772 incendio
538 733 697 772 navium
719 741 756 771 et
777 735 1040 772 calamitatem
1060 742 1263 784 acceptam
1285 742 1322 772 et
1343 735 1560 784 periculum

153 806 206 849 36
226 800 418 850 reliquum
455 800 671 837 nuntiabat.
733 800 835 838 Cum
857 807 1011 849 praetor
1031 807 1280 849 quaereretur
1299 806 1337 838 et
1365 807 1560 837 constaret
1584 812 1620 834 ιο

226 864 426 903 neminem
462 866 496 903 ei
532 863 743 910 nuntiasse,
781 865 823 902 fit
857 865 908 903 ad
942 865 1107 902 domum
1139 866 1222 902 eius
1261 878 1351 902 cum
1390 866 1560 903 clamore

164 947 206 978 94
226 942 440 969 concursus
472 937 591 979 atque
630 930 811 979 impetus.
869 931 974 967 Tum
1010 929 1082 967 iste
1116 930 1305 968 excitatus
1338 930 1448 968 audit
1480 943 1560 968 rem

226 1010 387 1034 ornnem
413 1009 459 1034 ex
486 996 751 1042 Timarchide,
785 1008 920 1044 sagum
942 994 1286 1041 sumit,—lucebat
1308 995 1384 1032 iarn
1415 995 1562 1041 fere,—

226 1060 404 1111 procedit
434 1060 474 1098 in
505 1059 682 1099 medium
714 1059 794 1098 vini
827 1059 956 1099 somni
992 1059 1114 1110 stupri
1144 1061 1294 1109 plenus.
1359 1059 1561 1110 Excipitur

223 1127 274 1164 ab
305 1126 491 1164 omnibus
522 1125 604 1164 eius
636 1125 746 1164 modi
774 1127 945 1164 clamore
973 1132 1015 1164 ut
1042 1125 1077 1164 ei
1108 1124 1369 1175 Lampsaceni
1397 1125 1558 1175 periculi
1583 1140 1619 1171 15

225 1191 442 1230 similitudo
474 1199 692 1230 versaretur
727 1199 818 1230 ante
853 1192 1015 1239 oculos3
1057 1192 1134 1229 hoc
1169 1190 1287 1229 etiam
1323 1189 1448 1229 maius
1483 1191 1559 1229 hoc

224 1257 441 1304 videbatur,
476 1257 585 1306 quod
620 1256 659 1294 in
695 1256 790 1295 odio
822 1256 938 1295 simili
974 1256 1186 1295 multitudo
1219 1256 1427 1295 hominum
1462 1256 1560 1294 haec

225 1330 305 1360 erat
345 1321 524 1360 maxima.
589 1323 694 1359 Turn
743 1321 853 1360 istius
901 1330 989 1360 acta
1037 1322 1432 1367 commemorabatur,
1475 1328 1558 1359 tum

224 1386 416 1436 flagitiosa
455 1386 519 1424 illa
559 1386 749 1434 convivia,
787 1394 869 1425 tum
909 1388 1210 1437 appellabantur
1243 1400 1266 1425 a
1306 1386 1558 1424 multitudine

225 1452 406 1491 mulieres
438 1452 684 1500 nominatim,
708 1460 791 1490 turn
814 1453 1055 1501 quaerebant
1078 1466 1123 1490 ex
1146 1452 1220 1490 isto
1242 1454 1369 1502 palam
1394 1460 1450 1490 tot
1472 1452 1556 1490 dies
1579 1465 1619 1486 20

223 1517 433 1555 continuos
462 1531 530 1567 per
551 1530 650 1566 quos
679 1530 896 1567 numquam
926 1517 1030 1555 visus
1058 1525 1159 1555 esset
1191 1517 1257 1555 ubi
1288 1517 1432 1563 suisset,
1457 1517 1554 1566 quid

223 1583 376 1633 egisset,
400 1590 483 1621 tum
509 1582 719 1633 imperator
742 1583 793 1621 ab
822 1582 896 1621 isto
924 1583 1169 1632 praepositus
1193 1584 1429 1621 Cleomenes
1455 1582 1557 1632 flagi-

223 1649 388 1695 tabatur,
412 1661 542 1698 neque
563 1648 775 1698 quicquam
807 1648 967 1698 propius
992 1656 1050 1686 est
1076 1650 1221 1686 facturn
1243 1661 1361 1697 quam
1388 1655 1429 1685 ut
1459 1647 1556 1685 illud

223 1715 410 1752 Vticense
441 1715 664 1763 exemplum
698 1714 749 1752 de
786 1713 993 1752 Hadriano
1029 1715 1297 1752 transferretur
1332 1716 1552 1763 Syracusas,

222 1786 264 1817 ut
294 1780 375 1818 duo
405 1780 611 1829 sepulchra
642 1780 812 1817 duorum
843 1786 1066 1829 praetorum
1097 1779 1368 1829 improborum
1399 1779 1554 1817 duabus
1576 1790 1615 1822 25

223 1845 263 1882 in
293 1844 504 1894 provinciis
535 1844 877 1883 constituerentur.
937 1846 1086 1883 Verum
1117 1844 1252 1883 habita
1286 1852 1343 1882 est
1375 1857 1397 1881 a
1429 1843 1556 1882 multi-

222 1909 360 1948 tudine
390 1909 487 1948 ratio
518 1909 717 1959 temporis,
741 1909 876 1947 habita
905 1911 1108 1956 tumultus,
1132 1909 1265 1948 habita
1290 1908 1407 1947 etiarn
1433 1908 1557 1959 digni-

222 1975 311 2013 tatis
346 1974 724 2024 existimationisque
757 1974 992 2021 communis,
1030 1976 1139 2024 quod
1179 1974 1209 2013 is
1244 1982 1302 2013 est
1336 1982 1555 2013 conventus

222 2040 421 2090 Syracusis
444 2039 586 2078 civium
619 2041 891 2077 Romanorum
921 2047 962 2077 ut
993 2053 1072 2077 non
1102 2040 1222 2078 modo
1250 2039 1314 2077 illa
1341 2039 1552 2090 provincia,

266 2154 282 2182 7
309 2148 409 2174 antea
429 2153 565 2184 semper
588 2142 706 2181 Halm,
731 2141 800 2173 cdd.
823 2153 829 2172 :
866 2152 972 2182 anper
993 2143 1036 2172 R¹
1056 2154 1062 2173 :
1097 2153 1206 2182 nuper
1230 2142 1336 2174 R²S⁴1
1355 2154 1360 2172 :
1400 2147 1502 2174 antea
1525 2143 1550 2172 δ.

223 2187 356 2218 Habent
380 2192 424 2227 pq
463 2188 548 2217 sicut
581 2190 682 2216 antea
714 2196 805 2216 cons,
834 2191 905 2216 erat
935 2186 998 2221 (CI.
1029 2186 1106 2217 Rev.
1136 2187 1229 2217 xviii.
1260 2187 1337 2219 2125*
1518 2194 1554 2214 12

223 2231 388 2261 excitatus
406 2231 476 2260 exit
490 2232 532 2270 p&
714 2239 751 2268 14
776 2230 903 2268 excipit
925 2229 991 2269 Kb&
1175 2240 1212 2268 15
1238 2230 1419 2260 clamorem
1442 2228 1554 2269 VpR¹5

223 2275 367 2313 (excipit
386 2297 392 2305 .
413 2297 421 2304 .
442 2297 448 2305 .
469 2275 633 2304 clamores
651 2273 684 2309 k)
802 2273 840 2302 16
864 2273 970 2304 maius
988 2273 1050 2304 hoc
1070 2272 1157 2314 Vpa:
1183 2274 1287 2303 maius
1304 2272 1397 2303 st
1516 2271 1554 2301 18

222 2318 550 2348 commemorabatur
574 2316 771 2347 Hotoman:
804 2321 919 2347 -antur
943 2317 1030 2347 codd.
1188 2327 1227 2355 27
1254 2321 1306 2347 est
1331 2314 1491 2346 tumultus
1508 2315 1553 2353 ρδ

224 2361 324 2401 (Am.
342 2361 377 2399 J.
397 2360 458 2390 Ph.
480 2361 567 2391 xxvi.
586 2361 664 2400 430)
799 2361 841 2389 28
866 2366 954 2391 essct
974 2360 1066 2391 RSv
