1715 2734
125 101 171 129 10
193 96 233 127 26
360 94 364 99 '
562 91 618 127 Μ.
649 90 819 128 TVLLI
849 89 1156 129 CICERONIS

188 200 334 239 iudicia
372 201 564 251 pecuniae
604 201 810 246 dabantur,
851 214 932 239 non
976 208 1057 239 erat
1095 202 1365 251 quaerendum
1409 200 1521 240 cuius

129 277 169 310 27
189 279 307 304 manu
330 273 639 312 numerarentur,
662 266 731 303 secl
754 264 864 303 cuius
886 265 1025 303 iniuria
1045 274 1286 316 cogerentur.
1344 266 1522 306 Comites

128 1388 165 1417 28

129 1646 163 1672 11

188 331 240 369 illi
263 330 318 369 tui
343 331 484 369 delecti
507 343 646 368 manus
671 338 780 368 erant
803 338 916 378 tuae3
947 330 1143 380 praefecti,
1168 330 1332 378 scribae,
1351 330 1519 377 accensi,

188 395 341 443 medici,
366 395 602 445 haruspiceS‚
627 408 840 445 praecones
863 408 1002 433 manus
1019 404 1127 433 erant
1149 404 1262 443 tuae3
1292 403 1333 433 ut
1355 394 1522 445 quisque

187 469 225 499 te
242 461 410 500 maxime
427 460 663 510 cognatione
680 460 884 499 adfinitate
901 460 1193 499 necessitudine
1214 462 1345 510 aliqua
1360 460 1522 511 attinge-

188 526 265 573 bat,
303 526 356 564 ita
388 525 556 563 maxime
593 538 731 563 manus
772 533 838 563 tua
872 526 1109 575 putabatur3
1151 527 1292 564 cohors
1328 534 1409 564 tota
1443 525 1519 572 illa,

188 605 289 641 quae
323 593 411 640 plus
444 590 534 628 mali
571 590 725 628 Siciliae
765 589 875 628 dedit
908 604 1027 640 quam
1068 591 1098 629 si
1139 599 1299 629 centum
1339 591 1521 630 cohortes

188 656 437 706 fugitivorum
481 654 658 702 fuissent,
702 663 768 693 tua
816 668 956 693 manus
1000 655 1083 694 sine
1132 655 1398 694 controversia
1436 655 1518 694 fuit.

188 720 391 770 Quicquid
426 720 477 758 ab
512 721 653 758 horum
689 719 877 770 quopiam
910 728 1069 770 captum
1105 728 1176 768 est,
1211 721 1251 759 id
1285 734 1366 758 non
1399 722 1521 760 modo

187 786 257 824 tibi
283 787 431 832 datum,
455 786 525 824 sed
553 792 620 823 tua
645 799 764 823 manu
792 793 1041 823 numeratum
1073 785 1235 824 iudicari
1264 799 1424 824 necesse
1449 793 1517 824 est.

188 854 293 890 Nam
324 851 354 889 si
385 853 487 889 hanc
517 850 789 889 defensionem
822 850 1049 901 probabitis,
1087 853 1200 889 ‘Non
1232 851 1385 901 accepit
1414 851 1522 901 ipse,'

187 917 277 956 licet
302 916 436 955 omnia
466 917 516 954 de
543 915 721 966 pecuniis
750 915 976 964 repetundis
1006 915 1150 955 iudicia
1175 916 1328 954 tollatis.
1390 917 1522 954 Nemo

187 996 377 1032 umquam
411 995 498 1020 reus
532 989 611 1019 tam
645 994 793 1019 nocens
832 982 1051 1020 adducetur
1086 981 1152 1031 qui
1188 981 1260 1019 ista
1291 980 1522 1020 defensione

188 1061 267 1085 non
289 1046 412 1098 possit
433 1046 513 1094 uti3
538 1045 683 1085 etenim
706 1060 796 1084 cum
814 1048 954 1084 Verres
976 1054 1118 1094 utatur,
1135 1046 1223 1096 quis
1244 1046 1314 1085 erit
1332 1059 1520 1097 umquam

187 1114 352 1164 posthac
374 1126 461 1151 reus
483 1120 562 1151 tam
584 1111 760 1162 perditus
782 1111 848 1161 qui
871 1125 951 1150 non
972 1113 1022 1150 ad
1045 1113 1094 1160 Q.
1120 1111 1230 1150 Muci
1252 1111 1520 1150 innocentiam

186 1180 382 1225 referatur,
416 1178 447 1216 si
479 1192 569 1216 cum
603 1178 677 1215 isto
710 1179 960 1215 conferatur?
1019 1179 1160 1227 Neque
1196 1191 1301 1216 nunc
1341 1186 1418 1216 tam
1459 1177 1520 1216 isti

188 1243 282 1281 mihi
303 1245 467 1282 Verrem
493 1244 705 1281 defendere
728 1242 910 1280 videntur
932 1255 1051 1292 quam
1077 1242 1115 1280 in
1138 1244 1258 1280 Verre
1280 1242 1521 1281 defensionis

186 1316 377 1359 temptare
399 1308 602 1347 rationem.

241 1376 332 1424 Qua
358 1375 408 1412 de
438 1388 488 1421 re,
522 1373 683 1419 iudices,
713 1386 950 1424 magnopere
977 1373 1088 1411 vobis
1119 1373 1407 1423 providendum
1439 1380 1520 1411 est:

184 1441 353 1490 pertinet
370 1441 445 1478 hoc
467 1441 517 1478 ad
535 1453 729 1477 summam
748 1453 829 1478 rem
847 1439 1046 1489 publicam
1069 1446 1106 1477 et
1123 1440 1173 1477 ad
1191 1438 1520 1477 existimationem

184 1505 331 1544 ordinis
368 1504 489 1543 nostri
524 1505 770 1554 salutemque
806 1504 1014 1543 sociorum.
1074 1503 1113 1542 Si
1148 1503 1252 1542 enim
1289 1503 1520 1542 innocentes

183 1570 393 1609 existimari
435 1571 627 1616 volumus,
672 1583 752 1607 non
797 1571 925 1607 solum
965 1582 1051 1615 nos,
1091 1570 1159 1607 sed
1205 1568 1322 1607 etiam
1365 1576 1520 1607 nostros

184 1635 348 1675 comites
371 1643 564 1685 praestare
586 1635 790 1673 debemus.
852 1634 1027 1672 Primum
1049 1634 1225 1672 omnium
1249 1647 1367 1684 opera
1388 1635 1520 1673 danda

184 1708 242 1739 est
264 1709 305 1738 ut
333 1714 400 1739 eos
422 1700 629 1738 nobiscum
657 1701 872 1738 educamus
894 1699 961 1749 qui
993 1707 1147 1737 nostrae
1170 1701 1295 1737 famae
1320 1698 1518 1749 capitique

185 1767 417 1812 consulant,
460 1765 616 1811 deinde,
660 1764 690 1803 si
731 1764 770 1802 in
814 1764 1042 1803 hominibus
1083 1764 1272 1813 eligendis
1316 1777 1388 1801 nos
1427 1777 1517 1814 spes

183 1831 378 1869 amicitiae
404 1830 594 1871 fefellerit.
620 1838 660 1868 ut
689 1829 944 1875 vindicemus,
971 1829 1109 1867 missos
1135 1829 1333 1875 faciamus,
1364 1842 1518 1879 semper

227 1935 245 1962 3
270 1923 402 1954 accensi
418 1922 538 1952 medici
559 1922 627 1952 C01
648 1935 653 1952 ;
681 1923 765 1953 rned.
787 1933 854 1954 acc.
881 1928 903 1962 p
922 1922 991 1952 rell.
1085 1933 1103 1960 4
1129 1933 1194 1961 quo
1212 1922 1351 1961 quisque
1370 1922 1411 1951 πλε
1499 1923 1520 1952 6

183 1973 252 1997 tota
271 1967 325 1997 illa
344 1967 413 1997 601
433 1978 438 1996 ;
465 1972 533 1996 tota
552 1972 606 1996 tua
630 1966 683 1996 illa
702 1978 743 1995 π;
771 1972 824 1996 tua
848 1971 917 1996 tota
938 1966 993 1996 illa
1017 1966 1095 1997 Par.
1118 1967 1223 2005 7786:
1250 1971 1318 1996 tota
1337 1965 1391 1996 illa
1410 1971 1465 1996 tua
1483 1966 1518 1994 Ι)δ

185 2021 200 2048 7
228 2011 364 2041 Siciliae
382 2010 474 2040 dedit
493 2009 520 2039 6
535 2009 623 2040 codd.
644 2022 650 2040 z
676 2011 768 2040 dedit
787 2010 852 2040 Sic.
874 2010 961 2049 vulg.
1093 2020 1131 2039 10
1156 2015 1364 2039 numeratum
1383 2010 1426 2039 sit
1446 2008 1517 2040 CO¹

186 2065 264 2084 «1111.
288 2054 442 2091 iudicari)
540 2064 573 2083 11
602 2054 732 2092 acecpit
752 2053 796 2083 C:
821 2054 943 2089 accipit
961 2052 1023 2082 rrbk
1145 2063 1181 2091 13
1207 2063 1285 2083 rcus
1303 2058 1370 2082 tam
1390 2062 1518 2082 nocens

186 2097 232 2137 Cp
250 2097 315 2127 aL:
342 2108 369 2127 v.
390 2096 513 2127 Anecd.
538 2102 570 2136 p.
592 2096 820 2126 xxvii-xxviii.
890 2096 991 2126 Verba
1017 2101 1083 2126 tam
1108 2096 1281 2126 convictus
1306 2096 1339 2125 in
1359 2106 1465 2135 matg.
1489 2094 1518 2124 0

187 2140 341 2172 videntur
354 2140 525 2181 inrepsisse
539 2151 578 2170 ex
593 2140 698 2169 simili
709 2139 785 2177 loco,
806 2140 825 2179 i,
848 2143 862 2177 ξ
886 2149 925 2170 10
1061 2141 1099 2169 16
1123 2139 1174 2169 isti
1197 2138 1275 2168 mihi
1295 2138 1340 2169 C:
1365 2139 1445 2168 mihi
1464 2139 1519 2169 isti

183 2190 207 2225 p
224 2185 288 2214 rell.
430 2194 469 2223 19
491 2194 698 2223 magnopere
718 2183 765 2224 Cp
784 2183 818 2223 gi,
842 2187 856 2221 ξ
877 2184 956 2223 27):
980 2193 1102 2222 magno
1121 2193 1226 2222 opere
1242 2181 1313 2213 edd.
1330 2193 1337 2219 ;
1361 2183 1401 2220 cs.
1422 2184 1436 2219 §
1462 2191 1520 2220 173

188 2240 229 2259 20
255 2239 323 2259 rem
343 2238 374 2266 p.
396 2226 498 2266 COp:
524 2227 570 2256 rei
592 2236 619 2264 p.
642 2226 709 2256 rell.
847 2236 883 2255 21
906 2226 1013 2256 nostri
1035 2226 1104 2258 60ι
1123 2238 1129 2256 :
1154 2237 1217 2258 om.
1234 2233 1259 2267 p
1277 2227 1342 2258 rell.
1480 2239 1521 2259 22

191 2282 251 2303 nos
276 2272 484 2301 abstinentes
510 2269 596 2300 codd.
621 2273 749 2309 pracler
772 2268 841 2300 60ι
932 2275 1067 2300 nostros
1085 2270 1227 2300 comites
1247 2270 1312 2310 Cpb
1328 2271 1370 2302 al.
1392 2282 1398 2300 :
1432 2282 1516 2302 corn.

191 2321 294 2346 nostr.
317 2313 359 2343 0ι
471 2324 511 2351 23
536 2314 681 2343 omnium
700 2323 764 2342 ont.
787 2312 846 2343 CO
863 2313 953 2352 (add.
975 2314 1034 2354 0¹)
1169 2324 1210 2352 24
1237 2315 1418 2346 educamus
1437 2314 1517 2345 CO:

192 2360 355 2390 ducamus
373 2357 434 2388 rell.
574 2358 614 2385 26
639 2356 819 2386 iudicemus
833 2363 879 2396 sq
902 2356 1012 2395 xindic.
1036 2369 1063 2397 r)

1544 800 1582 822 10

1543 1455 1581 1476 20
