1715 2734
142 103 194 142 25
214 101 255 142 64
585 96 641 132 M.
673 96 842 133 TVLLI
874 95 1183 134 CICERONIS

213 219 292 244 non
319 205 587 256 praedonibus
609 205 743 256 captis,
769 205 799 243 si
821 205 887 255 qui
909 219 1022 244 senes
1042 219 1088 244 ac
1109 206 1306 244 deformes
1333 213 1454 254 erant,
1477 220 1544 247 eos

211 270 250 308 in
276 270 449 309 hostiurn
477 284 643 309 numero
672 270 782 309 ducit
797 285 806 318 3
851 270 918 320 qui
943 270 1092 320 aliquid
1120 272 1268 309 formae
1298 271 1435 310 aetatis
1459 271 1547 310 arti-

210 335 353 386 ficique
392 336 606 383 habebant,
640 335 802 374 abducit
841 335 980 382 omnis,
1016 349 1096 374 non
1135 337 1264 375 nullos
1296 336 1432 375 scribis
1464 336 1545 375 filio

209 400 442 452 cohortique
473 400 681 447 distribuit,
717 400 1021 451 symphoniacos
1062 401 1242 440 homines
1281 415 1348 439 sex
1386 400 1544 440 cuidam

208 466 338 506 amico
363 480 435 505 suo
466 468 636 505 Romam
666 466 818 505 muneri
849 466 964 505 misit.
1036 468 1125 505 Nox
1150 466 1214 504 illa
1239 474 1321 505 tota
1347 466 1387 504 in
1418 465 1546 504 exina-
1566 483 1583 514 5

208 532 359 571 niunda
379 546 478 570 nave
503 531 758 571 consumitur.
817 531 1104 582 Archipiratam
1136 532 1264 582 ipsum
1285 531 1391 570 videt
1412 544 1541 577 nemo,

207 598 258 636 de
279 611 359 648 quo
379 597 616 647 supplicium
638 596 740 635 sumi
759 597 943 646 oportuit.
1005 597 1140 635 Hodie
1161 610 1300 636 omnes
1320 596 1376 634 sic
1397 597 1544 635 habent

207 663 358 713 -quid
380 663 462 701 eius
495 662 542 700 sit
563 675 631 701 vos
652 662 879 701 coniectura
898 661 1063 712 adsequi
1084 661 1411 700 debetis—istum
1442 663 1544 700 clam

207 741 229 766 a
259 727 390 778 piratis
421 728 472 766 ob
503 729 610 766 hunc
640 727 916 778 archipiratam
947 727 1157 778 pecuniam
1187 727 1396 778 accepisse.

265 793 526 833 ‘Coniectura
560 795 641 832 est.'
701 794 827 832 Iudex
866 807 951 832 esse
992 793 1119 832 bonus
1151 807 1270 831 nemo
1308 800 1437 843 potest
1476 793 1542 843 qui
1567 809 1605 832 10

206 858 431 909 suspicione
456 866 561 897 certa
596 872 675 897 non
712 865 901 897 movetur.
963 857 1181 896 Hominem
1217 858 1350 904 nostis,
1381 871 1544 897 consue-

206 925 385 962 tudinem
417 923 595 962 omnium
633 923 912 974 tenetis,—-qui
938 925 1081 962 ducem
1108 924 1353 974 praedonum
1385 931 1452 962 aut
1477 925 1544 963 ho-

205 989 322 1028 stium
340 989 497 1040 ceperit,
515 1003 633 1039 quam
648 989 815 1028 libenter
835 1003 926 1028 eum
947 990 1075 1039 palam
1096 996 1187 1026 ante
1207 990 1343 1027 oculos
1364 988 1542 1027 omnium

205 1069 290 1094 esse
322 1055 499 1106 patiatur.
561 1054 780 1093 Hominem
808 1054 848 1092 in
876 1061 986 1093 tanto
1013 1061 1210 1092 conventu
1238 1053 1435 1103 Syracusis
1463 1053 1541 1093 vidi

206 1120 418 1168 neminem,
456 1120 616 1167 iudices,
659 1120 726 1170 qui
761 1118 1035 1170 archipiratam
1075 1126 1235 1169 captum
1274 1131 1359 1157 sese
1397 1118 1541 1158 vidisse
1563 1134 1602 1167 15

206 1187 364 1234 diceret,
388 1200 479 1225 cum
504 1199 658 1233 omnes,
679 1193 720 1224 ut
742 1199 828 1224 mos
850 1192 918 1232 est,
942 1192 984 1223 ut
1010 1186 1108 1223 solet
1134 1184 1227 1230 fieri,
1251 1191 1539 1231 concurrerent,

206 1260 452 1303 quaererent,
472 1251 604 1290 videre
629 1258 828 1301 cuperent.
889 1249 998 1299 Quid
1025 1248 1168 1288 accidit
1195 1262 1263 1287 cur
1287 1256 1397 1288 tanto
1425 1262 1543 1299 opere

205 1318 278 1357 iste
312 1319 434 1357 homo
468 1318 729 1356 occultaretur
755 1323 797 1354 ut
824 1328 915 1354 eum
946 1328 996 1353 ne
1024 1328 1116 1353 casu
1144 1314 1305 1365 quidem
1334 1315 1542 1366 quisquam

205 1383 379 1433 aspicere
408 1384 570 1432 posset?
644 1381 842 1420 Homines
873 1379 1057 1419 maritimi
1094 1380 1305 1431 Syracusis,
1326 1381 1394 1431 qui
1426 1395 1543 1432 saepe

205 1448 315 1487 istius
350 1449 463 1487 ducis
493 1461 640 1486 nomen
672 1446 886 1493 audissent,
918 1459 1035 1496 saepe
1067 1446 1300 1494 timuissent,
1336 1461 1427 1486 cum
1459 1447 1542 1486 eius
1565 1464 1604 1486 20
1713 1453 1715 1481 ὲ

205 1515 378 1552 cruciatu
417 1520 536 1563 atque
575 1511 769 1562 supplicio
807 1525 967 1562 pascere
1007 1513 1143 1550 oculos
1187 1513 1444 1564 animumque
1483 1527 1543 1553 ex-

205 1586 377 1617 saturare
421 1580 576 1624 vellent‚
618 1585 791 1627 potestas
842 1576 1058 1627 aspiciendi
1124 1578 1272 1617 nemini
1322 1580 1424 1618 facta
1471 1586 1538 1618 est.

143 1650 187 1682 66
205 1646 318 1682 Vnus
346 1643 466 1694 pluris
491 1644 736 1694 praedonum
758 1644 879 1682 duces
901 1645 1008 1683 vivos
1029 1646 1133 1696 cepit
1155 1647 1195 1684 P.
1219 1646 1401 1685 Servilius
1421 1659 1541 1696 quam

205 1723 344 1748 omnes
365 1716 490 1748 antea.
552 1709 774 1758 Ecquando
796 1708 910 1759 igitur
930 1711 1005 1749 isto
1028 1712 1154 1749 fructu
1176 1713 1385 1762 quisquam
1406 1712 1539 1759 caruit,

206 1782 247 1813 ut
270 1775 400 1814 videre
420 1776 585 1826 piratam
607 1782 765 1824 captum
789 1789 869 1814 non
891 1776 1053 1815 liceret?
1111 1779 1163 1815 At
1185 1785 1332 1825 contra,
1355 1791 1540 1827 quacum·
1562 1789 1600 1821 25

204 1855 282 1891 que
320 1840 391 1880 iter
429 1839 531 1887 fecit,
568 1841 645 1878 hoc
677 1840 1005 1880 iucundissimum
1045 1844 1314 1893 spectaculum
1355 1842 1541 1881 omnibus

204 1906 425 1945 vinctorum
456 1913 740 1957 captorumque
769 1907 941 1946 hostium
967 1908 1181 1958 praebebat
1197 1923 1205 1955 3
1235 1908 1368 1958 itaque
1395 1907 1430 1946 ei
1451 1921 1542 1946 con-

205 1986 340 2011 cursus
380 1972 499 2011 fiebat
539 1972 715 2023 undique
744 1981 785 2011 ut
822 1987 902 2012 non
942 1974 1064 2012 modo
1104 1987 1150 2012 ex
1190 1973 1235 2012 iis
1277 1973 1432 2024 oppidis
1463 1986 1541 2023 qua

205 2039 452 2077 ducebantur
473 2040 542 2077 sed
565 2039 682 2078 etiam
700 2052 746 2077 ex
769 2038 944 2077 finitimis
966 2038 1117 2078 w'sendi
1139 2052 1257 2077 causa
1269 2037 1536 2077 convenirent.

206 2105 298 2154 Ipse
317 2111 450 2142 autem
471 2104 692 2155 triumphus
713 2117 832 2154 quam
854 2105 905 2143 ob
937 2117 1017 2142 rem
1046 2103 1224 2142 omnium
1251 2103 1538 2154 triumphorum
1560 2115 1599 2146 30

135 765 188 802 26

146 823 187 864 65

253 2220 265 2239 1
293 2219 329 2239 ac
349 2207 433 2239 RS:
459 2212 514 2239 aut
528 2208 591 2248 pk&
611 2208 642 2248 (ξ
661 2217 701 2246 34
720 2208 837 2247 supra&
973 2217 993 2246 5
1018 2207 1244 2238 exinanienda
1261 2207 1337 2238 navi
1353 2209 1396 2249 p&
1521 2218 1537 2246 7

207 2253 248 2282 de
272 2263 337 2291 quo
359 2277 366 2284 .
386 2276 393 2283 .
413 2275 420 2282 .
445 2252 593 2292 oportuit
618 2250 676 2282 del.
697 2250 858 2281 Zielinski
880 2251 932 2291 (p.
954 2251 1029 2291 197)
1144 2251 1324 2291 Hodieque
1338 2252 1379 2291 {15
1491 2251 1538 2281 sic

207 2296 331 2326 habent
350 2305 547 2336 persuasum
562 2296 604 2335 j>5
720 2304 757 2334 14
783 2295 930 2334 patiatur
942 2296 985 2334 p&
1001 2306 1006 2324 :
1033 2294 1158 2333 patitur
1175 2294 1268 2325 1?va
1399 2304 1435 2334 15
1461 2304 1536 2325 sese

207 2338 356 2379 Zumpt:
381 2349 457 2370 esse
482 2338 568 2370 RS:
602 2338 726 2369 vidisse
751 2349 788 2368 se
810 2343 854 2378 pq
881 2340 960 2372 (om.
987 2340 1076 2377 esse)
1241 2339 1282 2369 28
1306 2337 1405 2369 fiebat
1429 2338 1537 2379 RSp:

208 2383 333 2414 fiebant
352 2384 367 2412 δ
382 2383 451 2414 cdd.
546 2382 585 2413 iis
604 2382 727 2412 Orelli:
754 2381 807 2412 his
825 2382 914 2413 codd.
