<?xml version="1.0" encoding="UTF-8"?>
<!DOCTYPE html PUBLIC "-//W3C//DTD XHTML 1.0 Transitional//EN"
    "http://www.w3.org/TR/xhtml1/DTD/xhtml1-transitional.dtd">
<html xmlns="http://www.w3.org/1999/xhtml" xml:lang="en" lang="en">
 <head>
  <title>
</title>
<meta http-equiv="Content-Type" content="text/html;charset=utf-8" />
  <meta name='ocr-system' content='tesseract 3.04.00' />
  <meta name='ocr-capabilities' content='ocr_page ocr_carea ocr_par ocr_line ocrx_word'/>
</head>
<body>
  <div class='ocr_page' id='page_1' title='image "./orationesrecogno03ciceuoft/orationesrecogno03ciceuoft_0476.png"; bbox 0 0 1715 2734; ppageno 0'>
   <div class='ocr_carea' id='block_1_1' title="bbox 124 79 1176 129">
    <p class='ocr_par' dir='ltr' id='par_1_1' title="bbox 124 79 1176 129">
     <span class='ocr_line' id='line_1_1' title="bbox 124 79 1176 129; baseline -0.001 -11"><span class='ocrx_word' id='word_1_1' title='bbox 124 81 176 129; x_wconf 87' lang='grc'>58</span> <span class='ocrx_word' id='word_1_2' title='bbox 213 94 270 127; x_wconf 84' lang='lat'>151</span> <span class='ocrx_word' id='word_1_3' title='bbox 580 81 637 118; x_wconf 88' lang='grc' dir='ltr'>Μ.</span> <span class='ocrx_word' id='word_1_4' title='bbox 669 81 838 118; x_wconf 94' lang='lat' dir='ltr'><strong>TVLLI</strong></span> <span class='ocrx_word' id='word_1_5' title='bbox 869 79 1176 119; x_wconf 89' lang='lat' dir='ltr'>CICERONIS</span> 
     </span>
    </p>
   </div>
   <div class='ocr_carea' id='block_1_2' title="bbox 118 190 1536 2129">
    <p class='ocr_par' dir='ltr' id='par_1_2' title="bbox 128 190 1536 892">
     <span class='ocr_line' id='line_1_2' title="bbox 128 190 1534 242; baseline 0.001 -15"><span class='ocrx_word' id='word_1_6' title='bbox 128 205 186 237; x_wconf 84' lang='lat'>152</span> <span class='ocrx_word' id='word_1_7' title='bbox 209 190 329 229; x_wconf 89' lang='lat' dir='ltr'>fecit?</span> <span class='ocrx_word' id='word_1_8' title='bbox 357 191 424 242; x_wconf 92' lang='lat' dir='ltr'>qui</span> <span class='ocrx_word' id='word_1_9' title='bbox 446 191 516 230; x_wconf 89' lang='lat' dir='ltr'>tibi</span> <span class='ocrx_word' id='word_1_10' title='bbox 537 191 577 230; x_wconf 87' lang='lat' dir='ltr'>id</span> <span class='ocrx_word' id='word_1_11' title='bbox 598 193 724 231; x_wconf 87' lang='lat' dir='ltr'>facere</span> <span class='ocrx_word' id='word_1_12' title='bbox 744 191 885 230; x_wconf 89' lang='lat' dir='ltr'>licuit?</span> <span class='ocrx_word' id='word_1_13' title='bbox 943 194 1087 230; x_wconf 88' lang='lat' dir='ltr'>Forum</span> <span class='ocrx_word' id='word_1_14' title='bbox 1108 193 1269 241; x_wconf 91' lang='lat' dir='ltr'>plenum</span> <span class='ocrx_word' id='word_1_15' title='bbox 1290 198 1328 230; x_wconf 90' lang='lat' dir='ltr'>et</span> <span class='ocrx_word' id='word_1_16' title='bbox 1355 190 1534 230; x_wconf 89' lang='lat' dir='ltr'>basilicas</span> 
     </span>
     <span class='ocr_line' id='line_1_3' title="bbox 207 255 1536 306; baseline -0.001 -12"><span class='ocrx_word' id='word_1_17' title='bbox 207 255 370 295; x_wconf 87' lang='lat' dir='ltr'>istorum</span> <span class='ocrx_word' id='word_1_18' title='bbox 418 256 625 295; x_wconf 86' lang='lat' dir='ltr'>hominum</span> <span class='ocrx_word' id='word_1_19' title='bbox 664 256 856 304; x_wconf 79' lang='lat' dir='ltr'>videmus,</span> <span class='ocrx_word' id='word_1_20' title='bbox 897 264 935 295; x_wconf 90' lang='lat' dir='ltr'>et</span> <span class='ocrx_word' id='word_1_21' title='bbox 982 255 1117 294; x_wconf 89' lang='lat' dir='ltr'>animo</span> <span class='ocrx_word' id='word_1_22' title='bbox 1160 269 1290 306; x_wconf 91' lang='lat' dir='ltr'>aequo</span> <span class='ocrx_word' id='word_1_23' title='bbox 1327 255 1536 304; x_wconf 88' lang='lat' dir='ltr'>videmus;</span> 
     </span>
     <span class='ocr_line' id='line_1_4' title="bbox 205 319 1533 360; baseline -0.002 -1"><span class='ocrx_word' id='word_1_24' title='bbox 205 321 328 360; x_wconf 89' lang='lat' dir='ltr'>civilis</span> <span class='ocrx_word' id='word_1_25' title='bbox 376 321 481 359; x_wconf 90' lang='lat' dir='ltr'>enim</span> <span class='ocrx_word' id='word_1_26' title='bbox 529 321 785 360; x_wconf 82' lang='lat' dir='ltr'>dissensionis</span> <span class='ocrx_word' id='word_1_27' title='bbox 825 329 863 359; x_wconf 91' lang='lat' dir='ltr'>et</span> <span class='ocrx_word' id='word_1_28' title='bbox 902 334 970 359; x_wconf 88' lang='lat' dir='ltr'>seu</span> <span class='ocrx_word' id='word_1_29' title='bbox 1018 320 1214 359; x_wconf 77' lang='lat' dir='ltr'>amentiae</span> <span class='ocrx_word' id='word_1_30' title='bbox 1253 334 1321 358; x_wconf 91' lang='lat' dir='ltr'>seu</span> <span class='ocrx_word' id='word_1_31' title='bbox 1360 319 1427 358; x_wconf 86' lang='lat' dir='ltr'>fati</span> <span class='ocrx_word' id='word_1_32' title='bbox 1465 333 1533 358; x_wconf 90' lang='lat' dir='ltr'>seu</span> 
     </span>
     <span class='ocr_line' id='line_1_5' title="bbox 205 384 1534 435; baseline -0.002 -10"><span class='ocrx_word' id='word_1_33' title='bbox 205 385 438 425; x_wconf 83' lang='lat' dir='ltr'>calamitatis</span> <span class='ocrx_word' id='word_1_34' title='bbox 473 400 552 425; x_wconf 93' lang='lat' dir='ltr'>non</span> <span class='ocrx_word' id='word_1_35' title='bbox 593 393 650 424; x_wconf 91' lang='lat' dir='ltr'>est</span> <span class='ocrx_word' id='word_1_36' title='bbox 683 385 756 424; x_wconf 91' lang='lat' dir='ltr'>iste</span> <span class='ocrx_word' id='word_1_37' title='bbox 797 388 985 424; x_wconf 89' lang='lat' dir='ltr'>molestus</span> <span class='ocrx_word' id='word_1_38' title='bbox 1017 385 1153 432; x_wconf 82' lang='lat' dir='ltr'>exitus,</span> <span class='ocrx_word' id='word_1_39' title='bbox 1185 385 1223 422; x_wconf 91' lang='lat' dir='ltr'>in</span> <span class='ocrx_word' id='word_1_40' title='bbox 1255 398 1334 435; x_wconf 87' lang='lat' dir='ltr'>quo</span> <span class='ocrx_word' id='word_1_41' title='bbox 1364 384 1534 434; x_wconf 90' lang='lat' dir='ltr'>reliquos</span> 
     </span>
     <span class='ocr_line' id='line_1_6' title="bbox 205 449 1534 496; baseline -0.002 -7"><span class='ocrx_word' id='word_1_42' title='bbox 205 452 343 490; x_wconf 88' lang='lat' dir='ltr'>saltem</span> <span class='ocrx_word' id='word_1_43' title='bbox 373 451 466 490; x_wconf 84' lang='lat' dir='ltr'>civis</span> <span class='ocrx_word' id='word_1_44' title='bbox 498 450 705 489; x_wconf 91' lang='lat' dir='ltr'>incolumis</span> <span class='ocrx_word' id='word_1_45' title='bbox 735 450 826 489; x_wconf 89' lang='lat' dir='ltr'>licet</span> <span class='ocrx_word' id='word_1_46' title='bbox 855 464 1095 489; x_wconf 89' lang='lat' dir='ltr'>conservare.</span> <span class='ocrx_word' id='word_1_47' title='bbox 1155 451 1308 496; x_wconf 83' lang='lat' dir='ltr'>Verres,</span> <span class='ocrx_word' id='word_1_48' title='bbox 1335 449 1397 487; x_wconf 84' lang='lat' dir='ltr'>ille</span> <span class='ocrx_word' id='word_1_49' title='bbox 1424 457 1534 487; x_wconf 88' lang='lat' dir='ltr'>vetus</span> 
     </span>
     <span class='ocr_line' id='line_1_7' title="bbox 204 513 1533 566; baseline -0.001 -12"><span class='ocrx_word' id='word_1_50' title='bbox 204 516 381 566; x_wconf 90' lang='lat' dir='ltr'>proditor</span> <span class='ocrx_word' id='word_1_51' title='bbox 415 515 598 562; x_wconf 88' lang='lat' dir='ltr'>consulis,</span> <span class='ocrx_word' id='word_1_52' title='bbox 635 517 841 554; x_wconf 85' lang='lat' dir='ltr'>translator</span> <span class='ocrx_word' id='word_1_53' title='bbox 875 523 1118 565; x_wconf 82' lang='lat' dir='ltr'>quaesturae,</span> <span class='ocrx_word' id='word_1_54' title='bbox 1150 528 1306 553; x_wconf 83' lang='lat' dir='ltr'>aversor</span> <span class='ocrx_word' id='word_1_55' title='bbox 1344 513 1533 563; x_wconf 87' lang='lat' dir='ltr'>pecuniae</span> 
     </span>
     <span class='ocr_line' id='line_1_8' title="bbox 204 578 1533 631; baseline -0.002 -12"><span class='ocrx_word' id='word_1_56' title='bbox 204 581 397 631; x_wconf 89' lang='lat' dir='ltr'>publicae,</span> <span class='ocrx_word' id='word_1_57' title='bbox 420 588 572 619; x_wconf 89' lang='lat' dir='ltr'>tantum</span> <span class='ocrx_word' id='word_1_58' title='bbox 594 580 668 619; x_wconf 87' lang='lat' dir='ltr'>sibi</span> <span class='ocrx_word' id='word_1_59' title='bbox 692 580 933 619; x_wconf 85' lang='lat' dir='ltr'>auctoritatis</span> <span class='ocrx_word' id='word_1_60' title='bbox 958 580 996 617; x_wconf 90' lang='lat' dir='ltr'>in</span> <span class='ocrx_word' id='word_1_61' title='bbox 1028 594 1066 618; x_wconf 91' lang='lat' dir='ltr'>re</span> <span class='ocrx_word' id='word_1_62' title='bbox 1092 579 1250 629; x_wconf 86' lang='lat' dir='ltr'>publica</span> <span class='ocrx_word' id='word_1_63' title='bbox 1279 578 1450 628; x_wconf 81' lang='lat' dir='ltr'>suscepit</span> <span class='ocrx_word' id='word_1_64' title='bbox 1480 587 1533 626; x_wconf 89' lang='lat' dir='ltr'>ut,</span> 
     </span>
     <span class='ocr_line' id='line_1_9' title="bbox 205 645 1533 697; baseline -0.002 -13"><span class='ocrx_word' id='word_1_65' title='bbox 205 646 348 697; x_wconf 91' lang='lat' dir='ltr'>quibus</span> <span class='ocrx_word' id='word_1_66' title='bbox 380 645 608 684; x_wconf 90' lang='lat' dir='ltr'>hominibus</span> <span class='ocrx_word' id='word_1_67' title='bbox 640 658 709 695; x_wconf 92' lang='lat' dir='ltr'>per</span> <span class='ocrx_word' id='word_1_68' title='bbox 742 654 934 693; x_wconf 89' lang='lat' dir='ltr'>senatum,</span> <span class='ocrx_word' id='word_1_69' title='bbox 964 659 1032 695; x_wconf 86' lang='lat' dir='ltr'>per</span> <span class='ocrx_word' id='word_1_70' title='bbox 1066 646 1257 694; x_wconf 87' lang='lat' dir='ltr'>populum</span> <span class='ocrx_word' id='word_1_71' title='bbox 1294 646 1533 690; x_wconf 88' lang='lat' dir='ltr'>Romanum,</span> 
     </span>
     <span class='ocr_line' id='line_1_10' title="bbox 204 709 1534 762; baseline -0.002 -12"><span class='ocrx_word' id='word_1_72' title='bbox 204 725 273 762; x_wconf 93' lang='lat' dir='ltr'>per</span> <span class='ocrx_word' id='word_1_73' title='bbox 293 711 422 750; x_wconf 89' lang='lat' dir='ltr'>omnis</span> <span class='ocrx_word' id='word_1_74' title='bbox 443 711 701 761; x_wconf 83' lang='lat' dir='ltr'>magistratuS‚</span> <span class='ocrx_word' id='word_1_75' title='bbox 723 710 762 748; x_wconf 89' lang='lat' dir='ltr'>in</span> <span class='ocrx_word' id='word_1_76' title='bbox 784 712 878 758; x_wconf 78' lang='lat' dir='ltr'>foro,</span> <span class='ocrx_word' id='word_1_77' title='bbox 901 710 940 748; x_wconf 92' lang='lat' dir='ltr'>in</span> <span class='ocrx_word' id='word_1_78' title='bbox 971 710 1172 760; x_wconf 83' lang='lat' dir='ltr'>suffragiis,</span> <span class='ocrx_word' id='word_1_79' title='bbox 1194 710 1234 747; x_wconf 92' lang='lat' dir='ltr'>in</span> <span class='ocrx_word' id='word_1_80' title='bbox 1264 711 1338 748; x_wconf 87' lang='lat' dir='ltr'>hac</span> <span class='ocrx_word' id='word_1_81' title='bbox 1366 710 1472 756; x_wconf 89' lang='lat' dir='ltr'>urbe,</span> <span class='ocrx_word' id='word_1_82' title='bbox 1496 709 1534 747; x_wconf 90' lang='lat' dir='ltr'>in</span> 
     </span>
     <span class='ocr_line' id='line_1_11' title="bbox 204 775 1533 827; baseline -0.002 -12"><span class='ocrx_word' id='word_1_83' title='bbox 204 791 244 815; x_wconf 93' lang='lat' dir='ltr'>re</span> <span class='ocrx_word' id='word_1_84' title='bbox 277 776 436 827; x_wconf 87' lang='lat' dir='ltr'>publica</span> <span class='ocrx_word' id='word_1_85' title='bbox 469 775 611 815; x_wconf 88' lang='lat' dir='ltr'>versari</span> <span class='ocrx_word' id='word_1_86' title='bbox 654 775 798 823; x_wconf 88' lang='lat' dir='ltr'>liceret,</span> <span class='ocrx_word' id='word_1_87' title='bbox 833 776 879 814; x_wconf 90' lang='lat' dir='ltr'>iis</span> <span class='ocrx_word' id='word_1_88' title='bbox 921 776 1107 814; x_wconf 88' lang='lat' dir='ltr'>omnibus</span> <span class='ocrx_word' id='word_1_89' title='bbox 1148 782 1312 813; x_wconf 82' lang='lat' dir='ltr'>mortem</span> <span class='ocrx_word' id='word_1_90' title='bbox 1350 775 1533 812; x_wconf 88' lang='lat' dir='ltr'>acerbam</span> 
     </span>
     <span class='ocr_line' id='line_1_12' title="bbox 203 840 1533 892; baseline -0.002 -12"><span class='ocrx_word' id='word_1_91' title='bbox 203 843 485 892; x_wconf 84' lang='lat' dir='ltr'>crudelemque</span> <span class='ocrx_word' id='word_1_92' title='bbox 505 849 742 892; x_wconf 89' lang='lat' dir='ltr'>proponeret</span> <span class='ocrx_word' id='word_1_93' title='bbox 770 841 800 879; x_wconf 90' lang='lat' dir='ltr'>si</span> <span class='ocrx_word' id='word_1_94' title='bbox 825 842 980 879; x_wconf 85' lang='lat' dir='ltr'>fortuna</span> <span class='ocrx_word' id='word_1_95' title='bbox 1007 855 1074 880; x_wconf 89' lang='lat' dir='ltr'>eos</span> <span class='ocrx_word' id='word_1_96' title='bbox 1103 842 1154 879; x_wconf 84' lang='lat' dir='ltr'>ad</span> <span class='ocrx_word' id='word_1_97' title='bbox 1180 840 1352 890; x_wconf 80' lang='lat' dir='ltr'>aliquam</span> <span class='ocrx_word' id='word_1_98' title='bbox 1383 848 1533 890; x_wconf 86' lang='lat' dir='ltr'>partem</span> 
     </span>
    </p>

    <p class='ocr_par' dir='ltr' id='par_1_3' title="bbox 123 905 1533 1413">
     <span class='ocr_line' id='line_1_13' title="bbox 123 905 1532 956; baseline -0.002 -11"><span class='ocrx_word' id='word_1_99' title='bbox 123 919 185 952; x_wconf 86' lang='lat'>153</span> <span class='ocrx_word' id='word_1_100' title='bbox 204 907 358 947; x_wconf 88' lang='lat' dir='ltr'>Siciliae</span> <span class='ocrx_word' id='word_1_101' title='bbox 383 906 598 946; x_wconf 88' lang='lat' dir='ltr'>detulisset.</span> <span class='ocrx_word' id='word_1_102' title='bbox 657 907 723 945; x_wconf 89' lang='lat' dir='ltr'>Ad</span> <span class='ocrx_word' id='word_1_103' title='bbox 753 907 826 946; x_wconf 92' lang='lat' dir='ltr'>Cn.</span> <span class='ocrx_word' id='word_1_104' title='bbox 860 906 1106 956; x_wconf 89' lang='lat' dir='ltr'>Pompeium,</span> <span class='ocrx_word' id='word_1_105' title='bbox 1129 905 1386 943; x_wconf 86' lang='lat' dir='ltr'>clarissimum</span> <span class='ocrx_word' id='word_1_106' title='bbox 1408 905 1532 943; x_wconf 89' lang='lat' dir='ltr'>virum</span> 
     </span>
     <span class='ocr_line' id='line_1_14' title="bbox 202 970 1533 1022; baseline -0.003 -11"><span class='ocrx_word' id='word_1_107' title='bbox 202 979 241 1011; x_wconf 89' lang='lat' dir='ltr'>et</span> <span class='ocrx_word' id='word_1_108' title='bbox 261 972 528 1019; x_wconf 85' lang='lat' dir='ltr'>fortissimum,</span> <span class='ocrx_word' id='word_1_109' title='bbox 550 970 733 1022; x_wconf 89' lang='lat' dir='ltr'>permulti</span> <span class='ocrx_word' id='word_1_110' title='bbox 754 971 887 1010; x_wconf 90' lang='lat' dir='ltr'>occiso</span> <span class='ocrx_word' id='word_1_111' title='bbox 916 974 1111 1021; x_wconf 84' lang='lat' dir='ltr'>Perperna</span> <span class='ocrx_word' id='word_1_112' title='bbox 1138 984 1184 1009; x_wconf 80' lang='lat' dir='ltr'>ex</span> <span class='ocrx_word' id='word_1_113' title='bbox 1214 970 1280 1008; x_wconf 89' lang='lat' dir='ltr'>illo</span> <span class='ocrx_word' id='word_1_114' title='bbox 1311 970 1533 1011; x_wconf 87' lang='lat' dir='ltr'>Sertoriano</span> 
     </span>
     <span class='ocr_line' id='line_1_15' title="bbox 202 1036 1533 1087; baseline -0.002 -12"><span class='ocrx_word' id='word_1_115' title='bbox 202 1051 368 1076; x_wconf 89' lang='lat' dir='ltr'>numero</span> <span class='ocrx_word' id='word_1_116' title='bbox 389 1037 557 1075; x_wconf 86' lang='lat' dir='ltr'>militum</span> <span class='ocrx_word' id='word_1_117' title='bbox 579 1037 850 1087; x_wconf 85' lang='lat' dir='ltr'>confugerunt.</span> <span class='ocrx_word' id='word_1_118' title='bbox 911 1038 1043 1085; x_wconf 84' lang='lat' dir='ltr'>Quem</span> <span class='ocrx_word' id='word_1_119' title='bbox 1066 1050 1144 1074; x_wconf 90' lang='lat' dir='ltr'>non</span> <span class='ocrx_word' id='word_1_120' title='bbox 1168 1036 1231 1074; x_wconf 90' lang='lat' dir='ltr'>ille</span> <span class='ocrx_word' id='word_1_121' title='bbox 1259 1048 1416 1073; x_wconf 88' lang='lat' dir='ltr'>summo</span> <span class='ocrx_word' id='word_1_122' title='bbox 1442 1048 1533 1073; x_wconf 91' lang='lat' dir='ltr'>cum</span> 
     </span>
     <span class='ocr_line' id='line_1_16' title="bbox 202 1098 1533 1151; baseline -0.002 -11"><span class='ocrx_word' id='word_1_123' title='bbox 202 1101 334 1141; x_wconf 89' lang='lat' dir='ltr'>studio</span> <span class='ocrx_word' id='word_1_124' title='bbox 361 1103 511 1140; x_wconf 88' lang='lat' dir='ltr'>salvum</span> <span class='ocrx_word' id='word_1_125' title='bbox 542 1101 862 1151; x_wconf 89' lang='lat' dir='ltr'>incolumemque</span> <span class='ocrx_word' id='word_1_126' title='bbox 890 1101 1083 1140; x_wconf 87' lang='lat' dir='ltr'>servavit?</span> <span class='ocrx_word' id='word_1_127' title='bbox 1112 1100 1173 1138; x_wconf 90' lang='lat' dir='ltr'>cui</span> <span class='ocrx_word' id='word_1_128' title='bbox 1202 1100 1276 1138; x_wconf 82' lang='lat' dir='ltr'>civi</span> <span class='ocrx_word' id='word_1_129' title='bbox 1298 1098 1533 1150; x_wconf 85' lang='lat' dir='ltr'>supplicanti</span> 
     </span>
     <span class='ocr_line' id='line_1_17' title="bbox 203 1165 1533 1217; baseline -0.002 -12"><span class='ocrx_word' id='word_1_130' title='bbox 203 1181 284 1206; x_wconf 91' lang='lat' dir='ltr'>non</span> <span class='ocrx_word' id='word_1_131' title='bbox 323 1167 388 1205; x_wconf 89' lang='lat' dir='ltr'>illa</span> <span class='ocrx_word' id='word_1_132' title='bbox 427 1168 586 1205; x_wconf 83' lang='lat' dir='ltr'>dextera</span> <span class='ocrx_word' id='word_1_133' title='bbox 626 1166 772 1204; x_wconf 89' lang='lat' dir='ltr'>invicta</span> <span class='ocrx_word' id='word_1_134' title='bbox 809 1167 930 1205; x_wconf 89' lang='lat' dir='ltr'>fidem</span> <span class='ocrx_word' id='word_1_135' title='bbox 974 1166 1142 1217; x_wconf 84' lang='lat' dir='ltr'>porrexit</span> <span class='ocrx_word' id='word_1_136' title='bbox 1177 1173 1214 1204; x_wconf 87' lang='lat' dir='ltr'>et</span> <span class='ocrx_word' id='word_1_137' title='bbox 1249 1179 1358 1215; x_wconf 91' lang='lat' dir='ltr'>spem</span> <span class='ocrx_word' id='word_1_138' title='bbox 1399 1165 1533 1203; x_wconf 91' lang='lat' dir='ltr'>salutis</span> 
     </span>
     <span class='ocr_line' id='line_1_18' title="bbox 202 1231 1532 1282; baseline -0.002 -11"><span class='ocrx_word' id='word_1_139' title='bbox 202 1232 408 1271; x_wconf 82' lang='lat' dir='ltr'>ostendit?</span> <span class='ocrx_word' id='word_1_140' title='bbox 476 1233 589 1270; x_wconf 89' lang='lat' dir='ltr'>Itane</span> <span class='ocrx_word' id='word_1_141' title='bbox 640 1234 764 1271; x_wconf 89' lang='lat' dir='ltr'>vero?</span> <span class='ocrx_word' id='word_1_142' title='bbox 810 1232 954 1282; x_wconf 92' lang='lat' dir='ltr'>quibus</span> <span class='ocrx_word' id='word_1_143' title='bbox 1004 1231 1075 1269; x_wconf 89' lang='lat' dir='ltr'>fuit</span> <span class='ocrx_word' id='word_1_144' title='bbox 1123 1239 1258 1282; x_wconf 89' lang='lat' dir='ltr'>portus</span> <span class='ocrx_word' id='word_1_145' title='bbox 1297 1231 1402 1281; x_wconf 86' lang='lat' dir='ltr'>apud</span> <span class='ocrx_word' id='word_1_146' title='bbox 1441 1243 1532 1268; x_wconf 92' lang='lat' dir='ltr'>eum</span> 
     </span>
     <span class='ocr_line' id='line_1_19' title="bbox 202 1295 1532 1348; baseline -0.002 -12"><span class='ocrx_word' id='word_1_147' title='bbox 202 1311 321 1348; x_wconf 90' lang='lat' dir='ltr'>quern</span> <span class='ocrx_word' id='word_1_148' title='bbox 356 1305 492 1335; x_wconf 89' lang='lat' dir='ltr'>contra</span> <span class='ocrx_word' id='word_1_149' title='bbox 522 1310 630 1335; x_wconf 91' lang='lat' dir='ltr'>arma</span> <span class='ocrx_word' id='word_1_150' title='bbox 659 1298 837 1344; x_wconf 88' lang='lat' dir='ltr'>tulerant,</span> <span class='ocrx_word' id='word_1_151' title='bbox 873 1296 918 1334; x_wconf 89' lang='lat' dir='ltr'>iis</span> <span class='ocrx_word' id='word_1_152' title='bbox 952 1298 1058 1346; x_wconf 90' lang='lat' dir='ltr'>apud</span> <span class='ocrx_word' id='word_1_153' title='bbox 1090 1304 1139 1343; x_wconf 88' lang='lat' dir='ltr'>te,</span> <span class='ocrx_word' id='word_1_154' title='bbox 1170 1296 1280 1334; x_wconf 90' lang='lat' dir='ltr'>cuius</span> <span class='ocrx_word' id='word_1_155' title='bbox 1310 1297 1461 1334; x_wconf 90' lang='lat' dir='ltr'>nullum</span> <span class='ocrx_word' id='word_1_156' title='bbox 1492 1295 1532 1332; x_wconf 90' lang='lat' dir='ltr'>in</span> 
     </span>
     <span class='ocr_line' id='line_1_20' title="bbox 202 1361 1532 1413; baseline -0.002 -13"><span class='ocrx_word' id='word_1_157' title='bbox 202 1377 242 1401; x_wconf 90' lang='lat' dir='ltr'>re</span> <span class='ocrx_word' id='word_1_158' title='bbox 269 1362 427 1413; x_wconf 88' lang='lat' dir='ltr'>publica</span> <span class='ocrx_word' id='word_1_159' title='bbox 457 1369 703 1400; x_wconf 88' lang='lat' dir='ltr'>momentum</span> <span class='ocrx_word' id='word_1_160' title='bbox 729 1375 918 1411; x_wconf 90' lang='lat' dir='ltr'>umquam</span> <span class='ocrx_word' id='word_1_161' title='bbox 948 1362 1031 1408; x_wconf 89' lang='lat' dir='ltr'>fuit,</span> <span class='ocrx_word' id='word_1_162' title='bbox 1055 1375 1158 1400; x_wconf 90' lang='lat' dir='ltr'>mors</span> <span class='ocrx_word' id='word_1_163' title='bbox 1180 1370 1217 1400; x_wconf 87' lang='lat' dir='ltr'>et</span> <span class='ocrx_word' id='word_1_164' title='bbox 1238 1361 1431 1399; x_wconf 88' lang='lat' dir='ltr'>cruciatus</span> <span class='ocrx_word' id='word_1_165' title='bbox 1452 1367 1532 1399; x_wconf 88' lang='lat' dir='ltr'>erat</span> 
     </span>
    </p>

    <p class='ocr_par' dir='ltr' id='par_1_4' title="bbox 130 1425 1533 1933">
     <span class='ocr_line' id='line_1_21' title="bbox 130 1425 1533 1476; baseline -0.002 -9"><span class='ocrx_word' id='word_1_166' title='bbox 130 1438 185 1476; x_wconf 87' lang='lat'>59</span> <span class='ocrx_word' id='word_1_167' title='bbox 203 1428 468 1467; x_wconf 87' lang='lat' dir='ltr'>constitutus?</span> <span class='ocrx_word' id='word_1_168' title='bbox 524 1427 627 1465; x_wconf 82' lang='lat' dir='ltr'>Vide</span> <span class='ocrx_word' id='word_1_169' title='bbox 653 1440 772 1476; x_wconf 89' lang='lat' dir='ltr'>quam</span> <span class='ocrx_word' id='word_1_170' title='bbox 802 1428 1056 1465; x_wconf 87' lang='lat' dir='ltr'>commodam</span> <span class='ocrx_word' id='word_1_171' title='bbox 1085 1426 1355 1465; x_wconf 80' lang='lat' dir='ltr'>defensionem</span> <span class='ocrx_word' id='word_1_172' title='bbox 1383 1425 1533 1475; x_wconf 85' lang='lat' dir='ltr'>excogi-</span> 
     </span>
     <span class='ocr_line' id='line_1_22' title="bbox 204 1490 1533 1541; baseline -0.002 -10"><span class='ocrx_word' id='word_1_173' title='bbox 204 1493 319 1531; x_wconf 87' lang='lat' dir='ltr'>taris!</span> <span class='ocrx_word' id='word_1_174' title='bbox 378 1494 489 1531; x_wconf 88' lang='lat' dir='ltr'>Malo</span> <span class='ocrx_word' id='word_1_175' title='bbox 510 1493 733 1530; x_wconf 88' lang='lat' dir='ltr'>mehercule</span> <span class='ocrx_word' id='word_1_176' title='bbox 761 1491 799 1530; x_wconf 91' lang='lat' dir='ltr'>id</span> <span class='ocrx_word' id='word_1_177' title='bbox 829 1493 938 1541; x_wconf 90' lang='lat' dir='ltr'>quod</span> <span class='ocrx_word' id='word_1_178' title='bbox 969 1499 1010 1529; x_wconf 92' lang='lat' dir='ltr'>tu</span> <span class='ocrx_word' id='word_1_179' title='bbox 1040 1491 1220 1530; x_wconf 83' lang='lat' dir='ltr'>defendis</span> <span class='ocrx_word' id='word_1_180' title='bbox 1250 1491 1310 1529; x_wconf 87' lang='lat' dir='ltr'>his</span> <span class='ocrx_word' id='word_1_181' title='bbox 1337 1490 1533 1529; x_wconf 89' lang='lat' dir='ltr'>iudicibus</span> 
     </span>
     <span class='ocr_line' id='line_1_23' title="bbox 202 1555 1530 1608; baseline -0.002 -12"><span class='ocrx_word' id='word_1_182' title='bbox 202 1559 431 1608; x_wconf 90' lang='lat' dir='ltr'>populoque</span> <span class='ocrx_word' id='word_1_183' title='bbox 464 1559 649 1595; x_wconf 88' lang='lat' dir='ltr'>Romano</span> <span class='ocrx_word' id='word_1_184' title='bbox 680 1570 799 1606; x_wconf 89' lang='lat' dir='ltr'>quam</span> <span class='ocrx_word' id='word_1_185' title='bbox 832 1557 872 1594; x_wconf 90' lang='lat' dir='ltr'>id</span> <span class='ocrx_word' id='word_1_186' title='bbox 904 1558 1013 1606; x_wconf 91' lang='lat' dir='ltr'>quod</span> <span class='ocrx_word' id='word_1_187' title='bbox 1047 1570 1119 1607; x_wconf 79' lang='lat' dir='ltr'>ego</span> <span class='ocrx_word' id='word_1_188' title='bbox 1148 1556 1332 1594; x_wconf 89' lang='lat' dir='ltr'>insimulo</span> <span class='ocrx_word' id='word_1_189' title='bbox 1364 1555 1530 1606; x_wconf 87' lang='lat' dir='ltr'>probari,</span> 
     </span>
     <span class='ocr_line' id='line_1_24' title="bbox 202 1620 1530 1672; baseline -0.002 -11"><span class='ocrx_word' id='word_1_190' title='bbox 202 1625 321 1670; x_wconf 80' lang='lat' dir='ltr'>malo,</span> <span class='ocrx_word' id='word_1_191' title='bbox 340 1622 513 1672; x_wconf 89' lang='lat' dir='ltr'>inquam,</span> <span class='ocrx_word' id='word_1_192' title='bbox 543 1629 581 1660; x_wconf 91' lang='lat' dir='ltr'>te</span> <span class='ocrx_word' id='word_1_193' title='bbox 611 1620 671 1659; x_wconf 85' lang='lat' dir='ltr'>isti</span> <span class='ocrx_word' id='word_1_194' title='bbox 701 1621 834 1671; x_wconf 84' lang='lat' dir='ltr'>generi</span> <span class='ocrx_word' id='word_1_195' title='bbox 864 1621 1071 1660; x_wconf 84' lang='lat' dir='ltr'>hominum</span> <span class='ocrx_word' id='word_1_196' title='bbox 1103 1635 1221 1671; x_wconf 85' lang='lat' dir='ltr'>quam</span> <span class='ocrx_word' id='word_1_197' title='bbox 1251 1621 1530 1659; x_wconf 89' lang='lat' dir='ltr'>mercatoribus</span> 
     </span>
     <span class='ocr_line' id='line_1_25' title="bbox 201 1686 1529 1737; baseline -0.002 -12"><span class='ocrx_word' id='word_1_198' title='bbox 201 1696 239 1726; x_wconf 90' lang='lat' dir='ltr'>et</span> <span class='ocrx_word' id='word_1_199' title='bbox 278 1687 524 1726; x_wconf 86' lang='lat' dir='ltr'>naviculariis</span> <span class='ocrx_word' id='word_1_200' title='bbox 563 1686 767 1724; x_wconf 90' lang='lat' dir='ltr'>inimicum</span> <span class='ocrx_word' id='word_1_201' title='bbox 806 1694 925 1736; x_wconf 89' lang='lat' dir='ltr'>atque</span> <span class='ocrx_word' id='word_1_202' title='bbox 964 1686 1149 1725; x_wconf 90' lang='lat' dir='ltr'>infestum</span> <span class='ocrx_word' id='word_1_203' title='bbox 1196 1686 1351 1737; x_wconf 79' lang='lat' dir='ltr'>putari3</span> <span class='ocrx_word' id='word_1_204' title='bbox 1398 1699 1529 1724; x_wconf 88' lang='lat' dir='ltr'>meum</span> 
     </span>
     <span class='ocr_line' id='line_1_26' title="bbox 202 1751 1530 1802; baseline -0.002 -11"><span class='ocrx_word' id='word_1_205' title='bbox 202 1753 307 1791; x_wconf 87' lang='lat' dir='ltr'>enim</span> <span class='ocrx_word' id='word_1_206' title='bbox 347 1752 495 1791; x_wconf 87' lang='lat' dir='ltr'>crimen</span> <span class='ocrx_word' id='word_1_207' title='bbox 534 1751 716 1790; x_wconf 87' lang='lat' dir='ltr'>avaritiae</span> <span class='ocrx_word' id='word_1_208' title='bbox 756 1760 793 1790; x_wconf 92' lang='lat' dir='ltr'>te</span> <span class='ocrx_word' id='word_1_209' title='bbox 840 1752 983 1790; x_wconf 85' lang='lat' dir='ltr'>nimiae</span> <span class='ocrx_word' id='word_1_210' title='bbox 1022 1752 1206 1802; x_wconf 84' lang='lat' dir='ltr'>coarguit,</span> <span class='ocrx_word' id='word_1_211' title='bbox 1248 1760 1314 1790; x_wconf 89' lang='lat' dir='ltr'>tua</span> <span class='ocrx_word' id='word_1_212' title='bbox 1351 1751 1530 1790; x_wconf 91' lang='lat' dir='ltr'>defensio</span> 
     </span>
     <span class='ocr_line' id='line_1_27' title="bbox 202 1816 1530 1856; baseline -0.002 -1"><span class='ocrx_word' id='word_1_213' title='bbox 202 1818 339 1856; x_wconf 83' lang='lat' dir='ltr'>furoris</span> <span class='ocrx_word' id='word_1_214' title='bbox 360 1817 565 1856; x_wconf 88' lang='lat' dir='ltr'>cuiusdam</span> <span class='ocrx_word' id='word_1_215' title='bbox 593 1824 630 1856; x_wconf 91' lang='lat' dir='ltr'>et</span> <span class='ocrx_word' id='word_1_216' title='bbox 656 1816 909 1855; x_wconf 86' lang='lat' dir='ltr'>immanitatis</span> <span class='ocrx_word' id='word_1_217' title='bbox 936 1824 974 1855; x_wconf 87' lang='lat' dir='ltr'>et</span> <span class='ocrx_word' id='word_1_218' title='bbox 1004 1816 1203 1856; x_wconf 85' lang='lat' dir='ltr'>inauditae</span> <span class='ocrx_word' id='word_1_219' title='bbox 1233 1816 1472 1855; x_wconf 88' lang='lat' dir='ltr'>crudelitatis</span> <span class='ocrx_word' id='word_1_220' title='bbox 1493 1822 1530 1854; x_wconf 90' lang='lat' dir='ltr'>et</span> 
     </span>
     <span class='ocr_line' id='line_1_28' title="bbox 201 1882 796 1933; baseline -0.003 -12"><span class='ocrx_word' id='word_1_221' title='bbox 201 1896 327 1933; x_wconf 82' lang='lat' dir='ltr'>paene</span> <span class='ocrx_word' id='word_1_222' title='bbox 348 1896 472 1920; x_wconf 85' lang='lat' dir='ltr'>novae</span> <span class='ocrx_word' id='word_1_223' title='bbox 493 1882 796 1932; x_wconf 86' lang='lat' dir='ltr'>proscriptionis.</span> 
     </span>
    </p>

    <p class='ocr_par' dir='ltr' id='par_1_5' title="bbox 118 1946 1529 2129">
     <span class='ocr_line' id='line_1_29' title="bbox 118 1946 1527 1996; baseline -0.002 -10"><span class='ocrx_word' id='word_1_224' title='bbox 118 1962 181 1996; x_wconf 86' lang='lat'>154</span> <span class='ocrx_word' id='word_1_225' title='bbox 256 1949 333 1986; x_wconf 90' lang='lat' dir='ltr'>Sed</span> <span class='ocrx_word' id='word_1_226' title='bbox 355 1961 434 1985; x_wconf 89' lang='lat' dir='ltr'>non</span> <span class='ocrx_word' id='word_1_227' title='bbox 457 1947 545 1985; x_wconf 88' lang='lat' dir='ltr'>licet</span> <span class='ocrx_word' id='word_1_228' title='bbox 578 1962 639 1985; x_wconf 90' lang='lat' dir='ltr'>me</span> <span class='ocrx_word' id='word_1_229' title='bbox 666 1948 739 1985; x_wconf 80' lang='lat' dir='ltr'>isto</span> <span class='ocrx_word' id='word_1_230' title='bbox 764 1955 874 1985; x_wconf 84' lang='lat' dir='ltr'>tanto</span> <span class='ocrx_word' id='word_1_231' title='bbox 903 1948 1020 1991; x_wconf 73' lang='lat' dir='ltr'>bono,</span> <span class='ocrx_word' id='word_1_232' title='bbox 1046 1948 1208 1991; x_wconf 80' lang='lat' dir='ltr'>iudices,</span> <span class='ocrx_word' id='word_1_233' title='bbox 1229 1947 1295 1993; x_wconf 88' lang='lat' dir='ltr'>uti,</span> <span class='ocrx_word' id='word_1_234' title='bbox 1320 1961 1399 1985; x_wconf 90' lang='lat' dir='ltr'>non</span> <span class='ocrx_word' id='word_1_235' title='bbox 1426 1946 1527 1985; x_wconf 89' lang='lat' dir='ltr'>licet.</span> 
     </span>
     <span class='ocr_line' id='line_1_30' title="bbox 200 2013 1529 2064; baseline -0.002 -12"><span class='ocrx_word' id='word_1_236' title='bbox 200 2016 359 2053; x_wconf 85' lang='lat' dir='ltr'>Adsunt</span> <span class='ocrx_word' id='word_1_237' title='bbox 384 2013 489 2052; x_wconf 87' lang='lat' dir='ltr'>enim</span> <span class='ocrx_word' id='word_1_238' title='bbox 519 2013 666 2052; x_wconf 80' lang='lat' dir='ltr'>Puteoli</span> <span class='ocrx_word' id='word_1_239' title='bbox 694 2013 762 2051; x_wconf 85' lang='lat' dir='ltr'>toti</span> <span class='ocrx_word' id='word_1_240' title='bbox 786 2029 793 2059; x_wconf 89' lang='lat'>;</span> <span class='ocrx_word' id='word_1_241' title='bbox 824 2014 1124 2064; x_wconf 82' lang='lat' dir='ltr'>frequentissimi</span> <span class='ocrx_word' id='word_1_242' title='bbox 1157 2021 1346 2052; x_wconf 72' lang='lat' dir='ltr'>venerunt</span> <span class='ocrx_word' id='word_1_243' title='bbox 1373 2014 1423 2051; x_wconf 88' lang='lat' dir='ltr'>ad</span> <span class='ocrx_word' id='word_1_244' title='bbox 1454 2013 1529 2049; x_wconf 84' lang='lat' dir='ltr'>hoc</span> 
     </span>
     <span class='ocr_line' id='line_1_31' title="bbox 201 2075 1528 2129; baseline -0.003 -11"><span class='ocrx_word' id='word_1_245' title='bbox 201 2079 390 2118; x_wconf 89' lang='lat' dir='ltr'>iudicium</span> <span class='ocrx_word' id='word_1_246' title='bbox 414 2087 658 2125; x_wconf 79' lang='lat' dir='ltr'>mercatoreS,</span> <span class='ocrx_word' id='word_1_247' title='bbox 683 2079 863 2116; x_wconf 85' lang='lat' dir='ltr'>homines</span> <span class='ocrx_word' id='word_1_248' title='bbox 889 2081 1104 2129; x_wconf 78' lang='lat' dir='ltr'>locupletes</span> <span class='ocrx_word' id='word_1_249' title='bbox 1131 2087 1249 2128; x_wconf 76' lang='lat' dir='ltr'>atque</span> <span class='ocrx_word' id='word_1_250' title='bbox 1274 2077 1442 2116; x_wconf 83' lang='lat' dir='ltr'>honesti.</span> <span class='ocrx_word' id='word_1_251' title='bbox 1462 2075 1528 2126; x_wconf 86' lang='lat' dir='ltr'>qui</span> 
     </span>
    </p>
   </div>
   <div class='ocr_carea' id='block_1_3' title="bbox 201 2180 1530 2354">
    <p class='ocr_par' dir='ltr' id='par_1_6' title="bbox 201 2180 1530 2354">
     <span class='ocr_line' id='line_1_32' title="bbox 249 2180 1530 2223; baseline -0.003 -9"><span class='ocrx_word' id='word_1_252' title='bbox 249 2194 261 2214; x_wconf 95' lang='lat'>1</span> <span class='ocrx_word' id='word_1_253' title='bbox 290 2184 321 2214; x_wconf 94' lang='lat' dir='ltr'>id</span> <span class='ocrx_word' id='word_1_254' title='bbox 340 2195 404 2214; x_wconf 86' lang='lat' dir='ltr'>om.</span> <span class='ocrx_word' id='word_1_255' title='bbox 421 2186 462 2223; x_wconf 56' lang='grc' dir='ltr'>[ὦ</span> <span class='ocrx_word' id='word_1_256' title='bbox 571 2193 590 2212; x_wconf 85' lang='lat'><em>2</em></span> <span class='ocrx_word' id='word_1_257' title='bbox 615 2188 647 2213; x_wconf 84' lang='lat' dir='ltr'>et</span> <span class='ocrx_word' id='word_1_258' title='bbox 666 2206 673 2212; x_wconf 90' lang='lat'>.</span> <span class='ocrx_word' id='word_1_259' title='bbox 695 2206 700 2212; x_wconf 95' lang='lat'>.</span> <span class='ocrx_word' id='word_1_260' title='bbox 720 2205 726 2212; x_wconf 90' lang='lat'>.</span> <span class='ocrx_word' id='word_1_261' title='bbox 746 2183 897 2212; x_wconf 80' lang='lat' dir='ltr'>videmus</span> <span class='ocrx_word' id='word_1_262' title='bbox 915 2194 979 2213; x_wconf 83' lang='lat' dir='ltr'>om.</span> <span class='ocrx_word' id='word_1_263' title='bbox 1003 2182 1093 2212; x_wconf 52' lang='lat'>133¹?</span> <span class='ocrx_word' id='word_1_264' title='bbox 1204 2191 1222 2219; x_wconf 85' lang='lat'><strong>3</strong></span> <span class='ocrx_word' id='word_1_265' title='bbox 1246 2186 1279 2211; x_wconf 82' lang='lat' dir='ltr'>et</span> <span class='ocrx_word' id='word_1_266' title='bbox 1296 2192 1354 2211; x_wconf 93' lang='lat' dir='ltr'>seu</span> <span class='ocrx_word' id='word_1_267' title='bbox 1371 2180 1504 2210; x_wconf 80' lang='lat' dir='ltr'>Jordan.</span> <span class='ocrx_word' id='word_1_268' title='bbox 1522 2191 1530 2210; x_wconf 76' lang='lat' dir='ltr'>t</span> 
     </span>
     <span class='ocr_line' id='line_1_33' title="bbox 204 2224 1528 2266; baseline -0.003 -9"><span class='ocrx_word' id='word_1_269' title='bbox 204 2232 235 2257; x_wconf 92' lang='lat' dir='ltr'>et</span> <span class='ocrx_word' id='word_1_270' title='bbox 253 2228 279 2257; x_wconf 90' lang='lat' dir='ltr'>si</span> <span class='ocrx_word' id='word_1_271' title='bbox 299 2227 419 2258; x_wconf 77' lang='lat' dir='ltr'>RSD:</span> <span class='ocrx_word' id='word_1_272' title='bbox 444 2233 476 2257; x_wconf 83' lang='lat' dir='ltr'>et</span> <span class='ocrx_word' id='word_1_273' title='bbox 495 2227 565 2257; x_wconf 81' lang='lat' dir='ltr'>sive</span> <span class='ocrx_word' id='word_1_274' title='bbox 580 2228 620 2266; x_wconf 77' lang='lat' dir='ltr'>p5</span> <span class='ocrx_word' id='word_1_275' title='bbox 689 2236 748 2256; x_wconf 80' lang='lat' dir='ltr'>seu</span> <span class='ocrx_word' id='word_1_276' title='bbox 770 2226 826 2255; x_wconf 76' lang='lat' dir='ltr'>sati</span> <span class='ocrx_word' id='word_1_277' title='bbox 846 2226 949 2265; x_wconf 75' lang='lat' dir='ltr'>SDp:</span> <span class='ocrx_word' id='word_1_278' title='bbox 974 2227 1045 2256; x_wconf 73' lang='lat' dir='ltr'>sive</span> <span class='ocrx_word' id='word_1_279' title='bbox 1065 2227 1120 2255; x_wconf 79' lang='lat' dir='ltr'>fati</span> <span class='ocrx_word' id='word_1_280' title='bbox 1140 2225 1193 2264; x_wconf 75' lang='lat' dir='ltr'>Rq</span> <span class='ocrx_word' id='word_1_281' title='bbox 1311 2236 1349 2255; x_wconf 90' lang='lat'>10</span> <span class='ocrx_word' id='word_1_282' title='bbox 1371 2224 1528 2255; x_wconf 90' lang='lat' dir='ltr'>omnibus</span> 
     </span>
     <span class='ocr_line' id='line_1_34' title="bbox 203 2268 1527 2310; baseline -0.002 -10"><span class='ocrx_word' id='word_1_283' title='bbox 203 2270 288 2301; x_wconf 83' lang='lat' dir='ltr'>SD:</span> <span class='ocrx_word' id='word_1_284' title='bbox 314 2271 504 2300; x_wconf 77' lang='lat' dir='ltr'>hominibus</span> <span class='ocrx_word' id='word_1_285' title='bbox 526 2271 601 2310; x_wconf 81' lang='lat' dir='ltr'>qu</span> <span class='ocrx_word' id='word_1_286' title='bbox 618 2271 651 2308; x_wconf 62' lang='grc' dir='ltr'>(ξ</span> <span class='ocrx_word' id='word_1_287' title='bbox 671 2279 709 2307; x_wconf 87' lang='lat'>75</span> <span class='ocrx_word' id='word_1_288' title='bbox 727 2272 841 2308; x_wconf 45' lang='lat' dir='ltr'>supra&amp;</span> <span class='ocrx_word' id='word_1_289' title='bbox 996 2279 1032 2307; x_wconf 88' lang='lat'>15</span> <span class='ocrx_word' id='word_1_290' title='bbox 1057 2269 1258 2308; x_wconf 76' lang='lat' dir='ltr'>supplicanti</span> <span class='ocrx_word' id='word_1_291' title='bbox 1278 2269 1336 2299; x_wconf 70' lang='lat' dir='ltr'>Sw</span> <span class='ocrx_word' id='word_1_292' title='bbox 1355 2280 1361 2298; x_wconf 84' lang='lat'><strong>:</strong></span> <span class='ocrx_word' id='word_1_293' title='bbox 1385 2268 1527 2307; x_wconf 78' lang='lat' dir='ltr'>supplici</span> 
     </span>
     <span class='ocr_line' id='line_1_35' title="bbox 201 2310 1522 2354; baseline -0.005 -10"><span class='ocrx_word' id='word_1_294' title='bbox 201 2318 223 2354; x_wconf 81' lang='lat' dir='ltr'>p</span> <span class='ocrx_word' id='word_1_295' title='bbox 238 2313 307 2344; x_wconf 82' lang='lat' dir='ltr'>edd.</span> <span class='ocrx_word' id='word_1_296' title='bbox 327 2325 333 2344; x_wconf 87' lang='lat'><strong>:</strong></span> <span class='ocrx_word' id='word_1_297' title='bbox 357 2314 476 2353; x_wconf 77' lang='lat' dir='ltr'>suplici</span> <span class='ocrx_word' id='word_1_298' title='bbox 497 2314 538 2351; x_wconf 77' lang='lat' dir='ltr'>lx&#39;,</span> <span class='ocrx_word' id='word_1_299' title='bbox 558 2323 636 2344; x_wconf 74' lang='lat' dir='ltr'>corr.</span> <span class='ocrx_word' id='word_1_300' title='bbox 659 2324 703 2343; x_wconf 87' lang='lat' dir='ltr'>m.</span> <span class='ocrx_word' id='word_1_301' title='bbox 723 2322 741 2341; x_wconf 79' lang='lat'><strong>2</strong></span> <span class='ocrx_word' id='word_1_302' title='bbox 759 2312 889 2351; x_wconf 87' lang='lat' dir='ltr'>suplicii</span> <span class='ocrx_word' id='word_1_303' title='bbox 1024 2322 1060 2350; x_wconf 86' lang='lat'>19</span> <span class='ocrx_word' id='word_1_304' title='bbox 1084 2314 1323 2341; x_wconf 77' lang='lat' dir='ltr'>monimentum</span> <span class='ocrx_word' id='word_1_305' title='bbox 1342 2311 1428 2342; x_wconf 81' lang='lat' dir='ltr'>codd.</span> <span class='ocrx_word' id='word_1_306' title='bbox 1445 2310 1522 2351; x_wconf 80' lang='lat' dir='ltr'>pler.</span> 
     </span>
    </p>
   </div>
   <div class='ocr_carea' id='block_1_4' title="bbox 1554 461 1571 492">
    <p class='ocr_par' dir='ltr' id='par_1_7' title="bbox 1554 461 1571 492">
     <span class='ocr_line' id='line_1_36' title="bbox 1554 461 1571 492; baseline 0 0"><span class='ocrx_word' id='word_1_307' title='bbox 1554 461 1571 492; x_wconf 88' lang='grc'><em>5</em></span> 
     </span>
    </p>
   </div>
   <div class='ocr_carea' id='block_1_5' title="bbox 1559 790 1594 812">
    <p class='ocr_par' dir='ltr' id='par_1_8' title="bbox 1559 790 1594 812">
     <span class='ocr_line' id='line_1_37' title="bbox 1559 790 1594 812; baseline 0 0"><span class='ocrx_word' id='word_1_308' title='bbox 1559 790 1594 812; x_wconf 89' lang='lat'>10</span> 
     </span>
    </p>
   </div>
   <div class='ocr_carea' id='block_1_6' title="bbox 1557 1113 1591 1146">
    <p class='ocr_par' dir='ltr' id='par_1_9' title="bbox 1557 1113 1591 1146">
     <span class='ocr_line' id='line_1_38' title="bbox 1557 1113 1591 1146; baseline 0 0"><span class='ocrx_word' id='word_1_309' title='bbox 1557 1113 1591 1146; x_wconf 87' lang='lat'>15</span> 
     </span>
    </p>
   </div>
   <div class='ocr_carea' id='block_1_7' title="bbox 1552 1437 1592 1460">
    <p class='ocr_par' dir='ltr' id='par_1_10' title="bbox 1552 1437 1592 1460">
     <span class='ocr_line' id='line_1_39' title="bbox 1552 1437 1592 1460; baseline 0.025 -1"><span class='ocrx_word' id='word_1_310' title='bbox 1552 1437 1592 1460; x_wconf 87' lang='lat'>20</span> 
     </span>
    </p>
   </div>
   <div class='ocr_carea' id='block_1_8' title="bbox 1551 1763 1588 1794">
    <p class='ocr_par' dir='ltr' id='par_1_11' title="bbox 1551 1763 1588 1794">
     <span class='ocr_line' id='line_1_40' title="bbox 1551 1763 1588 1794; baseline 0 0"><span class='ocrx_word' id='word_1_311' title='bbox 1551 1763 1588 1794; x_wconf 88' lang='lat'>25</span> 
     </span>
    </p>
   </div>
   <div class='ocr_carea' id='block_1_9' title="bbox 1549 2086 1589 2117">
    <p class='ocr_par' dir='ltr' id='par_1_12' title="bbox 1549 2086 1589 2117">
     <span class='ocr_line' id='line_1_41' title="bbox 1549 2086 1589 2117; baseline 0 -8"><span class='ocrx_word' id='word_1_312' title='bbox 1549 2086 1589 2117; x_wconf 78' lang='lat'>30</span> 
     </span>
    </p>
   </div>
  </div>
 </body>
</html>
