1769 2739
631 91 952 130 PRAEFATIO

118 201 294 241 attribuit
315 202 380 252 qui
403 201 593 240 lectiones
615 209 890 252 excerpserunt
907 210 974 240 aut
995 202 1297 252 descripserunt.
1346 201 1448 238 Rem

119 267 161 305 in
208 266 332 305 dubio
380 266 607 316 relinquunt
646 267 686 304 in
731 266 906 321 editione
951 267 1156 305 Turicensi
1196 266 1373 304 Baiterus
1410 271 1450 303 et

120 331 305 370 Halmius
327 331 476 382 (1854).
537 332 615 370 Sed
643 333 730 370 luce
760 331 836 370 iam
866 332 1006 369 clarius
1035 338 1195 382 apparet
1225 330 1315 369 ideo
1345 330 1450 368 codi-

116 410 204 436 cem
233 396 509 435 Metellianum
535 410 615 434 non
645 398 764 434 alium
795 397 1025 436 habendum
1054 409 1139 436 esse
1169 410 1287 446 quarn
1319 394 1449 433 Fabri-

117 462 274 501 cianum
297 463 389 512 quia
416 461 520 500 idem
552 457 714 511 uterque
743 470 823 500 erat
850 461 917 511 qui
947 461 1066 500 hodie
1092 460 1365 501 Cluniacensis
1391 467 1450 499 est

117 529 388 578 appellandus.
439 525 600 567 Codicis
623 525 842 564 Metelliani
863 526 1041 564 notitiam
1059 526 1228 565 Grutero
1244 526 1448 572 debemus,

119 594 186 643 qui
208 593 248 630 in
277 591 453 631 editione
481 605 552 630 sua
580 591 721 642 (1618)
745 591 934 630 lectiones
962 591 1137 630 exhibuit
1164 605 1261 641 quas
1288 605 1334 629 ex
1363 589 1448 628 Iani

116 657 319 696 Gulielmii
341 657 497 695 schedis
518 655 822 705 transcripserat.
871 655 988 694 Diem
1006 669 1232 706 supremum
1249 656 1325 694 iam
1343 668 1448 693 anno

122 725 223 772 1584
253 724 471 772 expleverat
504 720 750 768 Gulielmius,
782 734 901 770 quem
934 721 1066 759 iudico
1095 735 1176 759 non
1206 723 1330 759 multo
1360 728 1448 771 post

118 786 341 826 Fabricium
382 785 560 824 codicem
602 785 906 824 Cluniacensem
946 786 999 824 ita
1039 786 1251 835 inspexisse
1286 794 1328 824 ut
1367 799 1447 823 non

117 853 274 901 longius
293 864 412 900 quam
435 850 473 888 iii
494 851 513 899 ξ
538 853 583 887 16
611 863 711 899 opus
739 850 1037 897 continuaverit,
1061 852 1140 889 sive
1168 851 1276 900 quod
1305 849 1448 888 avulsis

118 916 220 956 foliis
240 916 337 954 liber
358 917 434 954 iarn
455 915 496 953 in
517 916 624 953 calce
645 915 865 962 deficiebat,
889 915 970 953 sive
997 917 1105 965 quod
1130 915 1202 965 ipsi
1233 913 1448 954 Gulielmio

118 982 195 1019 iam
217 980 376 1031 patebat
405 993 486 1018 rem
513 987 630 1018 antea
658 993 682 1017 a
711 980 892 1018 Fabricio
919 993 1004 1018 esse
1028 987 1273 1018 transactam.
1335 980 1448 1028 Quae

119 1048 253 1086 onmia
272 1047 364 1084 satis
383 1047 514 1095 ample
534 1045 573 1083 in
594 1046 783 1083 Anecdoto
803 1045 976 1095 exposui,
1000 1058 1063 1095 pp.
1086 1030 1202 1082 xxxix⁷
1216 1058 1300 1095 sqq.

174 1110 329 1160 Quodsi
351 1117 501 1160 praeter
521 1110 775 1149 Verrinarum
797 1119 924 1160 partes
955 1124 1056 1160 quae
1082 1109 1202 1148 hodie
1226 1111 1265 1147 in
1293 1109 1448 1149 Clunia-

118 1176 226 1215 censi
247 1183 454 1226 supersunt
475 1175 520 1213 iis
541 1176 668 1214 solum
690 1176 880 1226 excerptis
902 1185 1003 1214 esset
1025 1175 1273 1214 innitendum
1291 1175 1446 1224 quaein

119 1241 358 1280 editionibus
379 1240 458 1279 suis
478 1241 744 1279 adhibuerunt
772 1241 990 1279 Lambinus
1019 1240 1157 1290 (1584)
1178 1249 1217 1279 et
1243 1241 1444 1288 Gruterus,

119 1320 254 1356 parum
284 1313 463 1344 accurata
493 1306 668 1356 profecto
698 1314 799 1344 esset
829 1314 962 1344 nostra
993 1305 1311 1356 praestantissimi
1332 1305 1447 1343 huius

118 1371 265 1410 codicis
286 1371 431 1409 notitia.
492 1372 570 1409 Sed
591 1378 713 1409 exstat
735 1371 773 1408 in
794 1371 1035 1410 bibliotheca
1058 1371 1318 1409 Laurentiana
1339 1370 1446 1409 testis

118 1436 446 1487 locupletissimus
469 1437 507 1473 in
529 1436 628 1473 libro
655 1435 723 1486 qui
750 1436 1121 1486 Lagomarsinianus
1146 1450 1194 1482 42
1217 1437 1444 1485 appellatur,

118 1510 156 1540 et
189 1515 306 1551 quem
345 1515 393 1540 ex
429 1501 580 1551 optimo
618 1502 791 1551 quodam
832 1501 1043 1551 exemplari
1081 1500 1321 1550 descriptum
1362 1514 1446 1538 esse

118 1576 222 1607 recte
241 1569 415 1618 augurati
437 1576 527 1605 sunt
549 1568 614 1617 qui
637 1580 727 1605 eum
749 1569 999 1605 contulerunt
1020 1567 1200 1605 editores.
1261 1567 1353 1604 Hoc
1371 1579 1446 1615 ego

118 1635 313 1683 exemplar
341 1632 520 1671 codicem
561 1633 679 1670 fuisse
713 1633 1032 1680 Cfflniacensem,
1055 1633 1233 1671 nondum
1270 1631 1444 1670 hiantem

116 1706 155 1737 et
175 1699 429 1746 decurtatum,
450 1697 615 1748 plurima
635 1705 791 1736 secutus
811 1700 921 1749 signa
940 1707 1059 1748 atque
1078 1705 1306 1747 argumenta
1325 1711 1444 1736 ausus

117 1778 202 1803 sum
232 1765 431 1802 affirmare.
493 1764 571 1811 Qui
605 1762 721 1801 huius
751 1763 804 1802 rei
835 1763 1146 1813 experimentum
1173 1763 1301 1801 facere
1339 1762 1441 1808 velit,

116 1829 295 1879 inspiciat
317 1837 469 1867 tantum
498 1829 704 1866 formulam
738 1829 812 1867 CO
841 1841 919 1878 qua
948 1842 1040 1866 usus
1071 1841 1155 1866 sum
1189 1827 1226 1865 in
1255 1836 1443 1877 apparatu

115 1894 250 1933 critico
271 1909 338 1944 pcr
358 1908 422 1932 eas
444 1893 529 1931 libri
551 1893 713 1932 secundi
735 1901 863 1943 partes
883 1907 984 1943 quae
1005 1895 1066 1932 vel
1086 1892 1206 1931 hodie
1227 1893 1264 1929 in
1288 1892 1443 1931 Clunia-

115 1961 221 1999 censi
243 1959 312 2010 (C)
333 1967 550 2010 supersunt,
569 1967 610 1997 ut
632 1960 898 1998 demonstrem
920 1972 1038 2008 quam
1059 1966 1239 1996 accurate
1255 1970 1343 1995 cum
1368 1958 1443 1994 hoc

114 2025 251 2065 codice
279 2026 492 2063 concordet
519 2026 588 2073 Lg.
618 2038 666 2071 42
697 2023 794 2074 (O).¹
852 2024 1039 2064 Conferat
1069 2022 1186 2062 etiam
1214 2024 1440 2070 Anecdoson,

156 2137 168 2158 ¹
194 2138 286 2177 Siglo
307 2137 347 2168 0¹
367 2139 511 2177 priorcm
531 2138 563 2167 in
582 2136 642 2177 Lg.
663 2147 703 2175 42
724 2147 858 2168 manum
883 2137 1083 2176 significavi,
1101 2136 1258 2176 quotiens
1283 2145 1370 2175 opus
1390 2141 1441 2166 est

113 2192 375 2212 commemorare
401 2183 547 2220 priorem
573 2179 771 2219 scripturam
790 2182 841 2212 vel
867 2182 909 2211 ab
934 2182 1006 2220 ipso
1032 2181 1167 2211 librario
1185 2180 1236 2209 vel
1262 2185 1379 2219 postea
1399 2180 1440 2209 ad

113 2235 262 2256 normam
289 2226 444 2256 lectionis
467 2225 623 2263 vulgatae
650 2230 807 2255 mutatam
833 2235 917 2255 esse.
970 2225 1123 2263 Namque
1149 2224 1180 2254 in
1206 2223 1326 2254 ceteris
1351 2222 1442 2252 libris

112 2269 203 2299 inter
228 2269 414 2299 deteriores
445 2267 719 2298 adnumerandus
751 2274 802 2298 est
835 2269 887 2298 hic
918 2268 1046 2301 codex:
1086 2272 1120 2297 et
1148 2267 1202 2306 qui
1232 2266 1333 2296 libros
1361 2265 1439 2295 ii-iii

113 2312 293 2350 exscripsit
310 2313 445 2351 saepius
465 2312 535 2350 ipsc
556 2312 643 2341 inter
661 2310 917 2341 cluniacensem
944 2316 977 2341 ct
1003 2316 1130 2340 textum
1150 2310 1249 2348 vulgo
1267 2313 1438 2348 receptum

112 2356 244 2386 videtur
275 2355 458 2386 vacillasse.
521 2355 598 2385 Huc
638 2355 785 2394 pertinet
825 2355 912 2396 quod
953 2355 984 2384 in
1024 2354 1114 2384 calce
1154 2353 1226 2383 libri
1266 2352 1438 2382 admonuit

741 2410 804 2448 viii
