1715 2734
0 2318 7 2734 w———ae--uu-—‹
0 2193 5 2307 ----‹
0 1772 5 2185 -W-‹«———--———

189 76 456 115 ACTIONIS
489 75 547 112 IN
580 74 624 113 C.
647 74 888 111 VERREM
920 72 1219 111 SECVNDAE
1250 72 1353 108 LIB.
1378 71 1396 107 Ι
1446 78 1495 117 55
1516 83 1576 115 145

172 187 278 223 nulla
299 184 475 233 impensa
497 182 673 220 deiectae
705 182 934 231 eisdemque
955 180 1152 230 lapidibus
1173 179 1366 229 repositae
1392 186 1491 216 sunt.

174 252 265 288 Hoc
286 257 326 286 tu
350 250 419 286 Hs
442 259 525 284 DLX
553 247 709 285 milibus
731 246 918 293 locaVisti.
980 248 1111 295 Atque
1139 245 1177 282 in
1203 244 1278 282 illis
1300 244 1493 282 columnis

171 315 261 352 dico
282 327 366 352 esse
392 326 492 362 quae
513 326 535 350 a
556 320 623 350 tuo
648 313 895 362 redemptore
920 318 1144 349 commotae
1171 323 1251 347 non
1274 309 1375 356 sint,
1404 309 1494 347 dico

171 392 255 416 esse
276 392 322 416 ex
348 391 424 427 qua
451 385 604 415 tanturn
629 377 836 415 tectorium
858 384 968 414 vetus
993 375 1191 414 deiectum
1213 374 1260 412 sit
1282 382 1320 412 et
1347 387 1493 411 novum

134 458 150 488 5
170 443 386 481 inductum.
447 441 601 490 Quodsi
622 450 730 479 tanta
756 441 924 490 pecunia
945 442 1148 478 columnas
1170 439 1343 478 dealbari
1365 446 1491 488 putas-

169 522 262 554 sem,
286 515 389 545 certe
410 520 627 556 numquam
648 506 886 544 aedilitatem
908 505 1141 555 petivissem.

223 575 275 610 At
321 579 362 609 ut
400 571 576 609 Videatur
621 579 752 609 tamen
793 584 851 608 res
889 570 949 619 agi
990 577 1027 607 et
1066 583 1146 606 non
1187 568 1281 617 eripi
1321 567 1493 617 pupillo:

170 639 211 675 Sr
260 649 360 681 QVID
408 648 554 674 OPERrs
612 648 739 674 CAVSA
795 647 1052 678 REscmERls,
1105 644 1308 671 REF1C1TO.
1387 632 1495 681 Quid

170 710 250 740 erat
290 703 397 751 quod
437 701 687 743 rescinderet,
727 714 817 738 cum
858 713 929 738 suo
968 712 1167 749 quemque
1202 700 1289 736 loco
1323 697 1495 747 lapidem

115 781 152 802 10
171 768 405 816 reponeret?
454 767 534 814 QVI
559 777 808 803 REDEMERIT
836 777 947 802 SATls
978 776 1059 801 DET
1088 775 1225 801 DAMNr
1258 774 1422 800 INFECTI
1455 775 1494 799 EI

171 845 239 877 Qvi
271 846 295 869 A
318 844 480 869 VETERE
513 842 797 868 REDEMPTORE
833 842 1015 868 ACCEPIT.
1078 829 1251 875 Deridet,
1292 841 1383 865 cum
1416 827 1496 865 sibi

170 897 297 947 ipsum
338 897 446 934 iubet
494 896 585 934 satis
624 897 717 934 dare
758 895 1005 933 Habonium.
1064 896 1250 931 PECVNIA
1286 904 1496 930 PRAESENS

170 974 391 1000 SOLVETVR.
453 961 609 1010 Quibus
631 962 681 999 de
702 960 846 999 bonis?
896 960 992 997 Eius
1017 959 1094 1009 qui,
1119 960 1226 1008 quod
1254 966 1295 996 tu
1319 959 1389 996 HS
1412 969 1493 994 DLX

170 1028 327 1065 milibus
357 1026 503 1072 locasti,
528 1040 568 1064 se
598 1028 668 1064 HS
690 1037 806 1063 06133
837 1037 953 1062 66133
983 1036 1101 1062 66133
1125 1035 1241 1061 66133
1266 1024 1494 1061 effecturum

114 1106 149 1137 15
170 1106 254 1130 esse
284 1092 475 1130 clamavit.
537 1091 693 1140 Quibus
723 1092 773 1128 de
806 1090 949 1128 bonis?
998 1089 1150 1139 Pupilli,
1183 1088 1292 1126 cuius
1326 1096 1494 1126 aetatem

169 1166 206 1196 et
255 1157 520 1203 solitudinem,
571 1155 722 1194 etiamsi
771 1162 917 1193 tutores
965 1168 1045 1192 non
1094 1161 1233 1199 essent,
1284 1154 1496 1191 defendere

168 1231 321 1272 praetor
342 1222 489 1260 debuit.
548 1221 763 1259 Tutoribus
784 1219 1088 1258 defendentibus
1110 1233 1190 1257 non
1212 1219 1333 1256 modo
1353 1218 1495 1268 patrias

168 1288 250 1326 eius
273 1289 461 1333 fortunas,
482 1287 551 1324 sed
572 1286 688 1324 etiam
712 1286 815 1323 bona
836 1292 1008 1323 tutorum
1030 1283 1222 1322 ademisti.
1284 1284 1381 1321 Hoc
1395 1294 1495 1320 OPVS

170 1365 313 1390 BONVM
343 1364 416 1390 sVO
443 1363 593 1395 CVIQVE
616 1362 772 1388 FACITO.
834 1350 941 1398 Quid
958 1358 1015 1387 est
1035 1353 1127 1387 ‘suo
1141 1349 1334 1398 cuique'?
1378 1348 1495 1398 Lapis
1518 1359 1575 1393 147

111 1436 150 1457 20
168 1418 287 1467 aliqui
320 1418 545 1455 caedendus
581 1424 618 1454 et
649 1416 918 1465 adportandus
951 1415 1021 1452 fuit
1056 1414 1237 1452 machina
1268 1426 1365 1460 sua,
1402 1426 1493 1450 nam

169 1483 235 1521 illo
268 1496 347 1520 non
384 1496 529 1527 saxum,
566 1495 646 1519 non
686 1480 866 1518 materies
903 1481 980 1518 ulla
1013 1481 1177 1517 advecta
1216 1487 1298 1525 est3
1341 1485 1493 1516 tantum

169 1548 295 1597 operis
311 1548 349 1585 in
372 1547 443 1585 ista
460 1547 655 1585 locatione
672 1545 743 1583 fuit
765 1553 955 1595 quantum
978 1558 1126 1594 paucae
1140 1557 1281 1594 operae
1296 1544 1493 1581 fabrorum

169 1613 360 1651 mercedis
382 1614 563 1655 tulerunt,
587 1620 624 1650 et
655 1611 964 1661 manuspretium
994 1610 1210 1647 machinae.
1272 1611 1412 1646 Vtrum
1434 1622 1494 1646 ex-

169 1678 347 1716 istimatis
387 1678 516 1715 minus
556 1677 683 1726 operis
716 1690 800 1714 esse
840 1689 958 1713 unam
991 1677 1216 1713 columnam
1253 1675 1404 1712 efficere
1442 1674 1493 1711 ab

111 1758 150 1789 25
169 1744 318 1793 integro
358 1756 499 1780 novam
540 1743 648 1779 nullo
696 1741 826 1791 lapide
874 1740 1047 1778 redivivo
1085 1753 1135 1776 an
1181 1747 1365 1788 quattuor
1410 1738 1493 1775 illas

1513 543 1565 589 56

1517 603 1578 643 146

214 1856 226 1875 1
255 1847 446 1884 eisdemque
460 1851 483 1885 p
500 1858 506 1875 ε
531 1845 657 1875 eisdem
673 1845 725 1877 (ut
741 1844 819 1874 virm
838 1844 915 1879 Vm,
934 1847 947 1879 e}
967 1844 1039 1873 126*
1111 1853 1128 1881 4
1155 1842 1376 1881 deiectumpq
1390 1840 1490 1871 Prisc.

168 1891 217 1928 (in
238 1890 379 1919 Vlittcra
398 1891 487 1919 lev-tia
505 1889 622 1918 incerta
636 1889 716 1925 est):
741 1888 906 1917 delectum
925 1887 952 1923 b,
974 1888 1119 1916 deletum
1139 1887 1153 1913 δ
1253 1887 1273 1914 6
1298 1884 1492 1923 petivissem

167 1934 254 1973 Vpr:
280 1934 437 1972 petissem
456 1943 475 1971 q
492 1932 593 1962 Prisc.
612 1931 695 1970 May
826 1941 860 1960 11
887 1930 1017 1969 accepit
1040 1928 1158 1961 VAsc.
1177 1941 1182 1958 :
1208 1929 1376 1967 acciperet
1395 1939 1416 1957 π
1433 1929 1488 1968 (cs.

164 1976 354 2015 susceperis
372 1976 447 2006 Dio,
467 1977 481 2011 ξ
500 1978 554 2013 37)
573 1986 580 2004 ι
607 1986 691 2005 unm
708 1974 896 2012 acceperit?
991 1983 1028 2011 13
1052 1973 1203 2003 solvetur
1220 1972 1266 2001 V:
1292 1972 1434 2002 solvitur
1446 1976 1492 2011 pr

165 2021 229 2051 rell.
325 2030 361 2057 14
386 2019 518 2049 milibus
530 2019 650 2058 prrell.
669 2029 675 2047 :
701 2028 765 2049 om.
786 2018 815 2047 V
891 2027 928 2046 se
945 2016 995 2047 V:
1020 2027 1085 2046 om.
1102 2021 1124 2055 p
1142 2015 1205 2046 rell.
1312 2015 1349 2044 18
1374 2019 1488 2045 tutori]

165 2063 319 2094 ademisti
334 2067 397 2101 pr:
422 2065 566 2090 tutorum
585 2069 648 2088 una
666 2059 772 2087 adem.
792 2068 812 2096 q
890 2067 928 2095 19
952 2057 1070 2086 facito.
1089 2080 1095 2086 .
1113 2081 1118 2086 .
1139 2057 1258 2095 cuique
1278 2057 1375 2088 Vsol.
1394 2070 1400 2087 ε
1424 2068 1489 2089 om.

167 2110 220 2143 (ex
236 2105 495 2135 llomoeotelezllffl
514 2108 535 2141 s>
554 2102 617 2132 rell.
710 2110 751 2130 ‘20
775 2101 875 2138 aliqui
898 2099 945 2129 Vn
963 2112 968 2129 :
993 2101 1114 2138 aliquis
1132 2100 1168 2128 [18
1256 2102 1492 2139 apportandus

166 2150 227 2179 fuit
240 2151 249 2179 ’Ζ
275 2148 429 2178 machina
448 2156 513 2176 una
529 2157 535 2183 3
563 2155 637 2174 narn
657 2143 766 2180 Orelli,
785 2143 887 2181 Kays.
1003 2153 1040 2172 21
1070 2143 1135 2172 ulla
1155 2141 1245 2173 Vsol.
1264 2155 1270 2173 z
1294 2143 1361 2174 secl.
1376 2144 1488 2174 Muell.

168 2202 208 2221 22
232 2196 264 2221 et
282 2192 314 2221 in
333 2191 394 2220 ista
411 2190 451 2219 πὸ
540 2188 707 2217 fabrorum
722 2187 788 2216 secl.
805 2186 902 2224 Bake,
919 2185 1023 2224 Kays.
1174 2196 1215 2224 23
1238 2187 1321 2216 Post
1337 2188 1490 2218 tulerunt

167 2234 260 2264 habet
281 2232 555 2273 manispraetium
579 2231 752 2260 machinae
773 2228 820 2259 V:
846 2249 852 2255 -
867 2234 898 2259 et
918 2240 1035 2260 manus
1049 2248 1055 2254 ·
1075 2230 1219 2266 pretium
1237 2230 1413 2260 machinae
1425 2230 1489 2269 prb

168 2276 255 2312 (Act.
275 2276 332 2306 Pr.
353 2279 367 2313 ξ
387 2285 449 2314 33;
481 2276 501 2313 i,
530 2277 545 2311 ξ
575 2276 670 2313 139);
702 2283 799 2302 manu
819 2273 917 2311 pretii
942 2273 1085 2313 (praedii
1107 2272 1203 2312 Asc.)
1228 2273 1381 2304 machina
1402 2273 1490 2311 Asc„

168 2320 296 2360 Ahala,
314 2319 428 2358 Kays.,
450 2318 561 2349 Muell.
583 2320 618 2357 (i.
631 2328 655 2349 e.
674 2320 838 2356 quantum
859 2319 1058 2356 manuprctit'
1071 2317 1223 2347 machina
1240 2317 1323 2356 tulit)
