1715 2734
171 107 439 146 ACTIONIS
461 110 521 147 IN
543 109 586 148 C.
606 110 846 147 VERREM
869 111 1167 149 SECVNDAE
1190 113 1291 149 LIB.
1317 113 1382 149 III
1445 121 1493 159 57
1517 127 1577 157 130

168 216 285 256 istum
324 219 534 269 plurimum
572 226 723 270 poterat
761 220 1030 272 maximosque
1067 235 1179 272 agros
1218 224 1489 273 populabatur,

167 283 378 333 Apronius,
400 297 631 334 perparvum
653 299 699 323 ex
726 285 799 323 illis
821 286 970 336 magnis
991 286 1106 324 lucris
1132 288 1183 325 ad
1210 300 1251 324 se
1278 288 1489 337 pervenire,

167 355 385 397 praetorem
416 362 501 387 esse
534 349 695 387 socium.
757 352 849 389 Hoc
883 364 973 388 cum
1005 352 1134 400 palam
1168 352 1378 389 decumani
1410 360 1492 390 tota
1516 369 1571 398 131

167 412 367 461 provincia
404 415 656 463 loquerentur
689 422 881 465 tuumque
915 429 1061 454 nomen
1101 416 1140 453 in
1180 430 1219 454 re
1262 424 1341 455 tam
1390 418 1490 466 turpi

128 477 392 527 5nefariaque
438 478 741 528 interponerent,
782 480 932 518 nihilne
971 480 1041 518 tibi
1079 481 1185 519 venit
1233 481 1272 518 in
1317 489 1489 519 mentem

165 542 441 581 existimationi
462 551 552 581 tuae
571 546 786 591 consulere,
811 546 907 583 nihil
929 546 1100 596 denique
1121 546 1237 596 capiti
1259 561 1304 585 ac
1327 548 1490 585 fortunis

164 606 239 644 tuis
260 607 495 656 providere?
523 622 613 646 cum
636 610 690 647 tui
708 610 878 648 nominis
900 618 1019 649 terror
1040 611 1079 648 in
1093 611 1250 648 auribus
1271 612 1491 661 animisque

163 679 356 709 aratorum
378 681 602 719 versaretur,
626 688 716 711 cum
738 675 946 712 decumani
968 676 1184 714 aratoribus
1208 678 1257 714 ad
1289 677 1490 726 pactiones

165 736 362 775 faciendas
392 751 472 776 non
502 752 611 776 suam
647 739 736 786 vim,
769 741 838 778 sed
869 748 980 778 tuum
1012 743 1137 778 scelus
1169 755 1214 778 ac
1245 755 1391 779 nomen
1424 756 1490 791 op-

107 816 144 837 10
163 810 364 851 ponerent.
416 805 583 853 Ecquod
619 804 807 842 iudicium
839 807 992 844 Romae
1022 813 1100 843 tam
1131 805 1377 852 dissolutum,
1409 814 1488 859 tam

162 866 369 916 perditum,
402 875 481 905 tam
513 869 777 907 nummarium
806 870 887 908 fore
917 870 1072 920 putasti,
1097 883 1176 919 quo
1206 884 1252 908 ex
1276 870 1422 909 iudicio
1451 879 1488 908 te

162 932 240 969 ulla
260 933 370 970 Salus
391 945 542 971 servare
563 936 727 983 posset?
756 948 845 972 cum
869 937 1029 984 planum
1050 936 1168 981 fieret,
1193 935 1369 973 decumis
1399 949 1486 974 con-

166 1002 223 1033 tra
251 995 427 1034 instituta
455 987 562 1046 leges
589 998 998 1048 consuetudinemque
1030 999 1206 1037 omnium
1237 999 1415 1045 venditis,
1449 1000 1487 1037 in

162 1068 357 1099 aratorum
380 1061 494 1100 bonis
515 1062 759 1112 fortunisque
779 1063 1008 1113 diripiendis
1029 1065 1270 1102 decumanos
1287 1064 1486 1103 dictitasse

102 1138 140 1170 15
160 1132 245 1164 tuas
266 1139 351 1164 esse
370 1126 499 1176 partis,
523 1135 630 1165 tuam
651 1142 743 1175 rem,
763 1136 869 1166 tuam
891 1130 1087 1178 praedam,
1112 1130 1230 1178 idque
1252 1137 1288 1167 te
1319 1130 1486 1168 tacuisse

159 1197 208 1236 et,
231 1203 321 1227 cum
353 1190 598 1229 dissimulare
626 1205 706 1229 non
737 1205 883 1241 posses,
907 1192 1081 1242 potuisse
1106 1200 1237 1230 tamen
1269 1194 1417 1242 perpeti
1447 1202 1485 1232 et

157 1256 335 1305 perferre,
366 1257 475 1305 quod
506 1256 737 1306 magnitudo
767 1258 862 1295 lucri
893 1258 1117 1296 obscuraret
1149 1258 1309 1307 periculi
1341 1259 1485 1308 magni-

158 1319 335 1358 tudinem
349 1322 516 1370 plusque
537 1321 739 1371 aliquanto
752 1324 858 1372 apud
880 1329 917 1360 te
938 1322 1129 1372 pecuniae
1151 1323 1344 1373 cupiditas
1366 1337 1484 1374 quam

157 1384 276 1423 iudici
298 1393 424 1423 metus
445 1394 586 1436 posset.

99 1467 138 1488 20
212 1452 319 1497 Esto,
359 1459 488 1489 cetera
525 1466 666 1502 negare
704 1467 785 1491 non
823 1461 959 1503 potes,
998 1467 1047 1491 ne
1081 1453 1177 1491 illud
1216 1453 1376 1503 quidem
1412 1454 1563 1499 tibi132

156 1514 348 1564 reliquum
396 1516 530 1563 fecisti,
572 1524 614 1554 ut
656 1518 732 1555 hoc
771 1531 906 1567 posses
953 1517 1096 1565 dicere,
1135 1517 1231 1555 nihil
1270 1531 1404 1556 eorum
1445 1526 1482 1556 te

154 1580 321 1626 audisse,
364 1580 459 1618 nihil
498 1583 548 1619 ad
590 1590 674 1619 tuas
714 1582 815 1620 auris
854 1583 904 1621 de
942 1582 1103 1620 infamia
1141 1590 1206 1620 tua
1245 1583 1478 1632 pervenisse.

156 1645 432 1693 Querebantur
452 1659 541 1683 cum
562 1648 669 1684 luctu
690 1654 728 1685 et
747 1646 895 1696 gemitu
911 1654 1080 1685 aratores
1098 1662 1104 1684 :
1134 1655 1174 1685 tu
1192 1647 1231 1685 id
1248 1647 1480 1685 nesciebas?

156 1710 362 1748 Fremebat
375 1718 457 1749 tota
469 1711 669 1760 provincia
685 1726 691 1749 :
724 1724 842 1749 nemo
858 1711 898 1749 id
914 1711 984 1749 tibi
1001 1711 1278 1749 renuntiabat?
1326 1713 1479 1750 Romae

97 1790 134 1822 25
155 1774 423 1824 querimoniae
439 1777 489 1814 de
505 1775 579 1813 tuis
594 1775 741 1813 iniuriis
755 1783 1052 1825 conventusque
1073 1776 1319 1813 habebantur
1338 1791 1344 1813 :
1375 1776 1480 1825 igno-

154 1840 266 1878 rabas
295 1841 425 1879 haec?
464 1841 670 1890 ignorabas
692 1843 789 1879 haec
810 1841 974 1879 omnia?
1045 1841 1185 1890 Quid?
1227 1855 1317 1879 cum
1349 1844 1475 1891 palam

153 1905 351 1955 Syracusis
389 1913 427 1944 te
465 1906 650 1945 audiente
689 1906 859 1944 maximo
899 1914 1096 1944 conventu
1132 1908 1174 1944 L.
1214 1907 1386 1945 Rubrius
1426 1909 1474 1956 Q.

152 1970 372 2020 Apronium
405 1971 617 2020 sponsione
648 1971 850 2017 lacessivit,
884 1973 939 2009 N1
977 1973 1193 2009 APRONIVS
1226 1984 1478 2010 DICTITARET

153 2046 203 2072 TE
224 2047 300 2073 SIBI
324 2047 368 2073 IN
389 2047 570 2074 DECVMIS
593 2048 686 2074 ESSE
707 2047 870 2082 SOCIVM,
893 2037 990 2074 haec
1021 2044 1059 2074 te
1089 2050 1163 2074 vox
1194 2049 1272 2074 non
1301 2037 1475 2086 perculit,

94 2111 133 2140 30
153 2113 232 2138 non
266 2101 514 2151 perturbavit,
544 2115 623 2139 non
654 2108 695 2139 ut
722 2101 839 2151 capiti
869 2109 906 2139 et
940 2101 1104 2139 fortunis
1131 2101 1206 2139 tuis
1237 2102 1476 2151 prospiceres

152 2164 364 2204 excitavit?
419 2165 604 2213 Tacuisti,
628 2166 772 2204 sedasti
802 2165 918 2204 etiam
949 2166 1025 2204 litis
1053 2166 1218 2213 illorum,
1249 2174 1286 2204 et
1316 2167 1476 2216 sponsio

199 2278 233 2298 11
261 2269 404 2299 immane
432 2269 463 2299 O
489 2270 571 2309 (pro
597 2269 837 2309 nummarium)
975 2279 1012 2307 13
1038 2270 1128 2307 leges
1153 2270 1226 2299 cO:
1253 2269 1339 2309 legis
1358 2275 1382 2309 p
1408 2271 1473 2302 rell.

152 2321 190 2341 21
218 2311 334 2351 reliqui
351 2324 367 2342 c
453 2323 566 2343 eorum
585 2319 617 2344 te
633 2319 654 2352 p
673 2313 737 2343 rell.
760 2325 766 2343 :
792 2318 825 2343 te
843 2323 956 2342 eorum
977 2312 1007 2342 O
1132 2315 1173 2342 26
1198 2313 1376 2351 ignorabas
1392 2314 1475 2345 haec

152 2365 217 2385 om.
239 2354 269 2384 Ο
401 2366 439 2394 27
467 2357 500 2387 L.
519 2357 589 2387 cO:
617 2357 649 2388 Ρ.
669 2363 689 2397 p
707 2357 771 2387 rell.
