1715 2734
126 53 178 92 28

123 474 179 512 29

140 535 180 568 70

144 1816 179 1851 71

198 60 239 102 69
567 53 624 91 M.
655 53 825 90 TVLLI
855 52 1164 92 CICERONIS

197 165 272 205 nisi
296 179 338 205 se
364 165 702 205 consideraturum
730 163 827 214 quid
852 163 926 203 sibi
953 172 1055 203 esset
1079 163 1318 211 faciendum,
1346 171 1385 203 et
1412 163 1530 202 simul

197 231 371 270 ostendit
391 244 432 270 se
459 230 499 268 in
530 243 685 269 summa
710 229 939 268 difficultate
966 243 1052 268 esse
1072 228 1302 268 nummaria.
1364 230 1458 266 Post
1477 229 1529 267 ad

196 296 346 335 amicos
375 296 521 334 rettulit
536 310 546 343 3
589 294 656 345 qui
685 307 776 332 cum
806 293 841 332 ei
872 294 1036 333 fuissent
1062 303 1243 349 auctores
1273 293 1529 332 redimendae

199 361 345 409 salutis,
368 363 420 400 ad
437 360 731 399 Timarchidem
746 358 863 398 venit.
906 359 1122 409 v‘Expositis
1139 359 1218 398 suis
1232 358 1528 398 difficultatibus

198 427 402 466 hominem
440 428 491 465 ad
532 427 602 464 HS
646 436 762 463 Lxxx
800 424 990 480 perducit,
1037 438 1206 475 eamque
1244 424 1279 463 ei
1318 423 1566 474 pecuniamf,

199 500 390 531 numerat,
448 493 712 540 Posteaquam
741 491 792 528 ad
827 503 987 528 causam
1020 489 1231 528 dicendam
1266 497 1428 528 ventum
1458 496 1530 536 est,

199 565 282 596 tum
313 560 405 595 vero
435 556 518 594 sine
549 563 656 593 metu
686 554 770 593 sine
801 568 893 593 cura
921 568 1061 593 omnes
1085 563 1195 593 erant
1224 555 1292 605 qui
1320 556 1530 604 Sopatrum

198 622 478 661 defendebant.
538 620 700 660 Crimen
720 621 873 658 nullum
895 628 990 668 erat,
1008 634 1068 659 res
1089 628 1171 659 erat
1186 620 1373 667 iudicata,
1388 621 1530 658 Verres

197 700 383 726 nummos
421 694 650 736 acceperat:
691 685 779 736 quis
818 693 951 735 posset
989 685 1170 724 dubitare
1201 685 1393 735 quidnam
1427 692 1530 723 esset

199 754 403 791 futurum?
460 753 541 790 Res
569 751 636 789 illo
662 750 728 789 die
754 764 834 788 non
862 759 1074 800 peroratur,
1096 750 1287 789 iudicium
1308 749 1527 788 dimittitur.
1553 762 1592 785 ιο

200 820 348 857 Iterum
369 818 420 855 ad
442 818 651 866 Sopatrum
672 815 946 854 Timarchides
966 815 1084 862 venit,
1105 816 1159 854 ait
1178 823 1427 854 accusatores
1447 815 1531 854 eius

200 885 325 922 multo
349 882 537 920 maiorem
565 880 775 932 pecuniam
803 880 971 931 praetori
998 881 1173 931 polliceri
1201 894 1320 930 quam
1342 866 1544 931 quantam¹

200 948 263 987 hic
294 947 469 986 dedisset
486 961 496 995 5
530 946 708 996 proinde,
741 945 772 984 si
803 954 965 996 saperet,
999 946 1149 984 videret
1180 943 1295 999 [quid
1325 945 1400 984 sibi
1429 953 1531 984 esset

199 1010 457 1065 faciendum]
513 1013 664 1058 Homo,
684 1024 926 1061 quamquam
948 1018 1029 1049 erat
1049 1019 1087 1049 et
1108 1010 1262 1049 Siculus
1283 1018 1321 1049 et
1336 1023 1435 1056 τρυε,
1455 1011 1531 1048 hoc

199 1086 258 1117 est
287 1086 326 1117 et
355 1078 437 1116 iure
466 1077 604 1128 iniquo
633 1084 671 1115 et
706 1084 884 1126 tempore
912 1077 1089 1123 adverso,
1122 1077 1220 1115 ferre
1248 1083 1382 1114 tamen
1411 1083 1531 1126 atque
1554 1086 1591 1118 15

198 1143 334 1182 audire
363 1142 511 1182 diutius
541 1141 837 1180 Timarchidem
867 1154 949 1179 non
979 1141 1121 1191 potuit.
1182 1141 1363 1188 ‘Facite,’
1390 1140 1528 1191 inquit,

202 1210 336 1259 ‘quod
368 1208 491 1255 libet;
530 1208 692 1246 daturus
725 1220 807 1244 non
840 1220 929 1245 sum
963 1206 1157 1256 amplius.'
1226 1207 1421 1256 Idemque
1455 1207 1532 1244 hoc

199 1273 336 1312 amicis
357 1272 440 1312 eius
461 1280 499 1311 et
519 1271 794 1311 defensoribus
814 1271 1035 1338 videbatui)
1054 1279 1174 1321 atque
1195 1284 1243 1309 eo
1263 1271 1381 1309 etiarn
1409 1270 1532 1320 magis

201 1340 310 1390 quod
342 1338 425 1385 iste,
460 1350 624 1388 quoquo
656 1338 778 1376 modo
810 1351 851 1376 se
883 1337 922 1374 in
958 1350 1004 1375 ea
1043 1336 1276 1386 quaestione
1302 1336 1528 1386 praebebat,

200 1413 333 1444 tamen
363 1403 404 1442 in
433 1402 600 1441 consilio
630 1403 803 1440 habebat
834 1401 1015 1440 homines
1051 1403 1242 1441 honestos
1275 1415 1298 1440 e
1331 1408 1530 1439 conventu
1553 1415 1592 1438 20

201 1472 457 1521 Syracusano,
480 1468 547 1518 qui
577 1467 779 1506 Sacerdoti
810 1480 970 1517 quoque
999 1466 1039 1505 in
1069 1467 1238 1505 consilio
1264 1467 1417 1506 fuerant
1447 1474 1530 1504 tum

200 1549 291 1574 cum
321 1542 379 1574 est
408 1534 514 1573 idem
545 1533 609 1571 hic
639 1534 804 1583 Sopater
832 1533 1048 1570 absolutus.
1098 1532 1204 1570 *Hoc
1228 1531 1391 1570 rationis
1414 1531 1533 1569 habe-

200 1602 306 1648 bant,
329 1602 456 1638 facere
472 1611 540 1638 eos
561 1599 670 1637 nullo
690 1599 813 1636 modo
833 1610 950 1647 posse
970 1604 1013 1635 ut
1033 1595 1176 1635 eodem
1198 1596 1361 1635 crimine
1382 1595 1532 1634 eisdem

200 1665 365 1704 testibus
395 1666 604 1714 Sopatrum
634 1664 946 1702 condemnarent
975 1661 1081 1701 idem
1112 1662 1293 1700 homines
1322 1661 1390 1712 qui
1415 1670 1532 1700 antea

201 1731 497 1770 absolvissent„
533 1731 674 1779 Itaque
713 1730 787 1767 hac
826 1741 905 1766 una
943 1741 1013 1778 spe
1050 1729 1101 1767 ad
1140 1727 1330 1766 iudicium
1364 1698 1592 1802 veniturfs

204 1798 297 1846 Quo
327 1804 585 1847 posteaquam
615 1802 673 1833 est
702 1801 875 1840 ventum,
899 1807 989 1832 cum
1018 1793 1057 1831 in
1079 1792 1287 1831 consilium
1309 1794 1532 1843 frequentes

203 1860 481 1900 convenissent
498 1859 603 1898 idem
625 1859 692 1908 qui
714 1860 905 1906 solebant,
924 1866 963 1897 et
983 1859 1058 1897 hae
1079 1871 1156 1896 una
1172 1871 1241 1908 spe
1258 1866 1339 1896 tota
1355 1857 1534 1896 defensio

204 1926 358 1977 Sopatri
389 1926 586 1972 niteretur,
623 1924 762 1963 consili
796 1923 1017 1974 frequentia
1049 1931 1088 1962 et
1119 1923 1319 1973 dignitate,
1353 1930 1392 1962 et
1425 1923 1534 1972 quod

251 2041 265 2062 1
292 2031 352 2061 sibi
371 2034 461 2060 esset
478 2028 526 2059 cO
542 2040 548 2060 :
573 2028 634 2059 sibi
653 2029 694 2058 de
708 2039 747 2058 ea
765 2038 800 2058 re
819 2033 945 2068 essetf>
962 2027 1026 2058 rell.
1179 2037 1195 2066 7
1221 2027 1294 2057 sine
1311 2032 1400 2057 metu
1418 2038 1484 2057 om.
1505 2027 1536 2058 O

204 2075 224 2105 8
249 2085 303 2105 res
320 2079 393 2104 crat
412 2072 453 2103 0¹
471 2084 477 2103 :
503 2077 574 2103 erat
591 2082 656 2103 om.
678 2071 741 2102 rell.
838 2082 877 2102 10
902 2072 1056 2102 iudicium
1075 2071 1251 2101 dimittitur
1270 2070 1342 2110 Opq
1357 2069 1534 2101 Zielinski:

205 2118 281 2149 dim.
303 2118 369 2147 iud.
390 2117 455 2147 rell.
605 2125 643 2154 13
668 2116 695 2145 si
713 2126 778 2146 om.
798 2115 858 2146 cO¹
958 2115 1089 2145 videret
1107 2114 1154 2144 cO
1172 2114 1379 2153 [Zielinskfflt
1403 2114 1536 2144 videret

204 2162 285 2200 quid
303 2161 365 2191 sibi
383 2165 474 2191 esset
493 2159 693 2193 faciendum,
713 2158 775 2189 rell.
978 2168 1013 2197 17
1038 2158 1126 2197 quod
1144 2157 1224 2188 libet
1241 2157 1309 2188 cO:
1333 2159 1421 2196 quod
1441 2158 1536 2188 vobis

206 2205 285 2235 libet
302 2204 367 2235 rell.
503 2214 546 2233 20
569 2208 682 2233 tamen
700 2203 731 2231 in
751 2202 890 2232 consilio
907 2201 996 2232 codd.
1013 2213 1020 2232 ε
1045 2202 1075 2231 in
1095 2211 1170 2232 con.
1190 2206 1301 2231 tamen
1321 2201 1361 2230 0¹
1495 2210 1537 2230 22

206 2254 259 2278 est
275 2247 332 2277 cO¹
350 2259 356 2278 t
381 2251 473 2278 esset
490 2246 552 2277 rell.
657 2256 696 2283 24
724 2245 811 2276 idem
827 2247 981 2276 homines
997 2245 1103 2275 abesse
1119 2245 1214 2274 mali!
1230 2244 1391 2285 Pluygers
1495 2245 1537 2274 26

206 2295 345 2321 ventum
364 2296 414 2321 est
431 2290 449 2319 b
465 2294 494 2320 et
511 2289 542 2320 O
555 2294 618 2330 pta,
638 2299 717 2320 corr.
739 2300 783 2320 m.
808 2299 819 2319 1
958 2298 997 2327 27
1024 2299 1089 2319 una
1106 2299 1171 2318 om.
1192 2288 1233 2318 0¹
