1715 2734
135 88 183 126 19
205 95 244 126 50
567 81 625 118 M.
655 81 826 118 TVLLI
857 80 1164 119 CICERONIS

201 191 545 230 Tauromenitanis
565 190 778 241 imperasse
797 197 836 229 et
857 190 1105 229 Mamertinis
1125 190 1332 238 remisisse,
1353 205 1450 229 num
1470 191 1535 231 cui

200 255 366 295 dubium
397 256 539 308 poterit
569 270 654 295 esse
683 256 779 306 quin
808 256 929 295 Verre
958 263 1137 306 praetore
1165 258 1255 307 plus
1285 257 1534 296 Mamertinis

199 322 347 372 cybaea
374 336 492 373 quam
521 321 866 361 Tauromenitanis
895 322 1035 361 foedus
1066 321 1303 372 opitulatum
1324 322 1403 361 sit?
1460 324 1535 361 Re-

200 387 368 426 citentur
388 390 555 427 foedera.

128 460 182 488 20
259 454 342 492 Isto
362 453 476 503 igitur
496 461 575 501 tuo,
599 467 717 504 quem
737 454 788 492 ad
810 455 974 492 modum
991 453 1072 503 ipse
1088 455 1302 505 praedicas,
1325 454 1532 502 beneficio,
1552 473 1571 504 5

201 525 244 556 ut
273 532 332 557 res
362 518 521 565 indicat,
554 518 678 568 pretio
712 527 832 569 atque
865 521 1046 558 mercede
1077 519 1252 557 minuisti
1288 519 1533 558 maiestatem

198 583 251 622 rei
272 583 464 634 publicae,
489 583 663 622 minuisti
683 583 826 622 auxilia
845 583 981 634 populi
1003 584 1187 631 Romani,
1207 583 1381 622 minuisti
1399 584 1533 635 copias

198 649 390 688 maiorum
420 649 561 688 virtute
590 663 635 688 ac
665 649 857 700 sapientia
886 658 1144 700 comparatam,
1168 649 1357 688 sustulisti
1386 650 1444 689 ius
1464 650 1533 689 im-

197 714 290 765 peri,
327 715 603 753 condicionem
636 715 848 763 sociorum,
883 715 1112 754 memoriam
1145 715 1341 754 foederis:
1385 716 1452 766 qui
1486 731 1533 756 ex

197 781 355 818 foedere
375 780 461 830 ipso
481 794 622 819 navem
638 782 699 819 vel
716 794 842 831 usque
857 782 908 820 ad
926 782 1144 829 Oceanum,
1164 781 1195 819 si
1216 781 1530 832 imperassemus,
1554 797 1592 819 ιο

196 852 355 895 sumptu
388 845 642 895 periculoque
676 859 748 884 suo
779 853 968 884 armatam
1007 853 1126 896 atque
1164 854 1341 884 ornatam
1378 846 1532 886 mittere

195 911 429 958 debuerunt,
453 910 493 948 hi
515 924 564 949 ne
584 910 624 948 in
646 911 743 949 freto
763 918 855 949 ante
872 924 942 949 sua
957 918 1061 949 tecta
1077 918 1115 949 et
1131 911 1274 949 domos
1291 911 1528 962 navigarent,

196 990 246 1015 ne
281 990 350 1014 sua
389 976 546 1014 moenia
576 983 792 1026 portusque
826 977 1094 1023 defenderent,
1136 976 1262 1026 pretio
1296 976 1367 1015 abs
1402 984 1440 1015 te
1471 976 1530 1015 ius

136 1055 173 1088 51
196 1041 364 1081 foederis
386 1048 423 1079 et
444 1041 582 1090 imperi
604 1041 882 1080 condicionem
908 1042 1169 1080 redemerunt.
1230 1041 1338 1089 Quid
1359 1041 1530 1080 censetis

195 1106 234 1144 in
267 1108 343 1145 hoc
376 1107 534 1145 foedere
572 1105 754 1145 faciendo
789 1105 958 1144 voluisse
998 1108 1259 1145 Mamertinos
1298 1106 1528 1157 impendere
1550 1121 1589 1153 15

194 1172 350 1219 laboris,
382 1185 535 1222 operae,
559 1172 750 1222 pecuniae
780 1186 831 1210 ne
860 1173 958 1210 haec
988 1171 1147 1210 biremis
1176 1173 1478 1220 adscriberetur,
1497 1172 1529 1211 si

194 1238 234 1278 id
255 1240 336 1277 ullo
357 1239 478 1277 modo
498 1245 658 1288 possent
678 1252 701 1275 a
721 1237 862 1276 nostris
891 1237 1104 1276 maioribus
1131 1237 1368 1288 impetrare?
1424 1239 1529 1276 Nam

193 1317 284 1342 cum
323 1304 401 1341 hoc
440 1315 583 1340 munus
622 1301 900 1352 imponebatur
938 1309 1018 1340 tam
1057 1316 1172 1352 grave
1210 1302 1367 1349 civitati,
1405 1302 1529 1342 inerat

193 1368 329 1407 nescio
358 1382 438 1418 quo
467 1369 589 1407 modo
619 1367 658 1406 in
689 1368 755 1406 illo
784 1369 943 1407 foedere
972 1367 1169 1407 societatis
1200 1368 1311 1418 quasi
1331 1369 1527 1418 quaedam

193 1442 287 1473 nota
307 1434 512 1472 servitutis.
574 1434 695 1480 Quod
721 1441 815 1481 tum,
844 1434 1067 1473 recentibus
1095 1434 1175 1472 suis
1200 1433 1349 1481 officiis,
1379 1433 1528 1484 integra
1549 1451 1589 1472 20

193 1514 243 1546 re,
267 1499 382 1538 nullis
414 1499 549 1550 populi
576 1499 749 1537 Romani
776 1499 1084 1547 difficultatibus,
1107 1513 1129 1537 a
1151 1499 1364 1537 maioribus
1385 1499 1527 1537 nostris

193 1567 352 1605 foedere
381 1565 544 1615 adsequi
576 1579 657 1603 non
688 1572 912 1615 potuerunt,
937 1565 976 1603 id
1003 1578 1120 1611 nunc,
1143 1566 1252 1603 nullo
1273 1578 1377 1603 novo
1397 1564 1527 1602 officio

193 1646 277 1679 SUO,
299 1638 355 1670 tot
376 1631 488 1669 annis
509 1630 748 1681 post‚-iure
765 1631 903 1680 imperi
926 1630 1046 1669 nostri
1068 1630 1280 1680 quotannis
1297 1637 1526 1680 usurpatum

191 1711 238 1736 ac
277 1710 432 1747 semper
469 1703 891 1743 retentum,—summa
937 1696 977 1734 in
1016 1696 1246 1735 difficultate
1294 1695 1464 1742 navium,
1503 1709 1526 1734 a

194 1764 238 1803 C.
261 1765 383 1801 Verre
412 1762 537 1812 pretio
566 1762 742 1801 adsecuti
773 1770 874 1809 sunt,
897 1776 943 1801 ac
973 1776 1052 1801 non
1085 1764 1161 1801 hoc
1186 1764 1312 1800 solum
1334 1762 1521 1808 adsecuti,
1546 1773 1583 1805 25

193 1842 243 1867 ne
264 1841 404 1866 navem
425 1829 563 1866 darent
581 1844 587 1866 :
617 1841 782 1878 ecquem
812 1836 984 1876 nautam,
1000 1841 1166 1878 ecquem
1181 1828 1357 1875 militem,
1375 1827 1441 1877 qui
1459 1836 1526 1866 aut

193 1893 232 1930 in
260 1895 384 1931 classe
412 1900 480 1931 aut
510 1892 549 1930 in
579 1892 775 1943 praesidio
805 1901 918 1941 esset,
941 1901 980 1932 te
1009 1901 1186 1944 praetore
1216 1906 1285 1943 per
1313 1893 1523 1931 triennium

194 1957 421 1996 Mamertini
442 1959 666 1996 dederunt?

130 2010 172 2037 ²¹
248 2023 432 2074 Denique
462 2037 552 2062 cum
583 2038 629 2062 cx
659 2031 816 2063 senatus
849 2026 1030 2064 consulto
1061 2024 1234 2076 itemque
1262 2039 1308 2064 ex
1335 2026 1419 2075 lege
1451 2026 1524 2063 Te-

132 2070 170 2100 52

240 2137 251 2156 1
281 2138 357 2157 num
379 2128 428 2158 cui
443 2128 525 2167 pkbz
553 2139 631 2159 num
648 2129 724 2167 quid
745 2128 838 2159 RSw
969 2140 1006 2159 12
1031 2129 1062 2159 hi
1076 2130 1138 2169 pk&
1155 2142 1160 2159 :
1185 2135 1218 2159 ct
1236 2129 1308 2165 RS,
1329 2131 1356 2159 ci
1376 2129 1518 2161 Iordan..

192 2171 261 2201 rdd.
345 2177 422 2201 ante
441 2182 504 2202 om.
524 2172 587 2202 RS
604 2176 658 2202 zu!
673 2173 768 2202 elt'mn
790 2176 804 2209 ξ
824 2182 864 2211 55
882 2173 983 2213 ιἰζῙναΧ
1100 2183 1135 2211 15
1161 2174 1315 2203 faciundo
1330 2175 1370 2212 7³5
1484 2174 1521 2203 18

193 2214 460 2255 imponereturp
597 2216 729 2246 inerant
748 2216 774 2246 S
791 2217 900 2252 (haba
918 2217 948 2246 R
966 2228 984 2246 n
1003 2222 1103 2256 snpra
1122 2217 1197 2247 lina
1215 2228 1220 2246 :
1245 2227 1289 2246 an
1308 2218 1438 2247 inerant
1455 2240 1461 2246 .
1483 2241 1489 2246 .
1511 2239 1519 2247 .

193 2259 355 2295 quacdam
377 2261 496 2290 notae?
586 2270 627 2289 22
652 2270 741 2290 novo
754 2259 816 2299 pk&
834 2272 839 2289 z
866 2271 928 2290 om.
951 2260 1014 2290 RS
1103 2270 1143 2299 23
1169 2265 1218 2290 tot
1236 2260 1331 2289 annis
1347 2285 1353 2290 .
1367 2285 1374 2290 .
1392 2282 1398 2289 .
1416 2259 1519 2290 nostri

193 2310 256 2331 om.
278 2301 341 2331 RS
490 2303 561 2333 iure
579 2303 706 2343 imperii
725 2327 732 2334 .
757 2327 762 2333 .
783 2328 788 2334 .
807 2313 944 2343 semper
962 2309 1129 2334 retentum
1149 2303 1294 2333 Cinnam
1308 2307 1434 2333 secutus
1451 2302 1518 2333 secl.

193 2343 364 2383 Brugnola
497 2352 658 2386 usurpato
680 2371 687 2377 .
706 2370 713 2377 .
734 2370 741 2377 .
762 2351 892 2378 retento
904 2352 928 2387 j>
944 2351 995 2385 (ul
1005 2348 1082 2378 coni.
1106 2347 1166 2377 Th.
1185 2347 1323 2385 Lnthcr)
