1715 2734
114 73 165 111 23
187 78 226 111 55
556 65 611 102 M.
643 65 812 102 TVLLI
844 64 1152 104 CICERONIS

126 179 165 220 56
186 188 282 213 rum.
344 175 546 226 Epicrates
568 175 749 215 homines
770 176 902 215 multis
922 176 1050 216 verbis
1069 177 1120 216 ab
1142 190 1183 216 se
1210 179 1312 216 male
1331 184 1517 227 acceptos

186 240 372 288 dimittit;
400 243 566 280 redeunt
586 241 641 279 illi
663 241 789 291 Regio
811 244 1029 291 Syracusas,
1053 242 1163 292 queri
1190 256 1281 280 cum
1309 242 1451 290 multis,
1475 251 1517 281 ut

187 306 238 352 fit,
262 305 454 356 incipiunt
484 320 525 345 se
556 308 627 344 HS
659 318 773 344 Lxxx
803 320 1010 345 nummum
1041 309 1180 346 frustra
1207 307 1376 346 dedisse.
1436 309 1516 346 Res

185 371 425 421 percrebruit
456 379 493 410 et
523 371 563 408 in
591 384 658 409 ore
686 378 806 421 atque
835 384 1016 410 sermone
1046 373 1225 411 omniurn
1255 373 1388 422 coepit
1417 386 1514 411 esse.

184 438 324 475 Verres
349 438 461 475 refert
483 436 587 474 illam
610 450 722 475 suam
751 438 1033 487 Syracusanam
1052 453 1062 486 3
1089 438 1143 476 ait
1167 451 1209 477 se
1238 440 1338 476 velle
1365 439 1416 476 de
1442 438 1517 476 illis
1537 450 1555 481 5

186 503 256 540 HS
297 513 412 540 Lxxx
443 514 707 551 cognoscere3
753 503 922 540 advocat
960 504 1115 541 multos.
1194 503 1344 541 Dicunt
1383 502 1516 541 Bidini

183 568 366 606 Volcatio
393 580 434 605 se
462 566 647 615 dedisse;
677 567 773 605 illud
795 580 875 605 non
896 569 1059 616 addunt,
1084 568 1215 607 ‘iussu
1237 568 1372 607 istius.'
1424 569 1517 606 Vol-

181 632 328 671 catium
348 640 476 680 vocat,
516 632 725 682 pecuniam
753 633 881 671 referri
912 633 1088 683 imperat.
1146 633 1351 672 Volcatius
1380 633 1516 672 animo

181 698 420 748 aequissimo
454 710 639 736 nummos
669 699 805 744 adfert,
835 697 902 748 qui
937 698 1034 736 nihil
1062 698 1271 747 amitteret,
1298 698 1428 737 reddit
1462 699 1515 736 in-

121 777 160 811 57
181 762 451 813 spectantibus
481 762 638 800 multis:
670 762 802 801 Bidini
832 776 1017 802 nummos
1046 765 1239 802 auserunt.
1300 763 1416 802 Dicet
1450 764 1516 802 ali·
1537 776 1575 799 10

180 829 279 879 quis,
305 828 437 877 ‘Quid
458 841 550 879 ergo
570 828 610 866 in
630 829 707 867 hoc
728 830 891 867 Verrem
913 830 1177 879 reprehendis,
1201 829 1268 880 qui
1289 843 1371 868 non
1393 831 1514 869 modo

180 894 264 945 ipse
298 895 358 932 fur
388 907 469 932 non
500 901 568 940 est,
593 895 663 933 sed
692 907 743 933 ne
771 894 891 932 alium
922 894 1082 945 quidem
1116 908 1252 945 passus
1287 903 1346 934 est
1375 897 1514 933 esseP'

179 959 384 999 Attendite
404 975 413 1008 3
443 959 521 998 iam
550 959 783 1010 intellegetis
814 961 916 999 hanc
941 960 1165 1011 pecuniam,
1186 974 1288 1011 quae
1308 960 1370 998 via
1391 962 1513 999 modo

177 1025 259 1064 visa
279 1032 338 1064 est
358 1024 461 1064 exire
481 1024 532 1063 ab
553 1024 639 1072 isto,
663 1026 805 1064 eodem
827 1025 966 1064 semita
993 1026 1204 1064 revertisse.
1266 1025 1376 1075 Quid
1405 1026 1512 1064 enim

178 1090 315 1129 debuit
345 1098 500 1141 praetor
531 1091 668 1137 facere,
701 1103 792 1128 cum
827 1091 994 1129 consilio
1025 1104 1066 1129 re
1095 1091 1253 1141 cognita
1281 1104 1374 1129 cum
1408 1104 1513 1129 com-
1536 1105 1572 1136 ¹5

176 1157 339 1206 perisset
379 1169 494 1194 suurn
535 1155 722 1194 comitem
762 1155 853 1194 iuris
888 1156 1037 1194 decreti
1078 1156 1197 1194 iudici
1232 1156 1511 1206 corrumpendi

175 1235 442 1271 causa‚—qua
462 1221 502 1258 in
525 1234 564 1259 re
586 1220 706 1270 ipsius
728 1221 915 1271 praetoris
944 1229 1062 1272 caput
1092 1220 1407 1270 existimatioque
1426 1235 1512 1271 age—

175 1286 557 1337 retur,—-pecuniam
590 1287 801 1336 accepisse,
822 1287 987 1325 Bidinos
1016 1294 1149 1325 autern
1180 1286 1389 1337 pecuniam
1419 1299 1510 1324 con·
1713 1312 1715 1328 .

173 1361 230 1391 tra
261 1352 450 1403 praetoris
482 1353 627 1390 famam
661 1364 708 1390 ac
739 1353 913 1390 fortunas
944 1352 1130 1391 dedisse?
1169 1365 1250 1390 non
1281 1359 1318 1390 et
1348 1352 1387 1389 in
1418 1365 1509 1390 eum
1713 1342 1715 1417 l

173 1418 239 1468 qui
260 1419 476 1468 accepisset
498 1416 837 1456 animadvertisset
859 1425 896 1456 et
917 1417 957 1455 in
979 1431 1047 1456 eos
1069 1417 1134 1467 qui
1157 1417 1393 1455 dedissent?
1432 1419 1506 1464 Tu,
1531 1429 1571 1451 20
1713 1427 1715 1437 ¹

172 1484 239 1534 qui
262 1483 481 1522 institueras
503 1482 543 1520 in
579 1495 647 1520 eos
676 1483 986 1521 animadvertere
1012 1482 1078 1532 qui
1109 1495 1313 1532 perperam
1345 1481 1510 1520 iudicas·
1711 1442 1715 1523 i

172 1550 438 1599 senc—quod
469 1562 585 1600 saepe
615 1562 684 1600 per
714 1547 1019 1598 imprudentiam
1054 1548 1238 1593 fit,—hos
1269 1546 1411 1596 pateris
1442 1547 1510 1584 im-

173 1629 279 1666 pune
307 1616 510 1654 discedere
539 1615 605 1665 qui
636 1614 689 1652 ob
719 1621 831 1652 tuum
862 1615 1076 1659 decretum,
1102 1612 1154 1651 ob
1184 1620 1295 1650 tuum
1318 1611 1508 1649 iudicium

104 1670 154 1737 ²·4
175 1680 383 1731 pecuniam
413 1687 481 1718 aut
512 1680 685 1718 dandam
715 1685 783 1716 aut
809 1678 1081 1728 accipiendam
1113 1678 1327 1727 putarant?
1370 1678 1510 1714 Volca-

115 1722 154 1760 ³8
174 1745 250 1784 tius
271 1747 375 1784 idem
397 1746 505 1795 apud
527 1752 564 1783 te
585 1752 723 1795 postea
743 1743 824 1790 suit,
849 1757 969 1793 eques
989 1745 1208 1789 Romanus,
1223 1748 1331 1780 tanta
1346 1748 1508 1791 accepta
1531 1756 1567 1787 25

173 1810 413 1861 ignominia3
443 1823 535 1848 narn
566 1809 661 1859 quid
692 1816 751 1847 est
780 1808 930 1858 turpius
960 1808 1143 1858 ingenuo,
1176 1807 1272 1857 quid
1305 1806 1435 1844 minus
1469 1806 1509 1844 li-

172 1877 267 1914 bero
287 1876 450 1925 dignum
474 1887 593 1925 quam
620 1875 659 1911 in
687 1881 885 1911 conventu
913 1873 1083 1911 maximo
1114 1873 1200 1922 cogi
1228 1885 1251 1910 a
1281 1871 1508 1921 magistratu

171 1943 315 1979 furtum
348 1941 545 1979 reddere?
590 1939 657 1989 qui
692 1939 723 1976 si
756 1952 803 1977 eo
838 1938 972 1977 animo
1013 1946 1115 1977 esset
1150 1950 1230 1987 quo
1265 1950 1346 1975 non
1386 1937 1508 1975 modo

170 2019 290 2056 eques
324 2007 542 2052 Romanus
579 2005 647 2042 sed
685 2003 812 2053 quivis
847 2003 945 2042 liber
977 2003 1096 2042 debet
1129 2015 1225 2049 esse,
1262 2001 1437 2052 aspicere
1469 2008 1507 2039 te

217 2118 229 2137 1
258 2109 343 2139 male
360 2119 428 2139 acc.
450 2108 491 2138 ab
512 2117 548 2138 se
569 2106 684 2147 Vsort.
707 2109 782 2136 recte
971 2117 990 2137 2
1015 2106 1152 2137 dimittit
1173 2105 1267 2136 VO¹:
1293 2105 1419 2135 dimisit
1437 2104 1504 2136 rell.

164 2164 184 2194 3
208 2165 245 2185 se
262 2153 310 2184 V:
334 2163 412 2184 sese
427 2152 490 2183 rell.
601 2161 619 2190 5
645 2161 714 2181 rem
735 2150 837 2181 refert
850 2149 1000 2180 Kahntio
1013 2153 1096 2180 auct.
1110 2148 1195 2179 Iord.
1288 2147 1377 2178 illam
1388 2147 1475 2178 codd.
1497 2159 1504 2178 :

167 2198 255 2228 illam
274 2197 418 2228 fabulam
432 2196 543 2226 Muell.
562 2207 569 2226 ε
594 2194 739 2225 fabulam
755 2193 971 2224 Luterbacher
1074 2193 1094 2221 8
1119 2193 1261 2231 imperat
1279 2191 1366 2222 codd.
1378 2195 1507 2231 praeter

170 2241 200 2271 O
218 2241 340 2281 (iubet)
479 2250 515 2277 13
540 2248 625 2277 quae
645 2238 694 2269 O:
722 2248 786 2276 qua
806 2237 869 2267 rell.
1027 2245 1064 2273 14
1089 2236 1208 2265 eodem
1226 2234 1360 2274 scm'pSt':
1386 2235 1503 2265 eadem

168 2285 257 2315 codd.
283 2287 412 2324 praeter
436 2282 478 2313 0¹
501 2284 589 2320 (eam
610 2297 637 2307 ε
657 2281 800 2312 eandem
813 2281 852 2319 3).
902 2279 948 2319 Cf.
980 2279 1013 2317 ii,
1046 2282 1145 2317 §50;
1179 2278 1225 2308 Cl.
1253 2277 1332 2308 Rev.
1360 2288 1415 2308 xx.
1442 2278 1506 2316 256

173 2338 210 2367 15
236 2338 270 2358 re
288 2328 457 2366 cognitas>
474 2326 538 2356 rell.
554 2329 684 2365 praeter
703 2323 743 2353 0¹
764 2323 918 2363 (cognita
936 2322 1052 2361 causa)
1150 2322 1186 2351 18
1211 2321 1384 2361 pecuniam
1403 2332 1469 2353 om.
1489 2322 1506 2350 δ

171 2381 212 2401 20
235 2370 528 2401 animadvertisset
546 2368 629 2399 cO¹:
659 2368 805 2398 animum
831 2366 1019 2397 advertisse
1040 2365 1105 2405 qu
1282 2374 1321 2403 23
1345 2365 1387 2395 ob
1411 2370 1504 2395 tuum

170 2416 340 2446 decretum
358 2424 424 2444 om.
446 2413 492 2452 03
517 2412 574 2442 sed
587 2412 624 2452 cf.
649 2415 663 2449 ξ
684 2413 725 2441 26
741 2416 843 2450 supra
979 2420 1019 2448 24
1046 2409 1207 2448 putabant
1226 2407 1256 2438 O
