1715 2734
2 1130 7 1194 --.-
2 1038 6 1125 vmqf*
1 991 7 1031 *0-2-
1 753 7 987 -n-u-uf———u-w
1 704 6 749 -ὴ
1 622 6 699 ——0—
0 290 7 615 -—-—-›-2-—-‚-=--.——‹

165 92 433 131 ACTIONIS
464 91 524 128 IN
555 91 598 129 C.
622 91 863 128 VERREM
893 91 1193 129 SECVNDAE
1223 93 1326 129 LIB.
1352 93 1370 129 1
1411 100 1467 140 29
1489 106 1528 140 74

137 201 321 247 iussisset,
336 213 405 250 per
420 199 597 238 eiusdem
615 199 724 237 istius
739 200 893 238 lictores
909 213 931 237 a
944 201 1093 250 populo
1110 201 1319 250 pecuniam
1335 210 1468 251 posset

136 266 296 315 exigere.
356 266 458 304 Cum
486 265 582 302 haec
607 264 741 302 omnia
768 272 875 302 tanta
902 264 1167 311 contentione,
1197 265 1313 303 tantis
1343 267 1466 316 copiis

134 337 363 379 agerentur,
391 343 481 367 cum
530 328 639 366 illum
689 329 872 367 miserum
922 329 1032 367 multi
1073 338 1312 377 accusarent,
1347 345 1466 369 nemo

134 395 364 432 defenderet
381 408 390 441 3
420 407 591 443 cumque
627 394 835 432 Dolabella
869 408 960 432 cum
995 394 1074 432 suis
1095 394 1300 444 praefectis
1320 408 1465 445 pugna-

96 472 112 502 5
134 466 190 497 ret
210 459 249 496 in
276 458 452 504 consilio,
471 460 611 496 Verres
639 460 813 496 fortunas
845 459 904 508 agi
929 472 1018 496 suas
1045 458 1207 506 diceret,
1227 458 1331 497 idem
1362 460 1463 498 testi-

133 523 311 561 monium
344 523 503 569 diceret,
528 522 633 561 idem
664 531 765 562 esset
791 523 830 561 in
858 523 1035 570 consilio,
1067 523 1172 562 idem
1194 531 1462 562 accusatorem

130 588 469 636 parasset‚—-haec
489 601 580 625 cum
608 587 741 625 omnia
765 589 912 634 fierent,
942 596 979 626 et
1011 602 1100 626 cum
1135 588 1338 627 hominem
1373 603 1463 628 con-

130 660 247 691 staret
280 652 466 699 occisum,
495 660 626 691 tamen
669 661 775 691 tanta
805 654 860 691 vis
912 653 1022 691 istius
1061 653 1234 701 iniuriae,
1275 662 1383 692 tanta
1421 654 1459 692 in

129 717 204 755 isto
234 717 463 767 improbitas
493 718 704 767 putabatur
733 726 774 756 ut
806 719 856 757 de
891 719 1127 757 Philodamo
1166 731 1345 757 AMPLIVS
1375 733 1459 769 pro-

71 797 108 818 10
128 782 379 820 nuntiaretur.
438 782 547 831 Quid
575 796 648 832 ego
682 796 786 821 nunc
821 783 860 820 in
890 784 1011 821 altera
1047 783 1202 822 actione
1235 785 1306 822 Cn.
1342 785 1459 822 Dola—

128 846 252 885 bellae
273 847 440 897 spiritus‚
467 846 563 897 quid
598 847 713 885 huius
745 848 922 887 lacrimas
950 856 988 887 et
1022 849 1345 887 concursationes
1375 857 1459 899 pro-

126 913 258 958 feram,
276 912 372 962 quid
390 913 435 952 C.
452 912 631 958 Neronis,
648 912 717 950 viri
738 913 876 963 optimi
898 921 1016 963 atque
1038 913 1364 959 innocentissimi,
1378 928 1458 952 non

124 976 240 1015 nullis
263 977 301 1015 in
334 977 450 1016 rebus
470 976 647 1015 animum
669 976 835 1015 nimium
866 977 1047 1016 timidum
1070 986 1189 1028 atque
1210 979 1426 1018 demissum
1444 983 1460 1019 ?

124 1043 191 1090 qui
212 1041 251 1078 in
273 1041 337 1079 illa
356 1055 396 1080 re
416 1041 512 1091 quid
542 1043 669 1080 facere
698 1048 885 1092 oporteret
915 1056 996 1081 non
1030 1043 1212 1089 habebat,
1237 1044 1311 1082 nisi
1345 1046 1454 1091 forte,

66 1120 103 1151 15
124 1105 164 1144 id
196 1109 304 1156 quod
336 1121 473 1146 omnes
507 1115 588 1145 tum
619 1107 908 1155 desiderabant,
927 1117 969 1146 ut
989 1117 1119 1158 ageret
1140 1123 1225 1147 eam
1261 1124 1342 1148 rem
1373 1110 1457 1149 sine

123 1172 244 1209 Verre
283 1180 320 1210 et
357 1172 440 1210 sine
477 1173 693 1211 Dolabella.
757 1172 961 1222 Quicquid
986 1181 1088 1211 esset
1113 1173 1197 1212 sine
1230 1174 1289 1212 his
1310 1182 1454 1222 actum,

122 1249 260 1274 Omnes
281 1237 491 1286 probarent
509 1252 518 1284 3
549 1245 632 1275 tum
647 1251 737 1275 vero
755 1239 863 1287 quod
884 1237 1181 1287 pronuntiatum
1197 1246 1255 1276 est
1285 1253 1366 1278 non
1387 1253 1455 1289 per

123 1301 324 1340 Neronem
357 1301 588 1349 iudicatum,
619 1304 689 1340 sed
723 1315 791 1351 per
827 1302 1077 1340 Dolabellam
1109 1311 1287 1353 ereptum
1329 1304 1454 1343 existi-

121 1366 310 1404 mabatur.
383 1368 681 1405 Condemnatur
715 1366 819 1405 enim
852 1368 1056 1417 perpaucis
1089 1368 1292 1407 sententiis
1324 1370 1454 1408 Philo-

63 1449 103 1470 20
121 1432 260 1469 damus
281 1439 318 1470 et
339 1431 421 1470 eius
443 1431 554 1469 filius.
614 1433 752 1479 Adest,
766 1431 893 1479 instat,
913 1440 1021 1482 urget
1044 1434 1253 1471 Dolabella
1273 1442 1314 1472 ut
1333 1448 1451 1484 quam

120 1496 289 1545 primum
311 1496 436 1534 securi
458 1496 653 1543 feriantur,
677 1510 756 1546 quo
778 1510 896 1546 quam
919 1496 1082 1535 minime
1104 1498 1215 1536 multi
1237 1512 1282 1536 ex
1307 1499 1381 1537 illis
1401 1501 1452 1538 de

119 1560 229 1599 istius
258 1561 407 1600 nefario
436 1563 581 1600 scelere
610 1561 745 1599 audire
775 1569 946 1611 possent.
1007 1563 1268 1602 Constituitur
1297 1564 1336 1602 in
1366 1567 1450 1604 foro
1473 1574 1513 1616 76

120 1625 341 1664 Laodiceae
362 1627 629 1676 spectaculum
659 1627 845 1664 acerbum
876 1634 913 1664 et
944 1626 1127 1665 miserum
1164 1636 1202 1666 et
1235 1642 1350 1678 grave
1379 1631 1450 1668 toti

118 1690 237 1728 Asiae
276 1690 508 1740 provinciae,
541 1691 698 1740 grandis
738 1698 831 1729 natu
866 1705 1005 1741 parens
1043 1693 1239 1731 adductus
1273 1695 1324 1732 ad
1363 1708 1450 1745 sup-

61 1770 97 1802 25
118 1755 291 1805 plicium,
310 1769 356 1794 ex
369 1757 487 1794 altera
502 1764 609 1806 parte
630 1755 741 1801 filius,
758 1756 822 1794 ille
843 1757 951 1805 quod
972 1757 1202 1806 pudicitiam
1224 1758 1446 1806 liberorum,

118 1819 181 1858 hic
203 1821 311 1870 quod
331 1820 448 1858 vitam
471 1820 589 1870 patris
611 1822 835 1870 famamque
856 1821 997 1859 sororis
1019 1823 1259 1861 defenderat.
1311 1824 1448 1863 Flebat

117 1894 280 1935 uterque
319 1900 399 1924 non
420 1887 470 1924 de
500 1899 571 1924 suo
601 1886 805 1936 supplicio,
838 1888 907 1925 sed
935 1894 1044 1936 pater
1069 1888 1120 1925 de
1147 1888 1199 1925 fili
1231 1896 1365 1936 morte,
1397 1891 1447 1928 de

116 1951 234 2000 patris
255 1951 366 1989 filius.
427 1951 535 1999 Quid
556 1950 802 1989 lacrimarum
824 1951 952 2002 ipsum
975 1953 1176 1991 Neronem
1198 1954 1342 2004 putatis
1362 1967 1447 2005 pro-

116 2016 291 2055 fudisse?
329 2030 446 2066 quem
474 2018 609 2055 fletum
638 2016 756 2055 totius
789 2017 906 2056 Asiae
931 2017 1060 2065 fuisse,
1090 2033 1208 2068 quem
1238 2021 1387 2059 luctum
1408 2029 1446 2059 et

58 2099 97 2129 30
115 2081 303 2131 gemitum
337 2083 726 2131 Lampsacenorum?
767 2082 892 2120 securi
924 2096 1008 2121 esse
1035 2097 1240 2133 percussos
1265 2085 1444 2124 homines

116 2145 336 2184 innocentis
376 2146 530 2193 nobilis,
574 2146 701 2184 socios
740 2146 875 2196 populi
916 2149 1088 2186 Romani
1127 2157 1245 2199 atque
1282 2150 1440 2198 amicos,

1477 764 1533 800 30

1480 825 1521 856 75

164 2259 200 2288 14
223 2253 398 2289 oporteret
413 2249 546 2289 scripsi:
573 2249 715 2289 potuerit
736 2249 792 2290 Dp
805 2250 868 2281 rell.
894 2251 931 2290 (i,
951 2253 966 2288 ξ
988 2262 1048 2290 103
1065 2263 1072 2289 ;
1098 2252 1140 2287 iii,
1158 2255 1172 2289 ξ
1190 2263 1249 2291 113
1268 2265 1274 2284 z
1300 2255 1346 2285 Cl.
1364 2254 1443 2285 Rev.

117 2293 194 2322 xvii.
213 2294 291 2333 202)
425 2303 463 2322 21
491 2295 578 2331 quod
605 2303 703 2332 quam
726 2293 868 2333 prGfflB:
893 2295 980 2333 quod
1006 2296 1163 2334 quoniam
1187 2295 1269 2328 DZs
1402 2309 1443 2337 23

118 2336 266 2366 laodicee
283 2336 301 2365 b
319 2348 325 2366 ε
349 2337 488 2366 laodicie
505 2336 538 2365 D
553 2348 558 2366 :
586 2337 746 2367 laodiciae
763 2342 824 2369 πλς
913 2348 955 2377 29
979 2338 1102 2369 luctum
1119 2344 1151 2369 et
1169 2350 1234 2371 om.
1254 2340 1333 2379 G2K
