1715 2734
182 121 231 158 52
258 127 317 158 115
621 112 678 149 M.
709 111 879 149 TVLLI
912 110 1220 150 CICERONIS

181 229 231 268 52
306 222 433 261 Vnius
465 223 583 262 etiam
613 222 721 261 urbis
755 220 935 260 omnium
966 220 1252 271 pulcherrimae
1281 228 1400 271 atque
1426 221 1586 261 ornatis-

250 287 381 335 simae,
433 290 721 337 Syracusarum,
777 285 1041 336 direptionem
1089 287 1413 325 commemorabo
1460 293 1499 326 et
1546 285 1586 325 in

251 353 426 392 medium
475 354 681 403 proferam,
731 351 893 399 iudices,
947 359 990 390 ut
1036 351 1252 402 aliquando
1299 358 1422 390 totam
1470 350 1586 390 huius

249 418 402 468 generis
434 417 653 457 orationem
683 418 921 456 concludam
947 424 1066 466 atque
1096 416 1295 455 definiam.
1356 418 1487 456 Nemo
1508 417 1586 456 fere

250 490 420 521 vestrum
452 490 510 521 est
541 482 636 532 quin
669 495 788 532 quem
819 482 871 520 ad
902 482 1066 520 modurn
1097 488 1235 531 captae
1262 480 1339 518 sint
1359 494 1382 518 a
1403 483 1458 519 M.
1484 483 1587 519 Mar·
1607 499 1624 529 5

249 549 350 586 cello
390 549 603 596 Syracusae
643 560 761 597 saepe
801 546 978 593 audierit,
1021 560 1101 585 non
1142 559 1360 596 numquam
1395 546 1513 584 etiam
1546 547 1585 585 in

248 612 456 650 annalibus
491 611 634 661 legerit.
697 612 885 650 Conferte
920 612 1022 649 hanc
1061 624 1199 661 pacem
1239 624 1329 649 cum
1362 610 1429 649 illo
1468 611 1583 657 bello,

250 677 365 715 huius
398 676 585 727 praetoris
617 677 834 715 adventum
870 689 960 714 cum
1001 675 1102 714 illius
1135 675 1378 726 imperatoris
1411 674 1583 722 victoria,

249 742 364 781 huius
394 743 599 780 cohortem
629 741 824 792 impuram
852 754 942 779 cum
973 740 1075 779 illius
1097 740 1266 779 exercitu
1287 739 1445 787 invicto,
1467 739 1584 779 huius

249 806 433 846 libidines
463 820 554 845 cum
584 806 686 844 illius
717 804 962 845 continentia
981 820 987 843 :
1017 805 1068 843 ab
1090 805 1156 843 illo
1177 805 1243 855 qui
1265 805 1369 855 cepit
1390 804 1581 853 conditas,
1606 820 1644 843 ιο

168 880 226 911 116
249 872 299 910 ab
321 873 397 910 hoc
418 871 486 922 qui
507 871 739 910 constitutas
770 870 923 921 accepit
945 877 1078 920 captas
1099 869 1239 909 dicetis
1261 872 1480 920 Syracusas.
1524 872 1584 908 Ae

249 937 326 976 iam
348 937 412 975 illa
433 936 574 975 omitto
595 950 696 987 quae
717 936 892 986 disperse
921 949 944 974 a
973 949 1037 974 me
1067 935 1199 974 multis
1226 935 1266 974 in
1287 935 1382 974 locis
1404 935 1584 974 dicentur

247 1017 294 1042 ac
314 1003 420 1043 dicta
441 1010 542 1049 sunt,
566 1003 694 1040 forum
716 1003 1060 1052 Syracusanorum,
1092 1002 1200 1051 quod
1222 1000 1382 1039 introitu
1405 1000 1583 1039 Marcelli

248 1082 389 1119 purum
419 1082 442 1106 a
471 1068 593 1106 caede
623 1075 820 1106 servatum
851 1074 919 1113 est,
944 1066 983 1106 id
1013 1068 1186 1106 adventu
1208 1066 1339 1105 Verris
1361 1066 1582 1106 Siculorum

248 1133 520 1173 innocentium
551 1132 741 1183 sanguine
772 1133 1026 1179 redundasse,
1050 1139 1207 1182 portum
1236 1133 1580 1181 Syracusanorum,
1605 1145 1639 1178 15

247 1198 314 1249 qui
347 1206 430 1237 tum
465 1205 504 1236 et
537 1198 679 1236 nostris
712 1197 902 1237 classibus
940 1205 977 1235 et
1009 1196 1395 1247 Carthaginiensium
1427 1198 1582 1235 clausus

247 1263 395 1311 fuisset,
412 1277 502 1302 eum
520 1262 595 1301 isto
613 1270 790 1313 praetore
805 1262 975 1302 Cilicum
991 1261 1221 1312 myoparoni
1235 1261 1583 1313 praedonibusque

246 1328 443 1380 patuisse3
485 1328 599 1366 mitto
632 1327 852 1367 adhibitam
887 1327 966 1365 vim
1001 1326 1196 1377 ingenuis,
1235 1335 1377 1366 matres
1416 1327 1582 1366 familias

246 1394 419 1440 violatas,
443 1407 546 1444 quae
567 1401 650 1431 tum
673 1393 712 1431 in
738 1394 834 1432 urbe
861 1400 977 1443 capta
1004 1392 1216 1431 commissa
1237 1406 1318 1432 non
1339 1401 1429 1431 sunt
1451 1407 1580 1444 neque

246 1459 340 1498 odio
361 1458 493 1497 hostili
515 1473 644 1509 neque
665 1458 823 1498 licentia
849 1457 1004 1496 militari
1035 1472 1164 1508 neque
1194 1471 1303 1497 more
1328 1458 1419 1497 belli
1449 1472 1579 1509 neque
1600 1473 1640 1496 20

246 1524 328 1563 iure
348 1524 560 1572 victoriae3
591 1524 715 1571 mitto,
739 1523 912 1574 inquam,
937 1524 1034 1562 haec
1055 1522 1200 1569 omnia,
1224 1537 1325 1573 quae
1345 1523 1396 1562 ab
1417 1522 1492 1562 isto
1512 1537 1580 1574 per

246 1589 457 1628 triennium
479 1590 650 1640 perfecta
671 1597 761 1627 sunt
780 1604 786 1633 ;
816 1603 861 1628 ea
889 1602 990 1639 quae
1021 1588 1233 1627 coniuncta
1257 1602 1348 1627 curn
1369 1588 1443 1628 illis
1464 1590 1580 1628 rebus

246 1662 336 1692 sunt
357 1655 407 1693 de
428 1654 571 1704 quibus
592 1661 708 1692 antea
728 1653 807 1692 dixi
829 1653 1066 1704 cognoscite.

168 1725 223 1758 ΙΙ7
300 1719 449 1758 Vrbem
489 1718 697 1769 Syracusas
733 1718 944 1757 maximam
984 1732 1068 1757 esse
1109 1720 1362 1767 Graecarum,
1401 1721 1577 1770 pulcher-

245 1784 383 1823 rimam
414 1784 591 1823 omnium
614 1798 731 1835 saepe
752 1784 928 1823 audistis.
989 1785 1070 1831 Est,
1095 1783 1256 1831 iudices,
1279 1784 1333 1822 ita
1360 1792 1400 1823 ut
1421 1784 1575 1823 dicitur.
1597 1797 1635 1831 25

245 1851 350 1888 Nam
381 1857 419 1888 et
448 1849 524 1888 situ
554 1857 613 1889 est
643 1864 733 1888 curn
766 1850 919 1888 munito
949 1857 1033 1888 tum
1064 1863 1110 1888 ex
1137 1850 1246 1888 omni
1266 1850 1376 1889 aditu
1397 1853 1457 1889 vel
1479 1858 1577 1890 terra

244 1917 304 1954 vel
335 1914 429 1954 mari
461 1916 660 1966 praeclaro
689 1916 739 1954 ad
765 1922 980 1966 aspectum,
1004 1922 1042 1953 et
1072 1922 1207 1964 portus
1234 1916 1354 1954 habet
1385 1928 1506 1966 prope
1537 1915 1576 1953 in

243 1979 518 2019 aedificatione
545 1982 810 2030 amplexuque
836 1979 942 2018 urbis
967 1979 1166 2028 inclusos,
1196 1980 1263 2031 qui
1290 1995 1381 2019 cum
1403 1980 1576 2019 diversos

243 2046 344 2084 inter
364 2059 404 2084 se
425 2045 554 2084 aditus
584 2046 766 2092 habeant,
790 2045 830 2083 in
860 2045 963 2084 exitu
986 2044 1279 2095 coniunguntur
1299 2053 1337 2084 et
1357 2047 1573 2084 confluunt.

246 2112 394 2149 Eorum
427 2110 708 2149 coniunctione
741 2123 828 2160 pars
863 2110 1000 2160 oppidi
1036 2123 1137 2160 quae
1168 2112 1386 2161 appellatur
1427 2112 1571 2158 Insula,
1595 2123 1635 2154 30

291 2224 327 2243 12
355 2213 387 2243 in
406 2223 469 2243 om.
486 2213 526 2252 s>3
650 2223 686 2251 14
713 2222 832 2251 purum
852 2223 870 2242 a
888 2212 991 2242 caede
1015 2211 1183 2242 Turnebus
1199 2224 1204 2242 :
1233 2223 1350 2252 purum
1369 2215 1473 2244 caede
1492 2213 1572 2245 RS:

244 2257 387 2296 plurima
406 2257 511 2286 caede
525 2256 612 2296 qu:
638 2266 657 2286 a
674 2255 815 2295 plurima
833 2256 938 2286 caede
955 2257 971 2285 δ
1060 2261 1151 2286 esset
1168 2256 1259 2287 Bake
1394 2268 1430 2296 19
1455 2257 1488 2287 in
1507 2267 1570 2288 om.

239 2302 281 2340 p&
414 2301 455 2330 28
479 2300 702 2340 amplexuque
730 2299 886 2330 Classen:
921 2304 1130 2339 aspectuque
1156 2299 1244 2331 codd.
1382 2310 1424 2339 30
1449 2300 1571 2331 Eorum

244 2344 276 2374 in
296 2343 425 2382 Eberl1.‚
446 2342 536 2373 Nolzl
