1715 2734
166 103 217 142 52
239 110 297 132 122
600 96 658 133 M.
688 95 857 133 TVLLI
889 95 1196 134 CICERONIS

158 219 214 240 122
290 208 375 245 Iam
410 221 512 254 vero,
546 207 709 255 iudices,
743 206 775 245 si
808 206 1027 246 Siculorum
1068 209 1243 246 fortunas
1283 208 1497 259 neglegitis,
1533 208 1565 248 si

234 284 353 321 quem
391 273 442 310 ad
483 273 644 310 modum
686 271 781 309 socii
821 271 955 321 populi
998 272 1168 310 Romani
1207 286 1230 310 a
1278 272 1566 323 magistratibus

235 337 376 375 nostris
407 345 619 376 tractentur
649 350 729 375 non
760 337 958 384 laboratis,
978 345 1017 375 at
1047 351 1115 375 vos
1145 351 1399 376 communem
1430 338 1566 388 populi

237 402 407 440 Romani
440 416 599 440 causam
640 401 827 452 suscipite
869 410 987 452 atque
1022 402 1234 441 defendite.
1295 402 1454 441 Eiectos
1488 416 1567 440 ara-

234 475 337 506 tores
366 481 451 506 esse
478 468 579 513 dico,
602 480 714 517 agros
743 467 940 517 vectigalis
969 476 1127 505 vexatos
1153 475 1272 517 atque
1302 467 1521 505 exinanitos
1545 481 1568 505 a
1587 480 1604 510 5

233 535 366 580 Verre,
399 534 627 583 populatam
668 540 939 582 vastatamque
980 532 1245 582 provinciam:
1295 534 1393 571 haec
1433 533 1568 571 onmia

235 599 362 636 doceo
400 597 536 635 litteris
574 596 788 644 civitatum,
826 598 995 635 ostendo
1034 597 1268 635 testimoniis
1316 606 1353 636 et
1399 597 1567 648 publicis

236 662 599 702 honestissimarum
621 662 823 700 civitatum
845 669 883 701 et
904 661 1062 712 privatis
1091 662 1362 712 primariorum
1383 663 1564 700 virorum.

166 731 216 770 53
236 727 345 777 Quid
366 727 481 765 vultis
501 727 700 776 amplius?
749 728 857 765 Num
880 726 1112 777 exspectatis
1133 728 1228 765 dum
1252 729 1295 765 L.
1320 729 1516 773 Metellus,
1536 726 1567 764 is

235 793 302 843 qui
334 794 479 831 multos
512 792 553 830 in
585 792 703 830 istum
735 792 844 830 testis
877 791 1042 842 imperio
1071 799 1109 830 et
1139 800 1332 842 potestate
1366 792 1563 839 deterruit,
1590 804 1628 827 10

235 858 342 897 idem
372 858 515 896 absens
551 859 602 897 de
634 857 744 896 istius
785 859 944 905 scelere,
974 857 1237 907 improbitate,
1269 857 1435 896 audacia
1466 857 1568 896 testi-

237 923 415 962 monium
440 923 578 962 dicat?
636 925 730 962 Non
761 923 912 973 opinor.
973 924 1026 960 At
1051 922 1082 960 is
1108 922 1256 973 optime
1284 923 1351 972 qui
1381 923 1568 961 successit

237 988 300 1027 isti
329 988 457 1039 potuit
486 1002 735 1039 cognoscere.
797 990 858 1026 Ita
879 995 965 1035 est3
993 1001 1128 1026 verum
1152 987 1324 1026 amicitia
1344 987 1567 1038 impeditur.

240 1057 293 1093 At
313 1055 433 1094 debet
453 1068 523 1093 vos
539 1055 722 1093 certiores
745 1055 871 1092 facere
892 1067 972 1104 quo
993 1061 1110 1103 pacto
1130 1067 1171 1091 se
1192 1053 1335 1091 habeat
1356 1053 1566 1103 provincia.

160 1132 221 1163 123
242 1120 396 1168 Debet3
426 1133 561 1158 verum
591 1127 723 1158 tamen
755 1133 835 1157 non
865 1119 1026 1168 cogitur.
1088 1120 1194 1157 Num
1225 1118 1312 1168 quis
1342 1118 1382 1156 in
1406 1120 1569 1157 Verrem
1592 1132 1629 1164 15

240 1186 287 1224 L.
311 1184 464 1223 Metelli
491 1184 761 1223 testimonium
794 1184 986 1234 requirit?
1044 1185 1185 1222 Nemo.
1260 1184 1367 1221 Num
1393 1183 1479 1233 quis
1504 1197 1570 1234 po-

239 1251 385 1288 stulat?
443 1251 534 1289 Non
569 1249 719 1300 opinor.
781 1248 920 1297 Quid?
949 1248 980 1286 si
1016 1247 1243 1286 testimonio
1273 1249 1316 1285 L.
1343 1248 1492 1286 Metelli
1524 1262 1570 1286 ac

238 1315 374 1354 litteris
405 1317 502 1354 haec
531 1315 665 1353 omnia
693 1328 783 1352 vera
812 1327 897 1352 esse
927 1315 1094 1360 docebo,
1118 1313 1213 1363 quid
1243 1313 1411 1351 dicetis?
1440 1322 1569 1352 utrum

241 1382 448 1419 Metellum
463 1382 602 1419 falsum
625 1380 793 1417 scribere
812 1393 862 1417 an
883 1379 1054 1416 amicum
1072 1378 1253 1417 laedendi
1269 1392 1354 1416 esse
1367 1379 1567 1428 cupidum,

239 1459 289 1484 an
306 1454 524 1497 praetorem
546 1458 664 1495 quem
686 1446 735 1482 ad
758 1445 922 1483 modum
944 1443 1144 1494 provincia
1157 1444 1313 1482 adflicta
1331 1443 1378 1481 sit
1392 1443 1571 1482 nescire?
1591 1457 1630 1480 20

241 1511 380 1550 Recita
411 1511 556 1550 litteras
582 1512 625 1548 L.
662 1509 826 1556 Metelli,
858 1523 955 1559 quas
984 1510 1035 1547 ad
1071 1510 1144 1548 Cn.
1177 1508 1412 1559 Pompeium
1442 1517 1480 1547 et
1512 1510 1566 1547 M.

240 1578 426 1616 Crassum
454 1577 645 1623 eonsules,
671 1589 767 1625 quas
789 1576 839 1614 ad
863 1577 918 1613 M.
945 1575 1186 1613 Mummium
1218 1582 1448 1624 praetorem,
1472 1588 1569 1624 quas

238 1644 289 1681 ad
328 1650 554 1693 quaestores
602 1642 774 1680 urbanos
824 1641 938 1679 misit.
1018 1643 1222 1679 EpisTvLA
1272 1641 1314 1677 L.
1358 1641 1565 1679 METELLI.

242 1709 446 1746 DECVMAS
487 1719 702 1744 FRVMENTi
747 1718 854 1745 LEGE
904 1708 1153 1744 H1ERON1CA
1201 1717 1390 1743 vais-mm.
1466 1705 1568 1743 Cum

240 1773 373 1812 scribit
402 1787 444 1811 se
473 1774 557 1822 lege
589 1772 805 1810 Hieronica
835 1772 1070 1817 vendidisse,
1094 1771 1190 1821 quid
1220 1770 1382 1808 scribit?
1439 1771 1499 1807 Ita
1529 1783 1570 1808 se
1591 1783 1628 1813 25

239 1838 465 1877 vendidisse
497 1846 538 1876 ut
565 1837 694 1876 omnis
718 1846 868 1888 praeter
890 1840 1062 1876 Verrem.
1124 1838 1226 1875 Cum
1258 1835 1391 1873 scribit
1415 1848 1455 1873 se
1486 1837 1570 1884 lege

242 1903 457 1941 Hieronica
487 1904 722 1951 vendidisse,
755 1904 849 1954 quid
881 1903 1046 1941 scribit?
1116 1904 1165 1940 Se
1195 1915 1263 1951 per
1292 1901 1408 1938 istum
1439 1908 1571 1949 erepta

239 1968 380 2006 Siculis
419 1969 609 2008 maiorum
650 1978 871 2008 nostrorum
914 1967 1114 2013 beneficia,
1152 1967 1211 2004 ius
1251 1966 1435 2015 ipsorum,
1476 1976 1569 2002 con-

124 2034 220 2084 (¹²4)
240 2033 439 2072 dicionem
470 2035 677 2081 societatis,
708 2035 913 2080 amicitiae,
945 2034 1147 2071 foederum
1174 2031 1403 2069 reddidisse.
1464 2029 1570 2067 Dicit

240 2100 376 2149 quanti
416 2100 606 2150 cuiusque
645 2100 724 2149 agri
760 2102 949 2138 decumas
988 2097 1232 2143 vendide1·it,·
1280 2095 1425 2134 deinde
1472 2094 1568 2144 quid
1590 2106 1631 2136 30

283 2205 304 2233 6
327 2210 559 2243 vastatamque
580 2204 609 2235 O
629 2215 636 2234 ε
661 2209 883 2242 vexatamque
903 2203 966 2234 rell.
989 2202 1079 2239 (Diu.
1103 2205 1139 2239 §§
1159 2211 1188 2239 2,
1210 2201 1241 2239 7)
1370 2209 1386 2237 7
1412 2198 1540 2228 docebo
1556 2208 1572 2227 c

239 2250 415 2279 ostendam
433 2248 481 2278 cO
631 2249 668 2277 16
693 2248 829 2284 requirit
849 2247 879 2277 O
896 2259 903 2277 ι
928 2247 1075 2285 requiret
1090 2251 1114 2286 p
1131 2245 1173 2275 nl.
1318 2253 1356 2281 19
1382 2243 1416 2273 L.
1440 2241 1566 2272 Metell.

242 2291 272 2321 O
387 2301 429 2321 20
453 2292 574 2321 afflicta
592 2291 639 2322 cO
657 2302 662 2320 :
687 2290 818 2320 adfecta
833 2295 856 2329 p
873 2290 916 2321 al.
1033 2299 1074 2328 23
1099 2289 1245 2318 urbanos
1262 2286 1310 2318 cO
1326 2298 1331 2316 ;
1357 2287 1447 2316 urbis
1460 2291 1484 2325 p
1501 2285 1566 2315 rell.

242 2338 443 2375 (utrumque,
462 2335 559 2374 credo,
579 2345 616 2364 ex
632 2335 702 2364 urb.
723 2345 729 2363 :
753 2334 790 2372 ‹s.
811 2334 845 2362 in
865 2333 935 2364 Cat.
955 2333 973 2363 i.
997 2337 1010 2370 ξ
1031 2334 1087 2372 32)
