1715 2734
181 141 448 180 ACTIONIS
478 142 539 178 IN
570 141 614 179 C.
637 141 878 178 VERREM
909 140 1205 179 SECVNDAE
1236 140 1339 177 LIB.
1362 140 1398 174 V
1480 147 1504 175 2
1525 152 1542 183 5

181 253 237 289 M.
263 252 404 290 Crasso
433 258 499 288 aut
530 251 602 289 Cn.
627 249 819 300 Pompeio
849 249 1180 288 communicatam
1210 251 1356 298 putas?
1412 249 1505 286 Non

176 315 342 354 arbitror
371 317 446 353 hoc
474 314 590 353 etiam
621 323 711 353 tuae
742 316 879 353 deesse
909 314 1187 364 impudentiae,
1218 321 1260 351 ut
1294 313 1505 363 quicquam

176 381 259 419 eius
289 380 398 419 modi
428 379 557 418 dicere
585 380 742 417 audeas.
802 379 1000 418 Obstitisti
1027 378 1209 417 videlicet
1237 391 1286 416 ne
1316 393 1362 416 ex
1395 378 1506 415 Italia

176 445 338 483 transire
352 445 392 482 in
410 443 578 483 Siciliam
597 443 847 493 fugitivorum
862 443 1001 494 copiae
1022 450 1192 493 possent.
1225 442 1314 489 Vbi,
1331 443 1498 491 quando,

140 528 156 558 5
176 523 254 559 qua
288 524 333 548 ex
368 511 508 559 parte?
551 522 642 547 cum
677 516 744 546 aut
776 508 924 547 ratibus
963 516 1030 547 aut
1067 508 1232 546 navibus
1272 515 1505 545 conarentur

175 576 392 613 accedere?
444 576 528 612 Nos
549 574 654 612 enim
676 574 772 612 nihil
794 587 983 623 umquam
1004 586 1160 623 prorsus
1179 572 1412 618 audivimus,
1436 573 1505 610 sed

176 641 271 678 illud
287 640 518 685 audivimus,
541 641 596 677 M.
614 639 755 686 Crassi,
778 639 977 677 fortissimi
998 639 1078 685 viri,
1100 638 1240 676 virtute
1261 637 1506 687 consilioque

176 707 322 743 factum
354 718 404 743 ne
435 703 582 742 ratibus
621 703 841 742 coniunctis
881 706 979 743 freto
1018 703 1167 754 fugitivi
1196 704 1246 741 ad
1279 704 1504 740 Messanam

177 769 337 808 transire
385 777 560 819 possent,
606 782 628 807 a
676 783 756 819 quo
804 769 856 807 illi
906 777 1049 808 conatu
1101 782 1182 806 non
1231 775 1341 806 tanto
1388 781 1506 817 opere

120 850 157 871 10
176 835 413 886 prohibendi
442 835 616 882 fuissent,
646 834 676 872 si
705 836 782 872 ulla
813 835 853 872 in
884 835 1015 873 Sicilia
1044 833 1236 885 praesidia
1267 834 1317 872 ad
1352 833 1505 871 illorum

175 901 389 939 adventurn
411 900 591 950 opposita
611 907 849 950 putarentur.

229 968 282 1003 At
300 979 389 1004 cum
412 972 513 1003 esset
543 965 582 1003 in
612 964 725 1003 Italia
753 965 900 1003 bellum
923 973 1002 1003 tarn
1023 979 1145 1016 prope
1165 979 1188 1004 a
1208 964 1349 1012 Sicilia,
1373 972 1505 1003 tamen
1526 977 1544 1007 6

176 1030 216 1068 in
237 1030 368 1069 Sicilia
388 1044 469 1069 non
490 1030 573 1068 fuit.
624 1030 733 1076 Quid
755 1030 929 1068 mirum?
958 1044 1008 1069 ne
1029 1044 1119 1069 cum
1141 1030 1180 1068 in
1201 1028 1330 1068 Sicilia
1344 1029 1504 1079 quidem

176 1094 248 1133 fuit
269 1097 412 1134 eodem
434 1096 647 1141 intervallo,
671 1108 758 1144 pars
773 1095 855 1133 eius
877 1096 969 1134 belli
990 1095 1029 1133 in
1053 1095 1207 1133 Italiam
1230 1096 1307 1133 ulla
1325 1095 1501 1145 pervasit.

120 1172 157 1202 15
179 1159 337 1198 Etenim
367 1159 637 1210 propinquitas
671 1161 848 1198 locorum
881 1162 933 1199 ad
966 1168 1092 1199 utram
1127 1168 1275 1210 partem
1308 1162 1383 1198 hoc
1417 1162 1504 1198 loco
1525 1167 1548 1203 3

177 1226 400 1274 profertur?
429 1232 559 1262 utrum
586 1224 736 1263 aditum
765 1224 918 1263 facilem
948 1225 1128 1264 hostibus
1157 1239 1207 1264 an
1228 1225 1503 1275 contagionem

178 1290 359 1328 imitandi
380 1289 473 1328 belli
494 1288 754 1339 periculosam
776 1289 923 1328 fuisse?
963 1290 1106 1329 Aditus
1127 1291 1255 1329 omnis
1277 1290 1504 1329 hominibus

177 1355 262 1394 sine
282 1358 361 1394 ulla
389 1356 573 1393 facultate
602 1355 760 1393 navium
791 1369 871 1393 non
902 1358 1024 1395 modo
1045 1356 1263 1395 disiunctus
1289 1357 1357 1394 sed
1386 1355 1503 1393 etiam

177 1422 333 1459 clausus
354 1429 422 1467 est,
446 1428 488 1458 ut
509 1419 583 1457 illis
610 1420 754 1469 quibus
782 1420 951 1459 Siciliam
981 1422 1243 1472 propinquam
1267 1421 1384 1459 fuisse
1405 1421 1502 1459 dicis

117 1500 158 1521 20
177 1487 327 1525 facilius
357 1488 470 1525 fuerit
499 1487 550 1524 ad
581 1485 786 1524 Oceanum
818 1486 1020 1537 pervenire
1051 1501 1169 1537 quam
1199 1488 1249 1525 ad
1281 1487 1502 1525 Peloridem

176 1554 374 1590 accedere.
435 1550 630 1600 Contagio
669 1559 800 1590 autern
841 1553 914 1590 ista
952 1552 1099 1590 servilis
1138 1552 1229 1591 belli
1262 1566 1329 1590 cur
1359 1552 1429 1589 abs
1465 1559 1540 1600 te7

176 1617 306 1667 potius
327 1631 445 1667 quam
466 1618 516 1656 ab
538 1618 582 1656 iis
604 1617 788 1656 omnibus
809 1617 876 1667 qui
907 1625 1053 1656 ceteras
1081 1617 1299 1668 provincias
1325 1616 1502 1655 obtinue-

175 1690 263 1720 runt
284 1682 562 1733 praedicatur?
591 1685 654 1721 An
677 1683 785 1732 quod
806 1683 845 1720 in
876 1682 1005 1721 Sicilia
1034 1683 1112 1721 iam
1141 1690 1257 1721 antea
1286 1682 1389 1720 bella
1409 1681 1502 1731 fugi-

176 1749 343 1787 tivorum
379 1750 565 1786 fuerunt?
594 1756 632 1786 at
665 1761 710 1786 ea
744 1747 828 1797 ipsa
859 1761 976 1786 causa
1008 1756 1066 1787 est
1100 1762 1168 1786 cur
1198 1747 1271 1785 ista
1303 1746 1501 1796 provincia

116 1827 154 1859 ²5
176 1813 341 1851 minimo
370 1814 410 1850 in
439 1813 612 1863 periculo
642 1814 689 1851 sit
719 1820 755 1850 et
782 1813 906 1851 fuerit.
966 1815 1070 1852 Nam
1104 1820 1360 1863 posteaquam
1396 1812 1501 1849 illinc

177 1880 244 1916 Μ’.
268 1878 449 1928 Aquilius
479 1877 655 1924 decessit,
680 1877 858 1916 omnium
887 1878 1064 1916 instituta
1092 1886 1210 1927 atque
1240 1878 1367 1915 edicta
1396 1890 1501 1926 prae-

174 1951 302 1982 torum
333 1945 488 1982 fuerunt
517 1943 600 1981 eius
631 1943 738 1982 modi
768 1951 810 1982 ut
840 1957 889 1982 ne
910 1945 996 1994 quis
1018 1957 1107 1982 cum
1134 1945 1212 1981 telo
1234 1956 1364 1980 servus
1386 1949 1497 1979 esset.

174 2010 297 2047 Vetus
336 2016 393 2046 est
433 2010 540 2058 quod
579 2008 720 2055 dicam,
760 2016 797 2046 et
837 2017 994 2059 propter
1039 2008 1283 2047 severitatem
1332 2007 1498 2056 exempli

173 2073 320 2111 nemini
342 2075 502 2112 fortasse
523 2081 692 2111 vestrum
714 2073 944 2122 inauditum,
968 2077 1010 2113 L.
1038 2074 1257 2112 Domitium
1280 2079 1496 2122 praetorem

114 2152 155 2182 30
173 2138 212 2176 in
233 2137 371 2185 Sicilia,
393 2153 483 2177 cum
504 2152 595 2188 aper
616 2139 752 2188 ingens
770 2140 821 2177 ad
842 2153 932 2177 eum
953 2142 1106 2179 adlatus
1128 2147 1239 2185 esset,
1261 2137 1496 2175 admiratum

172 2204 378 2253 requisisse
413 2205 499 2253 quis
531 2217 621 2241 eum
656 2204 933 2253 percussisset,
972 2220 1061 2244 cum
1095 2205 1267 2244 audisset
1301 2211 1495 2253 pastorem

214 2319 232 2346 4
257 2315 321 2347 quo
338 2308 419 2348 DG2
440 2307 546 2346 (salsa
571 2308 698 2347 interpr.
720 2311 784 2346 qt'io
801 2307 844 2347 S)
865 2320 872 2338 τ
906 2311 1071 2349 quomodo
1092 2310 1130 2351 Gl
1150 2310 1177 2340 L
1191 2310 1234 2340 al.
1391 2309 1411 2337 6
1437 2308 1495 2338 sed

169 2351 276 2381 Halm
293 2363 298 2381 :
325 2357 356 2381 et
374 2351 461 2381 codd.
593 2351 630 2381 18
655 2351 839 2381 disiunctus
858 2351 941 2392 RSp
958 2354 1015 2392 (iv,
1031 2357 1045 2391 ξ
1063 2355 1136 2392 103)
1158 2366 1164 2384 :
1190 2354 1358 2383 diiunctus
1374 2351 1496 2388 Halm,

169 2394 237 2425 edd.
371 2405 411 2424 22
437 2395 476 2425 iis
493 2393 562 2424 edd.
581 2406 587 2424 :
611 2394 697 2433 hisp
714 2406 719 2423 :
749 2394 821 2424 istis
839 2395 871 2425 R
891 2407 897 2426 τ
923 2397 1019 2428 histis
1037 2397 1066 2427 S

211 2459 273 2481 cre.
296 2460 374 2481 VER.
1367 2452 1410 2480 25
