1715 2734
163 101 431 140 ACTIONIS
463 100 523 137 IN
555 99 599 138 C.
622 99 863 136 VERREM
895 99 1194 137 SECVNDAE
1226 100 1329 136 LIB.
1355 100 1372 136 Ι
1414 108 1464 147 27
1484 106 1524 147 69

136 217 282 260 postea,
319 209 441 247 levius
481 221 615 246 eorum
655 216 862 258 peccatum
898 209 979 246 fore
1018 207 1049 246 si
1088 208 1240 246 homini
1275 210 1464 248 scelerato

134 273 399 324 pepercissent
419 287 537 323 quam
559 273 589 311 si
611 274 739 322 legato
761 286 841 310 non
862 272 1138 323 pepercissent.

187 339 251 377 Sic
271 338 342 376 iste
364 339 488 376 multo
510 337 731 376 sceleratior
752 346 789 376 et
810 337 976 387 nequior
997 351 1114 387 quam
1146 337 1209 375 ille
1236 338 1463 376 Hadrianus
1486 353 1526 385 70

131 403 333 452 aliquanto
360 403 477 441 etiarn
502 402 649 441 felicior
669 402 750 440 fuit.
812 404 894 449 Ille,
914 404 1022 452 quod
1044 402 1126 440 eius
1146 402 1345 440 avaritiam
1361 403 1464 441 cives

94 484 112 516 5
133 468 304 505 Romani
332 470 429 506 ferre
458 481 538 506 non
568 474 791 517 potuerunt,
818 467 957 505 Vticae
984 467 1092 505 domi
1118 481 1211 505 suae
1239 467 1349 506 vivus
1377 482 1465 506 exu-

132 539 214 570 stus
236 540 304 579 est,
325 533 445 582 idque
466 532 518 570 ita
535 532 587 570 illi
606 532 744 570 merito
764 531 955 570 accidisse
976 532 1239 569 existimatum
1257 540 1313 570 est
1334 541 1375 570 ut
1392 535 1465 571 lae-

131 604 305 635 tarentur
326 611 464 636 omnes
483 611 613 647 neque
634 599 712 635 ulla
732 597 1021 635 animadversio
1042 596 1344 635 constitueretur
1364 613 1370 636 :
1401 598 1464 636 hic

131 662 325 700 sociorum
362 664 567 701 ambustus
599 662 786 701 incendio
814 670 945 700 tamen
971 676 1017 700 ex
1044 662 1108 699 illa
1133 663 1292 700 flamma
1317 663 1465 712 pericu-

130 727 249 775 loque
270 727 447 773 evolavit,
467 741 596 777 neque
616 729 747 765 adhuc
775 741 933 765 causam
955 728 1073 765 ullam
1096 727 1315 777 excogitare
1336 728 1463 777 potuit

73 809 111 831 10
129 804 248 840 quam
276 792 328 829 ob
356 805 435 830 rem
464 792 714 840 commiserit,
743 800 810 830 aut
837 792 932 842 quid
960 792 1142 838 evenerit,
1173 801 1214 830 ut
1243 792 1281 830 in
1310 800 1462 831 tantum

129 856 347 906 periculum
386 856 544 895 veniret.
605 859 699 895 Non
734 856 839 895 enim
872 864 1001 906 potest
1035 857 1176 903 dicere,
1218 861 1332 895 ‘curn
1365 855 1463 896 sedi-

128 921 276 959 tionem
299 923 434 960 sedare
455 923 607 968 vellem,
635 935 724 959 cum
753 923 992 959 frumentum
1021 921 1264 971 imperarem,
1288 935 1379 960 cum
1401 923 1463 960 sti—

126 987 316 1037 pendium
344 1001 536 1037 cogerem,
564 1000 654 1025 cum
681 987 830 1036 aliquid
857 987 1030 1036 denique
1057 987 1109 1025 rei
1137 987 1319 1037 publicae
1345 1002 1463 1026 causa

125 1066 309 1102 gererem,
347 1054 455 1101 quod
493 1052 619 1090 acrius
668 1052 865 1102 imperavi,
903 1053 1011 1101 quod
1050 1052 1318 1099 animadverti,
1353 1055 1461 1103 quod

69 1131 106 1163 15
127 1116 297 1154 minatus
319 1119 430 1155 sum.’
489 1118 603 1165 Quae
638 1117 667 1155 si
702 1117 859 1163 diceret,
889 1125 1021 1155 tamen
1053 1117 1203 1166 ignosci
1236 1133 1316 1157 non
1349 1133 1461 1169 opor-

126 1190 232 1228 teret,
253 1182 283 1220 si
304 1182 420 1220 nimis
441 1182 622 1220 atrociter
642 1182 875 1232 imperando
893 1182 1008 1220 sociis
1029 1182 1068 1220 in
1090 1190 1241 1221 tantum
1264 1185 1459 1222 adductus

126 1247 343 1297 periculum
366 1248 570 1286 videretur.
623 1249 742 1285 Nunc
758 1247 946 1297 cumipse
967 1261 1125 1285 causam
1144 1248 1247 1286 illius
1268 1251 1458 1287 tumultus

124 1326 253 1362 neque
274 1326 404 1350 veram
425 1312 556 1351 dicere
577 1326 706 1362 neque
736 1314 871 1350 falsam
902 1314 1127 1362 confingere
1154 1315 1307 1361 audeat,
1337 1316 1458 1352 homo

123 1385 255 1415 autem
277 1378 424 1415 ordinis
445 1378 503 1415 sui
526 1377 816 1427 frugalissimus,
840 1377 906 1427 qui
929 1385 1011 1415 turn
1033 1391 1223 1416 accensus
1245 1380 1288 1418 C.
1310 1379 1459 1417 Neroni

66 1457 104 1478 20
124 1442 208 1489 fuit,
223 1444 263 1480 P.
283 1442 448 1489 Tettius,
465 1444 562 1481 haec
592 1444 731 1480 eadem
765 1456 806 1480 se
839 1443 1048 1492 Lampsaci
1081 1456 1273 1492 cognosse
1307 1444 1456 1490 dixerit,

123 1506 179 1544 vir
198 1507 384 1546 omnibus
420 1508 536 1546 rebus
565 1507 845 1553 ornatissimus,
867 1508 910 1546 C.
940 1509 1075 1554 Varro,
1103 1508 1168 1557 qui
1200 1517 1282 1546 tum
1304 1509 1343 1546 in
1365 1510 1459 1547 Asia

123 1571 289 1610 militum
329 1572 509 1610 tribunus
538 1572 621 1619 fuit,
648 1574 745 1610 haec
777 1573 916 1610 eadem
942 1572 1025 1622 ipse
1057 1586 1097 1610 se
1137 1587 1182 1610 ex
1223 1573 1458 1612 Philodamo

121 1636 278 1674 audisse
299 1637 413 1683 dicat,
445 1638 607 1686 potestis
640 1637 821 1675 dubitare
838 1637 933 1687 quin
962 1637 1077 1675 istum
1101 1639 1255 1676 fortuna
1276 1653 1355 1677 non
1378 1647 1457 1677 tam

122 1714 168 1739 ex
202 1702 268 1740 illo
290 1702 463 1752 periculo
484 1703 631 1752 eripere
652 1702 815 1740 voluerit
842 1716 960 1752 quam
986 1704 1036 1740 ad
1067 1712 1237 1741 vestrum
1266 1704 1456 1742 iudicium

63 1781 101 1813 ²5
121 1769 342 1805 reservare?
399 1768 484 1806 Nisi
500 1781 591 1806 vero
613 1768 708 1806 illud
725 1767 840 1813 dicet,
859 1769 967 1816 quod
988 1775 1026 1805 et
1047 1767 1085 1804 in
1103 1768 1209 1806 Tetti
1230 1769 1456 1807 testimonio

122 1831 250 1880 priore
289 1832 444 1870 actione
476 1832 735 1882 interpellavit
768 1831 1143 1882 Hortensius—quo
1168 1841 1344 1883 tempore
1375 1834 1456 1883 qui-

121 1897 212 1934 dem
243 1896 340 1946 signi
372 1897 463 1935 satis
493 1897 614 1944 dedit,
638 1897 668 1935 si
698 1897 794 1946 quid
819 1904 920 1934 esset
950 1898 1059 1946 quod
1087 1905 1219 1947 posset
1249 1898 1393 1946 dicere,
1414 1912 1455 1937 se

121 1967 249 1999 tacere
269 1975 349 1999 non
370 1975 496 2011 posse,
524 1970 577 2009 ut,
607 1975 725 2011 quam
761 1961 828 1999 diu
868 1961 988 1999 tacuit
1028 1961 1067 1999 in
1106 1962 1244 2000 ceteris
1275 1963 1451 2010 testibus,

122 2025 218 2064 scire
240 2039 377 2064 omnes
399 2039 603 2076 possemus
625 2026 721 2064 nihil
743 2025 927 2064 habuisse
943 2028 1052 2075 quod
1067 2026 1214 2065 diceret
1234 2042 1241 2065 :
1272 2029 1347 2066 hoc
1369 2037 1452 2066 tum

63 2104 102 2134 30
121 2090 227 2137 dixit,
245 2091 523 2129 Philodamum
544 2100 581 2130 et
603 2091 725 2129 filium
742 2091 825 2129 eius
845 2105 868 2129 a
884 2092 928 2130 C.
948 2093 1109 2130 Nerone
1130 2106 1215 2130 esse
1231 2094 1449 2132 damnatos.

1481 1294 1517 1327 71

165 2204 184 2232 5
208 2199 388 2234 potuerant
406 2197 422 2224 δ
546 2196 567 2225 6
592 2196 637 2225 ita
654 2195 715 2224 nb:
742 2205 806 2225 om.
827 2194 891 2224 ΒΨ
1017 2205 1055 2234 19
1080 2200 1158 2225 tunc
1184 2196 1218 2225 D
1233 2196 1275 2227 al.
1411 2207 1452 2228 2ο

121 2237 251 2267 Tettius
268 2240 302 2268 δε
328 2239 459 2269 Pettius
475 2238 588 2278 DKp:
615 2239 751 2269 Pectius
768 2249 809 2277 qr
895 2248 934 2268 22
962 2239 1027 2268 mil.
1049 2239 1124 2269 trib.
1140 2239 1225 2269 Dw:
1251 2240 1323 2271 trib.
1345 2241 1410 2270 mil.
1426 2247 1451 2280 p

121 2280 247 2316 (errant
261 2280 397 2321 Zumpt,
417 2282 519 2318 Iord.)
537 2283 576 2312 br
643 2282 716 2321 ipse
732 2283 810 2313 coni.
828 2281 985 2313 Benecke:
1012 2283 1084 2320 ipsa
1096 2282 1183 2313 codd.
1204 2294 1210 2312 :
1235 2284 1307 2322 ipso
1324 2283 1448 2323 Haase,

122 2322 224 2363 Kays.
316 2326 358 2354 26
381 2336 446 2364 quo
459 2331 613 2364 tempore
630 2326 764 2364 quidem
778 2323 834 2364 Dp
847 2324 911 2355 rell.
927 2326 1080 2364 (praeter
1096 2325 1174 2363 G2K
1183 2337 1247 2365 quo
1265 2331 1363 2366 temp.
1377 2328 1450 2367 ipse

122 2369 195 2406 qu.)
217 2379 223 2397 :
247 2377 312 2406 quo
329 2369 464 2407 quidem
483 2374 584 2408 temp.
606 2368 745 2408 Siesbye‚
767 2367 880 2399 Muell.
