1715 2734
175 122 441 161 ACTIONIS
463 123 523 160 IN
546 123 590 161 C.
613 123 854 160 VERREM
876 122 1172 161 SECVNDAE
1194 122 1298 158 LIB.
1322 121 1381 158 IV
1450 121 1498 157 61
1522 125 1582 167 136

0 242 2 285 3
175 230 457 278 Syracusanam
485 237 642 279 propter
673 230 833 268 Heracli
864 229 1119 269 hereditatem
1151 243 1231 268 non
1260 229 1390 267 minus
1417 243 1502 268 esse

0 284 4 301 '⁵
175 293 237 332 isti
275 294 442 332 amicam
490 308 607 344 quam
657 294 934 332 Mamertinam
982 301 1140 344 propter
1186 295 1418 344 praedarum
1456 308 1502 332 ac

175 360 365 396 furtorum
387 358 564 397 omnium
587 358 814 397 societatem
829 375 839 407 ,-
870 360 985 398 simul
1002 367 1039 398 et
1054 359 1214 397 verebar
1227 372 1276 396 ne
1294 358 1502 397 mulierum

176 423 368 462 nobilium
398 431 437 462 et
466 425 723 462 formosarum
754 424 884 474 gratia,
917 438 1082 474 quarum
1113 423 1184 461 iste
1209 422 1368 461 arbitrio
1397 437 1504 473 prae-

140 502 156 533 5
176 496 301 526 turam
332 501 399 538 per
429 487 637 527 triennium
668 498 847 539 gesserat,
870 489 1119 539 virorumque
1149 488 1384 538 quibuscum
1416 488 1504 527 illae

176 559 322 602 nuptae
339 560 458 599 erant,
477 552 598 591 nimia
619 553 658 591 in
676 554 793 592 istum
815 568 895 592 non
913 555 1034 592 modo
1055 553 1273 592 lenitudine
1295 554 1364 592 sed
1387 553 1503 591 etiam
1540 582 1545 588 i

176 617 405 656 liberalitate
440 631 694 668 oppugnarer,
728 619 759 657 si
794 619 889 669 quid
925 633 970 657 ex
1005 618 1140 657 litteris
1172 620 1504 667 Syracusanorum

176 682 460 732 conquirerem.
519 684 658 733 Itaque
679 684 875 732 Syracusis
895 697 985 722 cum
1006 683 1155 722 civibus
1177 682 1368 721 Romanis
1386 696 1502 729 eram,
1528 694 1586 729 13?

177 759 313 785 eorum
352 747 503 785 tabulas
543 748 805 797 exquirebam,
847 748 1005 786 iniurias
1040 748 1341 798 cognoscebam.
1402 749 1505 787 Cum

122 828 160 849 10
179 810 324 849 diutius
346 810 384 848 in
406 811 564 861 negotio
590 826 761 862 curaque
792 814 951 859 fueram,
975 820 1016 850 ut
1042 811 1326 861 requiescerem
1357 825 1506 859 curam-

178 888 254 924 que
292 874 412 912 animi
458 877 705 922 remitterem,
747 877 797 914 ad
844 876 1044 925 Carpinati
1090 877 1304 925 praeclaras
1353 877 1505 915 tabulas

177 940 405 986 revertebar,
430 940 496 978 ubi
526 954 616 978 cum
648 940 845 990 equitibus
876 941 1079 988 Romanis,
1107 941 1334 979 hominibus
1365 956 1410 980 ex
1441 941 1507 980 illo

176 1012 374 1043 conventu
396 1004 694 1052 honestissimis,
718 1005 819 1044 illius
835 1006 1055 1052 Verrucios,
1075 1007 1124 1044 de
1138 1005 1281 1055 quibus
1302 1014 1393 1044 ante
1415 1006 1505 1052 dixi,

177 1069 450 1120 explicabam3
486 1084 509 1108 a
537 1071 787 1119 Syracusanis
817 1084 972 1120 prorsus
1003 1069 1099 1108 nihil
1128 1070 1346 1108 adiumenti
1378 1085 1507 1120 neque

122 1149 158 1181 ¹5
177 1134 334 1185 publice
363 1148 492 1185 neque
521 1134 700 1185 privatim
726 1137 1014 1185 exspectabam,
1037 1148 1166 1185 neque
1194 1143 1273 1174 erat
1303 1135 1342 1173 in
1373 1136 1506 1174 animo

177 1201 384 1251 postulare.

232 1266 334 1304 Cum
356 1265 453 1303 haec
473 1278 638 1314 agerem,
663 1272 824 1315 repente
850 1265 901 1302 ad
932 1278 994 1302 me
1015 1263 1121 1302 venit
1143 1264 1366 1312 Heraclius,
1387 1264 1418 1302 is
1440 1264 1506 1314 qui

178 1336 261 1367 tum
306 1329 571 1379 magistratum
613 1329 810 1379 Syracusis
853 1329 1036 1375 habebat,
1084 1330 1206 1367 homo
1244 1329 1397 1375 nobilis,
1439 1329 1506 1378 qui

178 1394 360 1432 sacerdos
400 1393 504 1432 Iovis
543 1393 688 1440 fuisset,
730 1393 797 1443 qui
836 1395 964 1432 honos
1003 1400 1061 1432 est
1098 1394 1204 1443 apud
1245 1395 1506 1442 Syracusanos

121 1473 160 1494 20
178 1457 452 1508 amplissimus.
512 1458 604 1508 Agit
634 1471 788 1497 mecum
821 1466 858 1496 et
888 1472 979 1496 cum
1009 1460 1124 1496 fratre
1153 1472 1242 1496 meo
1263 1466 1315 1505 ut,
1339 1459 1370 1496 si
1391 1459 1506 1497 nobis

177 1522 381 1570 videretur,
405 1522 601 1562 adiremus
631 1525 681 1562 ad
711 1537 845 1562 eorum
877 1531 1086 1571 senatum,
1115 1511 1328 1573 frequentis
1357 1537 1441 1562 esse
1467 1523 1505 1561 in

177 1587 310 1635 curia,
339 1601 379 1625 se
401 1587 506 1626 iussu
528 1596 685 1626 senatus
706 1602 728 1626 a
749 1588 862 1627 nobis
884 1596 1015 1638 petere
1036 1596 1078 1626 ut
1099 1588 1330 1626 veniremus.
1374 1588 1505 1626 Primo

177 1653 291 1691 nobis
327 1653 398 1691 fuit
433 1653 600 1692 dubium
635 1653 731 1703 quid
765 1667 996 1703 ageremus,
1037 1653 1182 1692 deinde
1218 1653 1296 1691 cito
1328 1653 1433 1691 venit
1466 1653 1504 1691 in

181 1726 353 1756 mentem
391 1732 471 1756 non
511 1732 595 1757 esse
633 1719 837 1757 vitandum
877 1719 985 1757 illum
1032 1718 1146 1757 nobis
1190 1726 1429 1756 conventum
1469 1725 1505 1756 et

121 1800 160 1831 25
179 1785 310 1822 locum
329 1799 338 1831 3
368 1783 499 1834 itaque
528 1783 568 1821 in
603 1784 749 1822 curiam
780 1783 972 1822 venimus.
1032 1783 1263 1821 Honorifice
1294 1797 1386 1821 sane
1416 1796 1506 1821 con-
1526 1787 1580 1823 62

179 1848 368 1898 surgitur3
416 1862 487 1886 nos
526 1856 661 1898 rogatu
700 1848 945 1898 magistratus
983 1848 1220 1887 adsedimus.
1293 1847 1436 1898 Incipit
1474 1848 1505 1886 is

178 1912 285 1962 loqui
307 1913 373 1963 qui
394 1921 432 1951 et
452 1915 682 1952 auctoritate
704 1921 741 1952 et
768 1921 895 1952 aetate
924 1921 972 1960 et,
996 1921 1037 1951 ut
1066 1912 1160 1950 mihi
1183 1912 1309 1950 visum
1340 1920 1407 1958 est,
1432 1926 1505 1951 usu

177 1990 304 2015 rerum
324 1979 594 2025 antecedebat,
613 1979 812 2017 Diodorus
829 1978 1082 2025 Timarchidi,
1106 1977 1215 2016 cuius
1237 1977 1365 2016 omnis
1382 1978 1505 2017 oratio

177 2042 278 2080 hanc
308 2042 446 2081 habuit
473 2043 599 2093 primo
624 2044 883 2083 sententiam:
914 2051 1094 2082 senatum
1124 2050 1161 2080 et
1182 2044 1372 2092 populum
1395 2044 1506 2092 Syra-

1527 1562 1615 1611 (62)

1530 1625 1588 1662 138

220 2149 241 2177 6
264 2147 465 2177 lentitudine
483 2146 604 2179 Lamb.
751 2158 790 2178 10
814 2148 846 2178 in
864 2157 904 2178 eo
921 2148 964 2187 ρδ
1095 2157 1128 2175 11
1156 2145 1327 2184 Carpinati
1346 2157 1365 2173 rr
1383 2156 1389 2175 ε
1422 2145 1503 2176 Car-

177 2191 337 2230 pinatium
357 2190 419 2220 RS
551 2191 741 2230 praeclaras
766 2191 897 2221 tabulas
921 2190 990 2220 secl.
1012 2189 1113 2228 Kays.
1252 2198 1288 2226 13
1314 2188 1401 2219 illius
1420 2188 1503 2219 RS:

178 2235 252 2264 illos
263 2235 305 2273 p&
395 2238 493 2264 antea
511 2235 548 2263 πδ
651 2246 687 2273 17
713 2235 740 2264 is
759 2259 765 2265 .
783 2258 790 2265 .
811 2258 818 2265 .
840 2234 984 2264 habebat
1002 2233 1108 2263 abesse
1125 2231 1361 2271 voluilsucoby
1464 2242 1503 2270 19

178 2277 238 2307 fuit
248 2278 290 2316 pb
412 2287 453 2306 ρο
477 2287 550 2307 curn
570 2277 610 2315 Q.
630 2278 732 2308 fratre
750 2277 812 2307 RS
927 2287 964 2306 21
992 2276 1200 2314 frequentem
1219 2274 1351 2304 Ernesti
1460 2285 1501 2304 22

177 2320 301 2350 curiam
317 2319 381 2350 RS
489 2331 530 2360 29
554 2322 662 2360 primo
679 2321 747 2352 secl.
769 2318 1085 2350 Richter-Eberhard
