1715 2734
108 115 152 143 21
173 120 214 152 54
546 103 604 139 M.
626 101 795 138 TVLLI
826 100 1133 139 CICERONIS

171 228 310 254 remus.
370 217 430 253 Ac
465 215 540 253 ‘de
571 211 710 252 consili
749 210 992 252 sententia’!
1063 212 1311 250 Praeclarum
1350 208 1501 249 recitari

170 279 392 327 consilium,
415 279 575 326 iudices,
597 277 788 326 audistis;
812 284 945 316 utrum
966 275 1078 314 vobis
1105 275 1314 314 consilium
1340 276 1501 314 tandem

171 345 359 396 praetoris
399 344 549 383 recitari
589 343 806 389 videbatur,
848 356 939 381 cum
979 340 1199 379 audiebatis
1239 340 1411 386 nomina,
1452 353 1502 377 an

113 428 153 459 55
172 411 382 461 praedonis
430 408 710 459 improbissimi
763 409 930 446 societas
976 414 1095 456 atque
1145 406 1384 444 comitatus?
1441 407 1503 443 En

174 477 378 515 foederum
427 474 668 524 interpretes,
711 472 918 520 societatis,
962 472 1166 523 pactionis,
1206 470 1402 521 religionis
1439 484 1542 518 au-5

174 549 300 580 ctores
321 543 327 578 l
359 541 588 589 Numquam
607 539 645 576 in
664 538 794 577 Sicilia
811 539 1050 575 frumentum
1068 536 1227 586 publice
1248 543 1306 574 est
1327 542 1502 585 emptum

174 605 270 655 quin
305 603 553 642 Mamertinis
584 616 655 653 pro
683 602 863 653 portione
896 602 1160 652 imperaretur,
1189 608 1402 650 antequam
1429 601 1505 637 hoc

175 671 373 708 delectum
413 670 734 719 praeclarumque
773 666 981 705 consilium
1021 667 1093 705 iste
1131 666 1252 713 dedit,
1286 673 1327 704 ut
1358 666 1409 704 ab
1446 665 1506 703 his

175 747 360 772 nummos
398 733 593 784 acciperet
632 745 677 770 ac
717 731 776 770 sui
816 731 952 769 similis
992 739 1104 770 esset.
1180 733 1320 781 Itaque
1353 738 1506 769 tantum

176 799 295 838 valuit
316 799 425 838 istius
446 798 594 837 decreti
615 797 826 836 auctoritas
851 805 1043 847 quantum
1070 796 1207 835 debuit
1232 797 1316 835 eius
1336 796 1507 834 hominis
1531 810 1569 831 10

175 864 254 914 qui,
286 877 309 902 a
341 863 484 914 quibus
520 865 759 901 frumentum
800 876 929 901 emere
968 861 1179 908 debuisset,
1222 862 1267 899 iis
1305 863 1506 900 decretum

177 929 429 969 vendidisset.
490 930 594 967 Nam
625 928 755 966 statim
786 929 828 966 L.
864 929 1050 966 Metellus
1078 935 1120 965 ut
1148 927 1209 965 isti
1239 926 1436 974 successit,
1464 940 1510 964 ex

180 996 224 1034 C.
257 993 479 1033 Sacerdotis
505 1001 542 1031 et
572 1007 618 1031 ex
645 996 730 1032 Sex.
766 992 962 1031 Peducaei
993 992 1172 1030 instituto
1199 1006 1246 1031 ac
1275 992 1410 1031 litteris
1438 994 1511 1030 fru-

181 1067 359 1099 mentum
391 1059 638 1098 Mamertinis
669 1057 882 1108 imperavit.
941 1059 1047 1095 Tum
1080 1057 1133 1095 illi
1168 1056 1442 1096 intellexerunt
1470 1070 1510 1095 se

121 1112 138 1143 5
181 1125 221 1165 id
257 1126 366 1176 quod
408 1139 433 1164 a
467 1126 571 1163 malo
605 1132 764 1162 auctore
800 1123 987 1162 emissent
1022 1122 1169 1162 diutius
1208 1122 1388 1161 obtinere
1429 1135 1511 1161 non
1534 1139 1571 1170 15

181 1205 308 1242 posse.

94 1233 161 1324 ²?
237 1258 324 1306 Age
353 1268 480 1306 porro,
503 1262 557 1303 tu,
589 1254 655 1305 qui
686 1261 766 1293 tarn
802 1254 1026 1304 religiosum
1053 1253 1262 1293 existimari
1289 1261 1328 1292 te
1357 1253 1512 1292 voluisti

87 1288 122 1338 (5
150 1287 435 1372 >interpretem
463 1321 678 1367 foederum,
701 1333 770 1358 cur
794 1319 1139 1358 Tauromenitanis
1167 1320 1418 1366 frumentum,
1448 1332 1515 1356 cur

186 1387 341 1426 Netinis
380 1385 611 1436 imperasti?
667 1399 833 1435 quarum
872 1384 1073 1423 civitatum
1114 1393 1278 1434 utraque
1316 1385 1515 1422 foederata

185 1460 254 1490 est.
313 1454 373 1490 Ac
404 1451 538 1490 Netini
568 1450 728 1500 quidem
759 1450 832 1488 sibi
862 1464 943 1489 non
972 1451 1181 1488 defuerunt
1205 1463 1262 1497 ac,
1289 1449 1403 1488 simul
1432 1463 1515 1499 pro·
1537 1465 1577 1485 20

186 1516 372 1554 nuntiasti
408 1516 574 1554 libenter
608 1523 645 1553 te
680 1515 924 1553 Mamertinis
957 1516 1164 1561 remittere,
1199 1523 1237 1552 te
1266 1514 1446 1552 adierunt
1479 1522 1516 1552 et

187 1582 355 1620 eandem
386 1593 496 1618 suam
525 1593 683 1618 causam
712 1580 878 1618 foederis
906 1593 990 1618 csse
1022 1581 1252 1618 docuerunt.
1311 1581 1374 1617 Tu
1408 1580 1518 1618 aliter

187 1649 400 1686 decernere
420 1647 559 1684 eadem
582 1645 619 1683 in
641 1659 758 1683 causa
780 1659 859 1683 non
883 1645 1042 1695 potuisti
1060 1660 1070 1692 3
1097 1645 1328 1695 pronuntias
1351 1645 1518 1684 Netinos

188 1714 429 1751 frumentum
458 1712 550 1748 dare
575 1723 655 1748 non
680 1711 825 1748 debere
853 1718 890 1748 et
910 1710 961 1747 ab
983 1709 1042 1748 his
1063 1717 1196 1749 tamen
1215 1709 1345 1760 exigis.
1405 1710 1519 1749 Cedo

190 1778 285 1816 mihi
307 1777 484 1816 eiusdem
514 1775 701 1825 praetoris
731 1775 875 1813 litteras
906 1783 943 1813 et
973 1789 1101 1814 rerum
1122 1778 1367 1815 decretarum
1388 1783 1426 1813 et
1446 1776 1519 1813 fru-
1541 1789 1580 1821 25

193 1841 314 1881 menti
353 1840 542 1890 imperati.
603 1842 817 1878 Li‘rTERAE
856 1853 1001 1879 RERVM
1042 1853 1338 1879 DECRETARVM.
1411 1839 1519 1889 Quid

192 1907 323 1957 potius
362 1906 401 1944 in
441 1907 515 1944 hac
554 1912 661 1943 tanta
700 1913 737 1943 et
777 1914 856 1944 tam
897 1906 999 1957 turpi
1034 1906 1297 1945 inconstantia
1336 1904 1523 1955 suspicari

193 1986 413 2023 possumus
451 1971 609 2017 iudices,
638 1984 757 2020 quarn
786 1971 826 2010 id
863 1973 970 2021 quod
1007 1986 1168 2011 necesse
1200 1980 1268 2020 est,
1305 1979 1371 2011 aut
1406 1969 1470 2010 isti
1502 1984 1525 2009 a

196 2037 351 2076 Netinis
386 2037 594 2087 pecuniam
636 2050 725 2075 cum
762 2046 940 2087 posceret
977 2051 1057 2076 non
1092 2039 1235 2086 datam,
1266 2046 1332 2077 aut
1366 2037 1407 2077 id
1438 2050 1525 2077 esse

194 2110 327 2141 actum
357 2109 399 2140 ut
429 2102 697 2152 intellegerent
728 2102 954 2141 Mamertini
985 2103 1086 2141 bene
1111 2116 1152 2142 se
1179 2104 1285 2153 apud
1307 2103 1423 2141 istum
1446 2112 1525 2141 tam
1545 2117 1586 2148 30

109 1051 161 1078 22

242 2217 261 2246 5
288 2207 454 2246 pactionis
470 2205 582 2236 Nohl:
609 2205 782 2244 pactiones
801 2204 863 2235 RS
880 2217 886 2236 ε
912 2211 1066 2245 pactores
1078 2207 1142 2246 pk&
1249 2217 1286 2246 13
1311 2218 1352 2237 ex
1371 2208 1464 2247 (post
1479 2207 1527 2237 eti

199 2262 265 2281 om.
279 2252 321 2290 p&
458 2260 500 2280 20
526 2249 591 2279 des.
610 2258 686 2279 nam
703 2249 800 2278 simul
821 2259 859 2280 ac
871 2251 913 2289 pb
1048 2261 1085 2280 21
1113 2256 1145 2280 te
1158 2251 1221 2289 pk&
1239 2262 1245 2280 :
1270 2261 1336 2282 om.
1358 2250 1421 2280 RS
1438 2253 1471 2289 &5
1488 2251 1529 2288 38

199 2296 338 2334 snpral:
363 2293 521 2324 adierunt
546 2297 579 2322 te
605 2297 639 2322 et
662 2292 772 2322 Halm
942 2295 983 2324 26
1011 2294 1156 2324 Litterae
1181 2304 1291 2323 rerum
1320 2295 1528 2324 decretarum

200 2337 334 2376 Zumpt.
369 2336 449 2367 Post
479 2335 634 2375 imperati
668 2335 784 2366 habent
816 2335 879 2366 RS
902 2347 978 2368 euin
1008 2338 1235 2375 decretarum,
1264 2339 1306 2376 p&
1350 2343 1384 2368 et
1418 2346 1528 2367 rerum

200 2381 410 2411 decretarum
430 2380 529 2410 tritici
549 2380 651 2418 empti
