1715 2734
123 73 178 111 44
202 79 260 111 109
563 62 620 99 Μ.
651 60 820 99 TVLLI
852 60 1160 100 CICERONIS

118 998 172 1037 45

109 1059 171 1081 110

106 1952 163 1975 111

195 174 226 213 si
265 173 439 224 potestis,
481 173 577 224 quin
610 186 701 211 eum
740 172 813 211 iste
851 172 1101 222 potissimum
1139 185 1186 210 ex
1217 170 1327 210 omni
1358 185 1525 211 numero

194 239 382 290 delegerit
429 240 493 278 cui
532 241 634 278 hanc
677 239 890 289 cognitoris
930 239 1014 277 falsi
1053 239 1275 288 improbam
1314 251 1525 288 personam

194 304 425 355 imponeret,
444 318 563 354 quern
585 313 623 343 et
644 304 735 342 huic
757 303 1071 342 inimicissimum
1093 311 1131 342 et
1152 303 1225 341 sibi
1241 302 1525 341 amicissimum

194 382 280 408 esse
318 369 593 408 arbitraretur!
665 368 745 406 Hic
779 381 849 406 vos
887 367 1130 414 dubitabitis,
1172 367 1337 415 iudices,
1374 374 1524 405 tantam

193 433 303 472 istius
324 434 542 480 audaciam,
561 441 711 472 tantam
732 432 1015 479 crudelitatem,
1039 440 1187 470 tantam
1208 431 1389 470 iniuriam
1403 431 1526 470 vindi·
1545 445 1562 476 5

193 501 311 537 care?
353 498 586 538 dubitabitis
625 499 850 548 exemplum
895 497 1050 535 illorum
1090 497 1266 535 iudicum
1307 497 1418 547 sequi
1457 497 1524 546 qui

192 566 382 603 damnato
414 566 487 605 Cn.
523 565 733 603 Dolabella
767 563 1064 602 damnationem
1101 563 1324 601 Philodami
1357 562 1524 613 Opuntii

192 631 445 678 resciderunt,
487 632 595 681 quod
631 630 662 669 is
694 644 775 668 non
807 631 950 668 absens
989 642 1077 667 reus
1109 630 1233 667 factus
1272 637 1385 676 esset,
1423 642 1524 678 quae

191 709 251 734 res
281 695 527 746 iniquissima
555 703 674 745 atque
703 694 956 733 acerbissima
985 702 1054 741 est,
1089 696 1158 732 sed
1190 707 1281 732 cum
1313 694 1348 732 ei
1379 694 1523 743 legatio

191 760 267 798 iam
296 762 467 799 Romam
496 775 519 799 a
548 761 628 799 suis
657 760 808 799 civibus
836 767 937 798 esset
967 761 1088 798 data?
1145 760 1268 807 Quod
1293 759 1347 796 illi
1371 758 1522 797 iudices
1545 771 1584 793 10

191 827 316 864 multo
348 826 387 864 in
422 826 567 865 leviore
601 839 719 864 causa
751 832 969 863 statuerunt
1007 825 1247 874 aequitatem
1283 823 1418 870 secuti,
1452 837 1522 862 vos

191 891 231 928 id
252 898 421 929 statuere
449 891 488 928 in
508 890 736 941 gravissima
760 903 888 936 causa,
913 888 1139 939 praesertim
1166 888 1331 926 aliorum
1358 888 1523 927 auctori-

191 962 269 994 tate
291 955 367 994 iam
390 957 677 1003 confirmatum,
702 954 965 994 dubitabitis?

245 1023 298 1059 At
324 1034 443 1071 quem
469 1021 683 1067 hominem,
718 1022 764 1060 C
792 1022 943 1067 Verres
974 1027 1082 1058 tanta
1106 1026 1185 1058 tam
1216 1018 1358 1068 insigni
1383 1018 1523 1057 iniuria

189 1085 398 1124 adfecisti?
436 1100 555 1136 quem
589 1085 794 1124 hominem
834 1085 1041 1123 absentem
1076 1085 1127 1123 de
1159 1083 1294 1122 litteris
1329 1083 1521 1134 corruptis
1543 1094 1580 1126 15

189 1165 307 1190 causa
341 1151 541 1201 incognita
575 1150 882 1190 condemnasti?
924 1150 1034 1188 cuius
1073 1150 1247 1188 absentis
1282 1162 1429 1187 nomen
1468 1163 1522 1187 re-

188 1215 356 1266 cepisti?
394 1230 513 1266 quem
543 1216 749 1255 absentem
780 1229 860 1253 non
897 1216 1019 1253 modo
1051 1215 1135 1252 sine
1167 1213 1330 1252 crimine
1364 1222 1402 1252 et
1436 1213 1521 1252 sine

188 1288 296 1328 teste,
320 1294 455 1319 verum
477 1281 594 1320 etiam
617 1281 700 1319 sine
720 1288 948 1318 accusatore
970 1279 1197 1318 damnasti?
1244 1280 1377 1328 Quem
1397 1278 1521 1317 homi-

187 1348 309 1384 nem?
338 1346 378 1385 di
399 1346 639 1384 immortales
657 1349 662 1384 1
691 1359 771 1383 non
793 1346 921 1383 dicam
943 1345 1115 1383 amicum
1136 1352 1262 1392 tuum,
1283 1345 1392 1394 quod
1412 1345 1519 1394 apud

187 1411 368 1450 homines
389 1411 646 1450 clarissimum
672 1418 740 1458 est,
765 1424 844 1448 non
862 1410 1070 1460 hospitem,
1093 1411 1201 1460 quod
1226 1408 1517 1447 sanctissimum
1539 1421 1581 1443 20

186 1484 270 1524 est;
312 1476 410 1515 nihil
443 1477 549 1515 enim
589 1477 718 1515 minus
752 1476 919 1514 libenter
953 1478 1003 1515 de
1038 1475 1202 1514 Sthenio
1234 1487 1516 1521 commemoro,

186 1542 284 1580 nihil
307 1542 415 1581 aliud
442 1542 482 1580 in
510 1556 557 1581 eo
582 1544 690 1592 quod
720 1542 955 1592 reprehendi
981 1542 1103 1592 possit
1129 1541 1288 1579 invenio
1315 1540 1388 1578 nisi
1410 1541 1519 1590 quod

187 1607 309 1644 homo
329 1605 610 1656 frugalissimus
630 1614 748 1656 atque
769 1606 1040 1656 integerrimus
1061 1614 1109 1653 te,
1133 1605 1335 1643 hominem
1358 1605 1518 1654 plenum

187 1671 308 1722 stupri
330 1671 449 1722 flagiti
477 1671 643 1718 sceleris,
669 1673 832 1709 domum
856 1685 966 1709 suam
995 1670 1182 1717 invitavit,
1206 1670 1279 1708 nisi
1307 1670 1426 1719 quod,
1451 1668 1519 1719 qui

187 1737 231 1776 C.
271 1737 382 1784 Mari,
418 1738 491 1776 Cn.
531 1737 705 1787 Pompei,
744 1739 787 1776 C.
828 1738 1015 1784 Marcelli,
1053 1739 1094 1775 L.
1130 1737 1328 1782 Sisennae,
1363 1735 1419 1774 tui
1453 1736 1577 1777 <ie-25

186 1802 363 1849 fensoris,
399 1810 617 1841 ceterorum
653 1802 822 1841 virorum
866 1803 1165 1841 fortissimorum
1199 1803 1343 1852 hospes
1382 1799 1517 1838 fuisset

185 1876 304 1918 atque
343 1876 456 1914 esset,
496 1869 547 1906 ad
586 1882 675 1907 eum
717 1883 925 1907 numerum
965 1868 1269 1907 clarissimorum
1309 1865 1516 1904 hominum

185 1941 297 1972 tuum
319 1947 479 1984 quoque
503 1947 649 1972 nomen
675 1934 890 1985 adscripsit.
952 1936 1084 1983 Quare
1105 1936 1155 1972 de
1179 1932 1352 1983 hospitio
1372 1931 1517 1970 violato

230 2049 249 2068 2
273 2038 359 2069 hanc
371 2038 438 2068 cO:
457 2049 523 2070 om.
542 2040 606 2071 rell.
626 2040 728 2071 s‘hane
746 2039 1016 2079 cognitorisfalsi
1030 2050 1094 2070 om.
1113 2039 1130 2068 Ι)
1142 2038 1202 2070 am
1307 2046 1326 2075 3
1351 2036 1515 2067 amicissi-

187 2092 275 2113 mum
293 2082 348 2112 cO'
370 2094 375 2112 :
404 2083 548 2113 amicum
581 2084 644 2114 rcll.
775 2086 796 2114 6
821 2083 949 2113 illorum
971 2083 1116 2113 iudicum
1137 2082 1209 2112 Off:
1237 2082 1302 2111 iud.
1324 2080 1368 2110 ill.
1389 2080 1406 2109 b
1422 2081 1511 2119 vulg.

185 2137 207 2165 9
237 2130 337 2165 atque
372 2125 461 2167 Ooq:
503 2134 536 2156 et
569 2128 605 2157 ὁδ
893 2138 929 2166 ¹3
963 2127 1122 2158 dubitatis
1154 2126 1202 2156 cO
1234 2128 1286 2160 (nt
1314 2129 1417 2164 supra
1450 2123 1513 2153 05}

190 2179 226 2207 ¹5
250 2179 349 2208 quem
376 2194 383 2201 .
411 2193 418 2200 .
446 2195 452 2202 .
485 2173 524 2200 16
557 2171 788 2202 condemnasti
815 2171 864 2201 cO
893 2171 1030 2210 (ptobat
1055 2169 1132 2200 Ztel.
1155 2175 1188 2208 p.
1220 2171 1316 2206 1445:
1351 2178 1415 2197 om.
1447 2167 1512 2197 rell.

187 2217 266 2250 (om.
299 2219 323 2253 p
359 2223 395 2252 15
429 2215 470 2244 de
505 2215 674 2246 litteris—
634 2225 716 2254 —17
752 2216 927 2245 absentem
956 2225 995 2245 ex
1026 2210 1410 2243 l1omoeotclcum2dmn
1441 2214 1517 2250 pos!

185 2257 339 2288 adfecisti
356 2258 461 2298 suppl.
477 2257 516 2298 p2’
531 2258 624 2288 cuius
642 2258 791 2289 absentis
812 2268 934 2289 nomen
955 2257 1128 2296 recepistil
1290 2265 1327 2294 19
1351 2260 1442 2285 tuum
1460 2253 1510 2285 s.l.

180 2299 223 2340 p²
356 2303 398 2332 26
422 2302 567 2332 virorum
585 2301 653 2332 cO:
677 2312 741 2333 om.
765 2302 829 2333 pell.
967 2302 1008 2332 28
1032 2300 1251 2340 adscripserit
1265 2305 1310 2339 pq
1326 2300 1363 2328 ὀδ
