1715 2734
150 80 418 119 ACTIONIS
450 81 510 119 IN
540 81 584 120 C.
609 82 850 119 VERREM
880 82 1179 120 SECVNDAE
1210 83 1312 120 LIB.
1337 83 1380 120 ΙΙ
1418 83 1472 120 26
1491 87 1536 128 63

149 193 321 231 adventu
344 193 540 239 Metellus,
563 200 605 231 ut
622 192 750 231 omnis
765 193 874 232 istius
890 192 1059 239 iniurias,
1078 206 1176 243 quas
1193 194 1314 232 modo
1327 200 1470 244 posset,

148 257 387 297 rescinderet
428 265 466 296 et
499 257 633 296 inritas
670 259 824 297 faceret.
895 259 1016 307 Quod
1056 257 1287 296 Heraclium
1325 258 1474 296 restitui

147 321 311 361 iusserat
336 336 382 361 ac
411 335 493 361 non
522 322 806 369 restituebatur,
830 322 1007 373 quisquis
1031 330 1111 361 erat
1132 323 1298 361 eductus
1319 330 1475 361 senator

147 387 413 436 Syracusanus
444 387 494 425 ab
535 387 733 434 Heraclio,
771 387 863 426 duci
901 387 1087 434 iubebat3
1127 386 1260 436 itaque
1291 387 1474 436 permulti

108 465 125 496 5
146 451 255 490 ducti
276 459 377 490 sunt.
438 451 640 502 Epicrates
662 452 821 502 quidem
840 452 1030 490 continuo
1043 459 1101 490 est
1115 451 1325 490 restitutus.
1384 451 1474 489 Alia

146 516 293 556 iudicia
330 516 518 567 Lilybaei,
559 516 635 555 alia
673 517 887 567 Agrigenti,
927 516 1003 554 alia
1043 515 1258 554 Panhormi
1297 514 1475 553 restituta

145 589 246 620 sunt.
307 582 460 621 Census
488 581 555 632 qui
582 581 656 620 isto
677 590 854 632 praetore
875 588 965 620 sunt
986 581 1108 619 habiti
1130 594 1211 618 non
1232 588 1473 619 servaturum

145 659 187 684 se
217 647 404 684 Metellus
435 647 662 685 ostenderat
677 661 687 694 3
729 647 917 685 decumas
947 659 1044 696 quas
1074 645 1146 684 iste
1180 652 1316 683 contra
1347 646 1473 694 legem

147 710 405 750 Hieronicam
444 711 674 750 vendiderat
714 724 798 750 sese
836 710 1086 749 venditurum
1128 710 1345 749 Hieronica
1389 711 1474 759 lege

88 789 127 812 10
145 775 327 814 edixerat.
387 775 534 814 Omnia
554 782 663 814 erant
685 775 837 814 Metelli
859 775 940 813 eius
962 774 1071 813 modi
1092 782 1134 813 ut
1159 788 1239 812 non
1261 782 1340 812 tam
1362 787 1473 812 suam

144 848 365 892 praeturam
392 854 523 891 gerere
552 854 671 891 quarn
702 840 811 879 istius
832 848 1052 891 praeturam
1073 847 1244 878 retexere
1265 839 1471 878 videretur.

144 905 268 944 Simul
295 913 414 955 atque
435 919 508 956 ego
529 905 568 943 in
590 905 762 944 Siciliam
784 905 886 953 veni,
908 912 1081 943 mutatus
1102 913 1170 943 est.
1229 906 1402 943 Venerat
1421 905 1473 943 ad
1493 905 1536 946 64

143 983 234 1008 eum
273 970 340 1008 illo
379 970 501 1009 biduo
540 969 729 1008 Laetilius
767 969 940 1020 quidam,
982 971 1104 1008 homo
1142 982 1223 1007 non
1261 968 1412 1007 alienus
1450 982 1474 1006 a

143 1033 306 1082 litteris;
353 1034 485 1085 itaque
523 1048 571 1073 eo
610 1034 682 1073 iste
721 1034 923 1073 tabellario
962 1048 1116 1085 semper
1154 1047 1246 1072 usus
1285 1041 1353 1072 est.
1432 1034 1472 1071 Is

86 1111 122 1144 15
142 1098 327 1148 epistulas
348 1099 559 1149 compluris
579 1101 770 1146 attulerat,
794 1099 832 1137 in
854 1099 914 1137 his
935 1112 1053 1137 unam
1075 1100 1197 1137 domo
1222 1111 1323 1148 quae
1344 1105 1471 1136 totum

142 1171 310 1201 mutarat
337 1163 551 1202 hominem.
612 1165 794 1214 Repente
822 1163 952 1214 coepit
972 1163 1102 1202 dicere
1123 1176 1164 1201 se
1185 1162 1320 1201 onmia
1339 1161 1470 1200 Verris

141 1241 260 1266 causa
285 1229 412 1275 velle3
445 1228 519 1266 sibi
546 1241 638 1266 curn
668 1241 716 1266 eo
745 1228 957 1266 amicitiam
986 1227 1345 1278 cognationemque
1372 1240 1468 1266 esse.

142 1292 389 1330 Mirabantur
416 1305 553 1331 omnes
581 1293 658 1331 hoc
685 1292 719 1331 ei
744 1300 827 1331 tum
853 1292 1026 1342 denique
1046 1292 1085 1330 in
1108 1299 1282 1330 mentem
1302 1291 1467 1340 venisse,

141 1364 400 1406 posteaquam
432 1364 511 1395 tam
547 1357 679 1396 multis
709 1371 799 1396 eum
829 1357 940 1396 factis
970 1357 1217 1408 decretisque
1245 1357 1466 1407 iugulasset.

82 1436 122 1458 20
143 1421 263 1458 Erant
293 1420 360 1471 qui
386 1428 569 1472 putarent
595 1421 803 1460 Laetilium
831 1423 1002 1472 legatum
1029 1435 1052 1460 a
1072 1423 1193 1460 Verre
1214 1422 1376 1468 venisse,
1401 1422 1468 1472 qui

139 1484 301 1534 gratiam
346 1485 558 1525 amicitiam
604 1487 962 1537 cognationemque
1010 1495 1348 1526 commemoraret.
1409 1489 1467 1525 Ex

139 1549 206 1587 illo
244 1557 420 1600 tempore
458 1564 480 1589 a
518 1550 740 1590 civitatibus
778 1551 1025 1590 laudationes
1063 1559 1206 1601 petere,
1243 1551 1351 1589 testis
1385 1564 1466 1590 non

139 1616 266 1653 solum
293 1616 486 1654 deterrere
507 1615 645 1662 verbis,
671 1617 740 1654 sed
762 1616 879 1654 etiam
901 1615 937 1654 vi
957 1615 1123 1655 retinere
1143 1616 1284 1666 coepit.
1344 1617 1466 1665 Quod

140 1678 213 1716 nisi
234 1692 307 1729 ego
328 1692 417 1717 meo
437 1680 609 1718 adventu
626 1680 728 1718 illius
744 1688 908 1718 conatus
921 1680 1166 1730 aliquantum
1183 1680 1463 1730 repressissem,

80 1762 118 1795 ²5
139 1752 177 1782 et
197 1746 303 1794 apud
330 1744 481 1783 Siculos
509 1759 590 1784 non
616 1745 778 1792 Metelli,
803 1747 872 1784 sed
901 1746 1125 1784 Glabrionis
1153 1746 1288 1785 litteris
1314 1760 1361 1785 ac
1380 1748 1466 1796 lege

139 1822 388 1859 pugnassem,
409 1817 489 1847 tam
517 1811 661 1848 multos
684 1808 828 1862 [testis]
850 1811 928 1849 huc
949 1823 1112 1849 evocare
1133 1824 1212 1848 non
1234 1811 1461 1860 potuissem.

137 1875 297 1921 Verum,
320 1876 428 1924 quod
458 1874 608 1913 institui
637 1875 778 1923 dicere,
802 1876 975 1915 miserias
1001 1875 1226 1925 cognoscite
1253 1875 1461 1914 sociorum.

139 1939 348 1977 Heraclius
383 1939 446 1978 ille
478 1948 516 1978 et
551 1940 753 1990 Epicrates
784 1942 900 1992 longe
932 1941 1027 1979 mihi
1067 1940 1225 1979 obviam
1259 1954 1348 1979 cum
1384 1941 1464 1979 suis

138 2004 323 2042 omnibus
357 2013 642 2054 processerunt,
676 2005 848 2043 venienti
888 2007 1096 2056 Syracusas
1129 2013 1291 2055 egerunt
1323 2005 1463 2055 gratias

1483 1855 1533 1894 27

1483 1907 1524 1949 65

181 2116 201 2136 2
224 2106 323 2145 Quod
340 2107 413 2138 cO:
436 2118 501 2140 om.
526 2107 575 2149 Vp
592 2108 656 2139 rell.
816 2118 836 2148 3
860 2119 898 2140 ac
915 2109 984 2140 cO:
1008 2120 1074 2141 om.
1090 2114 1115 2149 p
1132 2109 1196 2141 rell.
1356 2111 1378 2139 6
1400 2110 1465 2140 alia

139 2149 321 2181 Panhormi
338 2161 404 2182 om.
426 2150 497 2181 VO¹
662 2161 699 2190 14
724 2162 860 2192 semper
877 2163 955 2184 usus
972 2158 1024 2184 est
1045 2153 1112 2193 Vpb
1128 2165 1135 2183 z
1159 2163 1295 2192 semper
1311 2163 1378 2184 om.
1400 2153 1441 2183 Ol
1459 2165 1465 2183 :

138 2203 219 2223 usus
235 2198 286 2224 est
302 2204 438 2232 semper
454 2205 494 2235 qr
608 2205 645 2234 15
669 2196 790 2227 domu?
809 2196 920 2236 (habet
939 2197 1077 2227 Vunam
1094 2200 1129 2236 ᾳζ
1144 2197 1293 2233 domum)
1312 2207 1345 2234 v,
1367 2201 1381 2234 ξ
1405 2197 1466 2227 128

141 2237 179 2265 16
202 2242 347 2268 mutarat
368 2236 414 2267 V:
438 2238 626 2269 immutarat
645 2239 707 2269 rell.
894 2250 934 2270 22
959 2239 1171 2271 laudationes
1185 2238 1255 2272 cO:
1279 2249 1344 2269 -ern
1358 2245 1382 2280 p
1399 2240 1462 2271 rell.

137 2280 180 2309 26
203 2279 300 2311 testis
319 2279 349 2310 V
361 2292 368 2311 .-
391 2292 457 2311 om.
476 2282 542 2312 rell.
679 2293 718 2321 27
743 2282 911 2314 sociorum
932 2283 1028 2314 VcO:
1055 2284 1244 2314 Siculorum
1262 2282 1325 2314 rell.
