1769 2739
485 94 547 132 IN
576 93 625 141 Q.
656 92 973 131 CAECILIVM
1001 94 1221 132 ORATIO
1490 101 1517 141 5

194 219 312 256 quam
346 211 425 242 tam
460 202 669 253 impudens
704 200 915 251 reperietur
954 201 1020 252 qui
1058 204 1108 240 ad
1140 202 1309 241 alienam
1343 215 1514 248 causam,

194 267 322 306 invitis
360 266 406 305 iis
440 280 608 316 quorum
647 264 849 315 negotium
882 273 952 313 est,
986 267 1176 305 accedere
1213 275 1280 305 aut
1318 268 1515 318 adspirare

192 334 366 371 audeat?
413 331 453 369 Si
480 330 560 378 tibi,
585 331 632 378 Q.
658 329 816 377 Caecili,
840 332 916 369 hoc
943 331 1063 370 Siculi
1091 331 1291 370 dicerent:
1325 334 1406 370 ‘Te
1435 346 1516 370 non

192 396 383 442 novimus,
417 394 613 433 nescimus
645 394 712 444 qui
744 394 805 440 sis,
838 409 1054 445 numquam
1094 404 1131 434 te
1169 404 1285 435 antea
1318 396 1515 444 vidimus;

153 476 170 507 5
191 460 274 499 sine
294 474 365 498 nos
386 474 453 510 per
473 473 563 498 eum
585 467 736 497 nostras
757 461 930 497 fortunas
960 462 1172 500 defendere
1197 461 1307 499 cuius
1337 462 1435 499 fides
1456 469 1514 500 est

190 526 304 564 nobis
334 525 514 575 cognita‚’
535 538 668 563 nonne
698 524 738 562 id
768 524 943 563 dicerent
973 527 1082 575 quod
1112 526 1234 564 cuivis
1264 527 1429 576 probare
1449 528 1514 565 de-

190 591 358 629 berent?
405 592 524 628 Nunc
545 591 621 627 hoc
642 589 790 636 dicunt,
814 597 1024 640 utrumque
1046 604 1086 630 se
1108 605 1223 630 nosse
1242 606 1252 639 3
1279 592 1444 629 alterum
1471 605 1513 630 se

187 669 329 705 cupere
358 657 606 694 defensorem
637 668 720 693 esse
747 656 989 693 fortunarum
1020 670 1188 703 suarum,
1211 658 1376 695 alterum
1397 658 1512 706 plane

187 722 303 759 nolle.
361 722 441 760 Cur
474 720 610 766 nolint,
647 719 799 758 etiamsi
839 728 1004 767 taceant,
1039 722 1131 759 satis
1165 721 1301 760 dicunt
1319 736 1329 769 ,·
1376 735 1511 760 verum

130 802 167 823 10
186 799 267 824 non
298 792 438 823 tacent.
498 787 652 823 Tamen
683 784 729 822 iis
764 784 1003 823 invitissimis
1035 793 1073 823 te
1107 787 1277 824 offeres?
1308 793 1440 824 tamen
1470 786 1510 824 in

184 850 311 888 aliena
331 863 448 888 causa
467 851 627 899 loquere
643 851 660 886 Ρ
688 857 821 886 tamen
850 862 918 887 eos
948 851 1137 888 defendes
1167 850 1234 900 qui
1256 864 1297 888 56
1316 851 1367 889 ab
1387 851 1510 889 omni-

184 914 257 952 bus
291 916 466 953 desertos
497 914 627 964 potius
661 927 781 963 quam
812 915 882 952 abs
915 922 952 952 te
990 916 1174 954 defensos
1209 929 1293 954 esse
1327 917 1510 954 malunt?

183 987 314 1018 tamen
335 980 380 1018 iis
401 993 560 1030 operam
591 986 699 1017 tuam
728 978 966 1028 pollicebere
993 980 1059 1029 qui
1085 988 1123 1019 te
1152 994 1281 1030 neque
1310 982 1409 1019 velle
1439 994 1510 1019 sua

182 1058 300 1083 causa
330 1058 413 1090 nec,
438 1045 468 1082 si
498 1043 642 1094 cupias,
666 1057 781 1093 posse
810 1043 1076 1082 arbitrantur?
1123 1045 1204 1084 Cur
1233 1058 1369 1083 eorum
1397 1058 1507 1095 spem

124 1121 161 1152 15
182 1109 360 1159 exiguam
381 1109 615 1158 reliquarum
637 1109 891 1155 fortunarum,
914 1122 1032 1158 quam
1053 1109 1201 1147 habent
1221 1108 1261 1146 in
1281 1109 1375 1158 legis
1405 1117 1443 1148 et
1467 1110 1506 1147 in

181 1174 302 1213 iudici
341 1173 543 1212 severitate
581 1173 761 1223 positam,
795 1172 831 1210 vi
870 1180 1099 1222 extorquere
1138 1173 1320 1212 conaris?
1362 1187 1430 1211 cur
1469 1181 1506 1213 te

180 1238 394 1289 interponis
414 1237 655 1276 invitissimis
675 1237 720 1275 iis
741 1237 884 1286 quibus
906 1237 1074 1275 maxime
1094 1239 1155 1275 lex
1175 1240 1399 1276 consultum
1421 1252 1506 1277 esse

179 1305 289 1341 vult?
318 1317 395 1349 cur,
419 1304 469 1341 de
498 1302 641 1352 quibus
671 1301 711 1340 in
741 1301 1051 1352 provincia-non
1081 1302 1230 1352 optime
1260 1316 1300 1341 es
1332 1303 1503 1350 meritus,

179 1382 246 1407 eos
268 1382 373 1407 nunc
403 1370 518 1418 plane
548 1367 712 1406 fortunis
741 1367 925 1406 omnibus
956 1367 1109 1406 conaris
1130 1371 1333 1407 evertere?
1361 1382 1429 1407 cur
1458 1369 1504 1407 iis

120 1449 160 1470 20
179 1447 259 1471 non
294 1434 415 1471 modo
446 1432 709 1483 persequendi
740 1432 832 1470 iuris
870 1432 941 1479 sui,
977 1433 1047 1470 sed
1085 1432 1203 1471 etiam
1237 1434 1503 1483 deplorandae

177 1497 408 1536 calamitatis
429 1497 569 1536 adimis
590 1499 854 1547 potestatem?
895 1498 999 1535 Nam
1017 1505 1054 1536 te
1073 1505 1205 1536 actore
1226 1511 1345 1548 quem
1366 1512 1501 1537 eorum

176 1564 401 1601 adfuturum
423 1570 547 1612 putas,
570 1575 669 1612 quos
691 1561 882 1611 intellegis
904 1575 983 1600 non
1005 1569 1047 1600 ut
1068 1576 1135 1612 per
1156 1570 1193 1601 te
1213 1562 1345 1609 alium,
1368 1564 1438 1602 sed
1459 1571 1501 1601 ut

176 1642 244 1678 per
263 1628 383 1666 aliurn
403 1627 573 1677 aliquem
596 1634 634 1665 te
655 1626 784 1677 ipsum
805 1626 1042 1665 ulciscantur
1062 1628 1267 1666 laborare?

1535 106 1576 130 20

1536 333 1564 370 6

1531 737 1568 758 21

1523 1514 1560 1536 22

230 1695 283 1730 At
302 1692 407 1731 enim
429 1694 555 1730 solum
576 1691 617 1730 id
638 1699 706 1738 est,
730 1699 772 1729 ut
802 1705 864 1729 me
894 1691 1014 1730 Siculi
1044 1691 1212 1730 maxime
1237 1692 1379 1731 velint:
1409 1695 1500 1733 alte·
1518 1697 1542 1736 7

118 1772 155 1803 25
176 1772 260 1796 rum
295 1757 402 1804 illud,
431 1758 560 1802 credo,
590 1756 801 1795 obscurum
836 1764 904 1803 est,
927 1770 950 1794 a
984 1770 1063 1806 quo
1095 1759 1235 1797 Verres
1267 1758 1429 1797 minime
1458 1772 1500 1797 se

173 1822 348 1860 accusari
368 1822 469 1860 velit.
531 1821 678 1871 Ecquis
699 1834 888 1870 umquam
909 1828 988 1859 tam
1010 1823 1139 1872 palam
1160 1824 1210 1861 de
1234 1824 1398 1871 honore,
1418 1830 1497 1862 tam

173 1888 424 1925 vehementer
454 1887 503 1925 de
532 1887 656 1924 salute
686 1899 755 1923 sua
784 1885 989 1924 contendit
1019 1900 1137 1936 quam
1165 1887 1228 1926 ille
1256 1895 1375 1938 atque
1395 1887 1497 1926 illius

172 1951 288 1990 amici
309 1965 358 1989 ne
378 1953 475 1990 haec
497 1950 591 1988 mihi
612 1950 758 1989 delatio
779 1951 921 1988 detur?
967 1952 1066 1990 Sunt
1086 1954 1208 1991 multa
1235 1965 1337 2002 quae
1356 1955 1496 1991 Verres

172 2016 212 2054 in
244 2030 307 2055 me
340 2030 425 2055 esse
459 2016 674 2062 arbitratur,
698 2029 799 2065 quae
832 2016 904 2054 scit
936 2015 975 2054 in
1005 2024 1054 2064 te,
1085 2017 1241 2064 Caecili,
1270 2031 1350 2056 non
1384 2031 1469 2056 esse
1486 2032 1496 2065 3

115 2098 154 2129 30
173 2095 273 2132 quae
293 2081 403 2120 cuius
424 2080 533 2120 modi
553 2080 593 2118 in
614 2088 780 2130 utroque
808 2088 986 2119 nostrum
1016 2082 1103 2129 sint,
1126 2084 1244 2132 paulo
1274 2089 1362 2133 post
1391 2096 1496 2121 com-

237 2196 255 2223 4
280 2186 354 2224 quis
370 2184 416 2214 sis
433 2183 462 2213 L
582 2194 603 2222 9
627 2188 759 2214 taceant
776 2183 863 2212 ΒΨπ
879 2194 884 2212 :
911 2188 1023 2214 tacent
1036 2183 1112 2215 Asc.
1133 2196 1139 2214 z
1163 2189 1315 2216 tacerent
1334 2186 1349 2214 δ
1455 2194 1494 2224 13

171 2239 231 2258 sua
249 2238 347 2258 causa
363 2227 428 2257 ΒΨ
445 2228 673 2267 Rufinianus:
698 2227 749 2256 sui
767 2237 866 2256 causa
884 2226 920 2256 K
936 2227 996 2267 tiii,
1019 2230 1033 2264 ξ
1056 2229 1131 2267 121)
1150 2239 1156 2258 ε
1182 2238 1275 2258 suam
1294 2238 1426 2258 causam
1439 2233 1491 2267 pr,

173 2271 258 2302 unde
273 2281 368 2301 suam
387 2281 519 2301 causam
536 2271 632 2307 tueri,
654 2270 837 2300 defendere
857 2271 873 2299 δ
998 2281 1038 2309 23
1063 2271 1163 2301 alium
1181 2282 1245 2302 om.
1258 2274 1320 2312 pr&
1451 2272 1491 2300 28

171 2319 207 2344 ut
224 2325 267 2345 ne
278 2316 338 2354 ῥνδ
461 2325 503 2354 29
528 2314 655 2344 Caecili
674 2312 802 2354 Dqu:
828 2312 868 2351 Q.
887 2313 1013 2344 Caecili
1031 2313 1107 2346 red.
1128 2315 1226 2345 Rom.
1247 2316 1282 2355 (i,
1305 2318 1342 2353 §5
1361 2315 1468 2353 45‚60
1484 2325 1491 2352 3

170 2357 253 2390 Am.
263 2358 298 2396 J.
311 2357 373 2388 Ph.
393 2358 485 2389 xxvi.
501 2362 535 2398 p.
557 2357 636 2398 412)
