1715 2734
179 114 229 151 19
249 119 288 150 41
620 105 677 142 M.
707 105 877 142 TVLLI
909 104 1216 143 CICERONIS

178 881 216 910 42

162 1139 215 1166 20

169 1665 210 1697 43

245 220 350 252 terae
389 213 597 253 mittuntur
627 214 689 253 isti
720 228 744 252 a
777 221 885 264 patre
921 215 1185 261 vehementes,
1219 214 1269 253 ab
1303 213 1439 253 amicis
1471 214 1576 263 item,

245 278 394 317 videret
427 279 524 330 quid
563 287 693 329 ageret
724 280 774 317 de
806 278 997 326 Diodoro,
1031 292 1110 329 quo
1145 279 1467 329 progrederetur,
1496 293 1578 318 rem

243 345 388 383 claram
421 358 506 383 esse
538 353 575 383 et
608 344 869 392 invidiosam,
910 343 1079 382 insanire
1114 343 1328 391 hominem,
1363 343 1577 395 periturum

243 410 319 448 hoc
350 423 430 448 uno
460 409 634 456 crimine,
657 408 731 447 nisi
759 408 936 447 cavisset.
997 410 1077 447 Iste
1101 409 1219 448 etiam
1247 417 1330 447 tum
1360 417 1522 460 patrem,
1545 409 1576 448 si

243 488 323 513 non
354 474 393 512 in
424 474 605 524 parentis,
628 481 667 512 at
697 473 736 511 in
767 473 975 512 hominum
997 487 1162 512 numero
1183 474 1372 524 putaba13
1399 475 1450 513 ad
1480 474 1576 514 iudi—
1595 488 1613 520 5

240 539 345 578 cium
368 541 547 578 nondum
578 553 619 578 se
649 538 741 577 satis
771 538 1028 587 instruxerat3
1057 539 1205 589 primus
1225 552 1352 577 annus
1382 547 1462 578 erat
1493 553 1575 589 pro-

240 604 401 651 vinciae,
422 618 502 642 non
518 610 612 651 erat,
627 611 670 642 ut
691 603 731 642 in
747 604 924 651 Sthenio,
943 604 1020 642 iam
1036 605 1196 643 refertus
1212 603 1391 655 pecunia.
1436 606 1575 655 Itaque

240 671 345 708 furor
365 669 447 708 eius
469 671 673 719 paululum
695 683 775 708 non
798 671 961 719 pudore,
985 671 1055 708 sed
1077 677 1183 708 metu
1204 683 1250 708 ae
1272 670 1411 708 timore
1432 684 1576 720 repres-

238 749 303 773 sus
331 743 399 773 est.
460 736 740 774 Condemnare
772 734 995 773 Diodorum
1025 749 1106 773 non
1135 737 1255 774 audet
1284 736 1502 782 absentem,
1524 737 1574 774 de

238 800 312 839 reis
333 799 476 838 eximit.
530 799 730 838 Diodorus
752 799 900 838 interea
924 807 1102 850 praetore
1122 800 1197 838 isto
1218 814 1340 850 prope
1361 800 1573 839 triennium
1597 814 1633 835 lo

239 865 441 916 provincia
470 866 673 915 domoque
702 864 837 903 caruit.
912 865 1054 913 Ceteri,
1079 879 1160 904 non
1189 868 1317 905 solum
1349 865 1469 905 Siculi
1504 867 1574 905 sed

238 930 356 969 etiarn
385 930 489 968 cives
521 929 705 977 Romani,
736 930 813 968 hoc
844 936 1069 976 statuerant,
1100 929 1287 979 quoniam
1318 930 1390 969 iste
1420 938 1572 969 tantum

238 995 454 1046 cupiditate
484 995 790 1045 progrederetur,
814 993 911 1032 nihil
932 1007 1018 1033 esse
1042 996 1151 1044 quod
1181 996 1388 1046 quisquam
1420 1004 1573 1046 putaret

237 1075 289 1108 se,
326 1061 435 1110 quod
474 1059 537 1098 isti
576 1061 694 1110 paulo
726 1059 849 1109 magis
880 1060 1063 1110 placeret,
1100 1073 1330 1099 conservare
1363 1069 1431 1099 aut
1462 1061 1571 1100 domi

236 1126 402 1164 retinere
433 1139 548 1175 posse
564 1139 574 1172 3
612 1133 750 1175 postea
779 1138 871 1163 vero
901 1138 1020 1174 quam
1050 1124 1324 1164 intellexerunt
1354 1126 1416 1164 isti
1446 1126 1570 1165 virum
1594 1143 1629 1175 15

234 1193 386 1237 fortem,
410 1204 529 1240 quem
551 1204 705 1229 summe
725 1189 927 1240 provincia
947 1190 1210 1240 exspectabat,
1234 1192 1283 1240 Q.
1302 1191 1471 1238 Arrium,
1490 1205 1570 1230 non

234 1258 458 1303 succedere,
476 1263 696 1295 statuerunt
716 1255 813 1294 nihil
835 1269 876 1294 se
896 1264 976 1294 tam
993 1257 1170 1294 clausum
1187 1270 1317 1307 neque
1338 1264 1417 1295 tarn
1439 1270 1571 1296 recon-

233 1322 360 1361 ditum
380 1335 497 1373 posse
518 1322 663 1360 habere
683 1323 793 1372 quod
813 1335 894 1359 non
915 1321 1024 1360 istius
1045 1321 1251 1373 cupiditati
1280 1322 1569 1373 apertissimum

232 1387 652 1439 promptissimumque
672 1395 784 1426 esset.

286 1456 391 1492 Turn
440 1453 512 1492 iste
550 1454 601 1492 ab
639 1453 772 1504 equite
822 1455 1007 1491 Romano
1054 1453 1266 1504 splendido
1308 1462 1346 1492 et
1384 1454 1564 1504 gratioso,
1589 1468 1628 1490 20

232 1521 305 1560 Cn.
330 1519 498 1567 Calidio,
521 1519 632 1558 cuius
657 1519 782 1557 filium
807 1518 956 1558 sciebat
980 1526 1201 1558 senatorem
1227 1520 1363 1570 populi
1395 1519 1567 1558 Romani

231 1592 270 1624 et
299 1585 471 1624 iudicem
502 1598 598 1632 esse,
621 1586 780 1623 eculeos
809 1592 1017 1634 argenteos
1048 1584 1202 1631 nobilis,
1233 1585 1299 1635 qui
1328 1586 1376 1634 Q.
1402 1585 1567 1624 Maximi

231 1651 394 1698 fuerant,
412 1652 547 1689 aufert.
609 1651 847 1700 Imprudens
869 1651 946 1689 huc
968 1649 1100 1697 incidi,
1124 1650 1273 1689 iudices
1292 1665 1301 1698 3
1331 1650 1426 1689 emit
1446 1650 1563 1697 enirn,

231 1730 311 1754 non
341 1716 502 1755 abstulit
518 1730 528 1764 3
556 1717 704 1754 nollem
732 1714 876 1755 dixisse
894 1730 902 1761 ;
930 1715 1091 1755 iactabit
1111 1729 1152 1755 se
1173 1723 1211 1755 et
1232 1716 1271 1754 in
1294 1715 1352 1754 his
1373 1716 1564 1766 equitabit

230 1782 385 1821 eculeis.
446 1784 456 1802 ‘
474 1781 576 1829 Emi,
600 1780 809 1832 pecuniam
840 1781 962 1820 solvi.'
1019 1782 1161 1821 Credo.
1223 1781 1377 1820 ‘Etiam
1407 1782 1564 1820 tabulae
1585 1793 1622 1825 25

229 1849 498 1898 proferentur?
557 1849 627 1886 Est
658 1846 754 1885 tanti
774 1862 784 1895 3
813 1848 915 1886 cedo
936 1847 1100 1886 tabulas.
1162 1846 1280 1886 Dilue
1300 1860 1394 1886 sane
1415 1847 1562 1886 crimen

230 1915 306 1952 hoe
328 1913 593 1961 Calidianum,
616 1914 712 1952 dum
735 1926 808 1963 ego
829 1913 981 1951 tabulas
1001 1912 1175 1963 aspicere
1196 1912 1354 1963 possim.
1415 1914 1562 1951 Verum

230 1987 362 2018 tamen
377 1979 473 2030 quid
487 1987 567 2018 erat
584 1980 693 2030 quod
710 1977 887 2018 Calidius
910 1980 1063 2017 Romae
1085 1986 1309 2029 quereretur
1327 1992 1378 2026 se,
1395 1991 1485 2017 cum
1507 1986 1563 2016 tot

229 2058 354 2083 annos
369 2044 407 2083 in
423 2045 554 2084 Sicilia
567 2043 840 2094 negotiaretur,
859 2057 882 2082 a
895 2051 933 2082 te
946 2045 1031 2082 5010
1045 2043 1098 2082 ita
1111 2057 1196 2083 esse
1210 2051 1494 2094 contemptum,
1511 2042 1563 2081 ita

229 2111 462 2161 despectum
491 2118 532 2148 ut
561 2109 677 2148 etiam
709 2123 788 2147 una
817 2122 908 2147 curn
938 2109 1076 2148 ceteris
1099 2109 1239 2148 Siculis
1267 2108 1559 2158 despoliaretur,
1582 2121 1620 2152 30

275 2225 292 2254 7
317 2219 390 2246 erat
414 2214 521 2254 suppl.
550 2213 716 2253 Sclzmals,
742 2213 907 2253 leomas;
936 2217 1012 2254 post
1027 2214 1171 2245 refertus
1188 2213 1277 2244 Nohl
1461 2212 1561 2243 homo

230 2259 293 2289 iam
326 2258 503 2290 Lehmann
665 2268 705 2288 22
729 2258 786 2296 qui
819 2258 924 2297 quinti
957 2258 1147 2297 maximip:
1181 2259 1306 2298 quique
1335 2256 1479 2287 maxime
1508 2255 1561 2286 R:

233 2318 290 2378 (lq3
316 2319 522 2370 maxime-5:
547 2338 670 2379 quique
689 2337 828 2367 maximi
847 2336 949 2367 ΗΒΨ
966 2335 1068 2368 Prisc.
1186 2347 1226 2375 24
1251 2337 1412 2367 dixissem
1430 2338 1455 2377 δ,
1471 2337 1561 2378 prob.

235 2383 451 2414 Luterbacher
538 2393 580 2422 29
603 2393 622 2412 a
640 2387 671 2412 tc
689 2381 772 2412 RS:
799 2381 856 2411 abs
875 2385 905 2410 te
918 2382 960 2421 ps>
