1715 2734
201 87 247 125 18

269 102 311 136 ⁵9
632 89 689 126 M.
721 89 889 126 TVLLI
920 88 1229 127 CICERONIS

266 196 378 246 illud,
398 199 507 248 quod
528 198 726 237 dicturum
747 206 786 236 te
806 211 892 236 esse
912 197 1043 244 audio,
1067 206 1315 248 quaestorem
1338 198 1440 237 illius
1465 198 1594 238 fuisse.

267 264 381 312 Quae
410 278 529 303 causa
556 264 682 314 gravis
711 271 824 310 esset,
857 263 888 302 si
918 271 1084 303 certares
1116 278 1272 303 mecum
1304 272 1389 303 uter
1419 272 1596 303 nostrum

266 329 320 367 illi
353 329 517 368 amicior
546 343 632 368 esse
666 330 852 367 deberet:
896 328 936 366 in
968 329 1223 368 contentione
1257 329 1596 380 suscipiendarum

266 393 558 432 inimicitiarum
593 394 802 433 ridiculum
837 401 895 432 est
929 401 1065 444 putare
1100 408 1257 432 causam
1293 393 1596 433 necessitudinis

203 465 248 496 60
265 460 317 497 ad
346 459 594 498 inferendum
625 458 842 509 periculum
873 458 1015 497 iustam
1036 458 1156 497 videri
1185 466 1374 509 oportere.
1437 459 1595 497 Etenim
1616 472 1633 502 5

187 1281 236 1319 19

196 1331 235 1363 61

193 1903 233 1934 62

265 524 295 562 si
330 524 517 575 plurimas
551 539 574 562 a
605 532 673 563 tuo
708 532 885 575 praetore
918 524 1076 562 iniurias
1104 524 1333 574 accepisseS,
1367 533 1499 563 tamen
1529 538 1595 563 eas

263 590 426 628 ferendo
454 589 640 628 maiorem
668 591 826 628 laudern
848 603 967 640 quam
995 589 1223 628 ulciscendo
1255 604 1444 628 mererere
1459 605 1467 637 3
1502 603 1592 627 cum

262 668 355 693 vero
382 656 532 693 nullum
562 655 663 693 illius
692 655 729 693 in
759 655 838 693 vita
863 654 1005 693 rectius
1033 655 1179 693 factum
1207 655 1254 693 sit
1276 669 1394 705 quam
1422 654 1463 693 id
1483 655 1591 704 quod

262 726 304 758 tu
331 719 511 758 iniuriam
538 722 723 770 appellas,
748 719 786 758 hi
815 727 987 758 statuent
1014 721 1116 758 hanc
1143 734 1313 766 causam,
1337 734 1455 770 quarn
1481 734 1531 758 ne
1552 720 1590 757 in

259 785 339 824 alio
372 786 533 836 quidem
573 787 795 836 probarent,
832 786 871 824 in
911 794 949 825 te
988 785 1130 824 iustam
1167 787 1218 825 ad
1257 786 1589 825 necessitudinem
1614 798 1653 820 10

260 851 484 890 violandam
506 852 658 891 videri?
715 852 794 902 Qui
825 852 856 891 si
886 866 1082 891 summam
1112 852 1292 890 iniuriam
1317 853 1368 890 ab
1395 852 1461 890 illo
1484 866 1592 891 acce-

259 916 361 967 pisti,
391 925 537 965 tamen>
557 917 746 967 quoniam
776 926 961 968 quaestor
990 917 1074 956 eius
1104 917 1219 963 fuisti,
1248 931 1327 956 non
1359 925 1470 968 potes
1500 932 1590 956 eum

259 980 343 1019 sine
364 983 443 1020 ulla
463 981 749 1032 vituperatione
775 996 960 1021 accusare
975 997 985 1030 ,·
1019 982 1049 1020 si
1071 996 1163 1021 vero
1189 996 1269 1021 non
1297 984 1376 1020 ulla
1400 982 1469 1021 tibi
1491 984 1592 1021 facta

257 1054 317 1085 est
347 1046 496 1094 iniuria,
529 1047 613 1086 sine
643 1049 789 1087 scelere
819 1062 910 1086 curn
940 1061 1125 1086 accusare
1159 1061 1239 1086 non
1275 1055 1397 1098 potes.
1458 1048 1591 1096 Quare

257 1125 348 1149 cum
380 1112 571 1151 incertum
602 1112 650 1151 sit
674 1114 725 1151 de
755 1112 908 1160 iniuria,
929 1126 1170 1163 quemquam
1197 1114 1337 1151 horum
1365 1126 1450 1152 esse
1477 1121 1590 1163 putas
1614 1128 1650 1160 ¹5

257 1176 325 1226 qui
364 1191 444 1215 non
486 1176 593 1215 malit
633 1185 670 1215 te
709 1177 793 1216 sine
832 1177 1119 1227 vituperatione
1157 1191 1277 1227 quam
1316 1191 1406 1215 cum
1445 1179 1591 1217 scelere

257 1240 489 1280 discedere?

312 1309 371 1344 Ac
401 1306 490 1345 vide
520 1307 615 1357 quid
646 1307 798 1346 differat
833 1307 933 1346 inter
963 1321 1091 1346 meam
1126 1307 1355 1358 opinionem
1387 1322 1433 1347 ac
1467 1316 1585 1347 tuam.

257 1372 320 1409 Tu
355 1385 445 1409 curn
485 1372 671 1411 omnibus
710 1374 826 1412 rebus
864 1372 1023 1411 inferior
1060 1373 1122 1419 sis,
1165 1374 1238 1411 hac
1278 1387 1355 1411 una
1394 1373 1432 1411 in
1473 1388 1511 1412 re
1551 1382 1588 1412 te

258 1436 353 1474 mihi
383 1437 562 1475 anteferri
593 1446 707 1488 putas
736 1446 928 1488 oportere,
961 1439 1069 1488 quod
1099 1446 1283 1488 quaestor
1312 1438 1413 1477 illius
1445 1439 1585 1478 fueris:
1608 1454 1648 1475 20

257 1516 339 1552 ego,
359 1502 390 1540 si
411 1503 587 1553 superior
607 1503 792 1542 omnibus
814 1504 930 1542 rebus
951 1517 1068 1550 esses,
1091 1505 1192 1542 hanc
1214 1518 1332 1542 unam
1354 1504 1407 1542 ob
1427 1517 1584 1559 causam

257 1575 294 1606 te
327 1576 596 1607 accusatorem
631 1569 826 1620 repudiari
866 1577 1042 1619 putarem
1078 1576 1267 1619 oportere.
1328 1569 1391 1607 Sic
1425 1570 1529 1608 enim
1565 1584 1587 1607 a

256 1633 469 1673 maioribus
521 1634 662 1673 nostris
714 1634 951 1685 accepimus,
1003 1642 1220 1684 praetorem
1269 1635 1466 1684 quaestori
1514 1649 1586 1673 suo

255 1700 426 1749 parentis
447 1703 535 1739 loco
556 1715 641 1739 esse
661 1709 866 1751 oportere3
896 1701 1042 1738 nullam
1072 1714 1201 1750 neque
1228 1699 1427 1738 iustiorem
1456 1714 1585 1751 neque

253 1765 467 1815 graviorem
499 1780 658 1804 causam
689 1765 990 1805 necessitudinis
1021 1779 1135 1815 posse
1162 1764 1317 1815 reperiri
1348 1778 1466 1814 quam
1494 1779 1584 1804 con-
1607 1777 1645 1808 25

255 1830 497 1869 iunctionem
538 1831 662 1878 sortis,
703 1845 821 1881 quam
870 1830 1106 1881 provinciae,
1147 1844 1265 1880 quam
1310 1830 1423 1877 offici,
1464 1843 1583 1880 quam

257 1894 403 1944 publici
432 1896 603 1935 muneris
630 1896 870 1935 societatem.
931 1897 1062 1944 Quam
1091 1895 1143 1933 ob
1171 1909 1250 1934 rem
1279 1895 1309 1933 si
1338 1895 1418 1933 iure
1448 1909 1583 1945 posses

254 1974 344 1998 eum
375 1974 570 2008 accusare,
594 1969 737 2008 tamen,
761 1975 851 2000 curn
882 1960 913 1998 is
945 1959 1013 1998 tibi
1044 1959 1214 2009 parentis
1243 1973 1407 1998 numero
1434 1960 1580 2007 suisset,

298 2074 309 2093 1
338 2064 503 2095 dicturum
527 2070 560 2095 tc
584 2064 686 2095 DKZ
705 2065 772 2096 aL:
801 2070 834 2096 tc
857 2068 932 2094 utile·
954 2065 1120 2094 dicturum
1146 2063 1250 2103 suppl.
1275 2074 1298 2094 s.
1319 2063 1338 2094 l.
1357 2063 1390 2103 p'*
1412 2075 1417 2093 :
1445 2069 1477 2094 te
1500 2065 1581 2094 dict-

253 2117 345 2137 urum
375 2107 487 2147 qulL
645 2110 666 2138 6
691 2113 748 2139 tuo
778 2114 934 2148 praetore
963 2108 1018 2148 Dp
1047 2107 1110 2138 rell.
1137 2111 1264 2147 practer
1290 2106 1326 2144 G,
1358 2112 1476 2146 [praet.
1506 2109 1579 2146 tuo)

254 2161 291 2188 14
317 2156 366 2181 est
385 2151 439 2191 Dp
455 2156 484 2182 el
494 2152 570 2192 pler.
589 2163 596 2183 ε
621 2153 664 2183 sit
684 2152 763 2189 GXK
853 2162 889 2190 15
914 2161 988 2182 curn
1009 2152 1073 2181 iam
1091 2156 1218 2181 certum
1236 2151 1278 2180 sit
1295 2150 1484 2181 Eberhard:
1504 2161 1578 2182 curn

251 2195 313 2224 iam
333 2200 440 2225 actum
459 2196 501 2225 sit
519 2196 621 2235 Kays.
639 2208 644 2226 :
670 2196 799 2226 etiamsi
819 2196 981 2225 incertum
999 2200 1090 2225 esset
1107 2194 1326 2224 Hachtmann
1410 2196 1448 2225 18
1472 2195 1580 2224 crimi-

250 2239 420 2268 nationem
440 2239 466 2268 L
572 2245 606 2269 et
624 2245 711 2269 tuam
733 2239 769 2277 G,
888 2249 926 2277 19
950 2239 982 2268 in
1000 2239 1068 2269 secl.
1086 2237 1237 2271 Horam,
1257 2248 1318 2268 om.
1340 2237 1429 2268 Nohl
1538 2249 1574 2268 21

249 2282 405 2311 omnibus
431 2283 529 2313 rebus
554 2282 687 2321 DGffL:
711 2283 836 2313 ceteris
861 2283 961 2312 rebus
973 2283 1056 2321 prb:
1080 2281 1239 2312 omnibus
1265 2282 1385 2311 ceteris
1412 2281 1511 2312 rebus
1538 2281 1576 2320 G,

249 2335 291 2354 22
315 2330 542 2355 accusatorem
561 2327 628 2356 secl.
649 2326 751 2366 Kays.
864 2334 905 2364 25
931 2325 1071 2365 reperiri
1090 2334 1189 2363 posse
1207 2335 1226 2353 π
1346 2335 1385 2363 27
1412 2326 1483 2354 iure
1500 2335 1577 2355 cum

249 2378 367 2407 posses
379 2370 440 2409 pb:
467 2379 540 2398 eum
560 2370 630 2399 iure
648 2380 749 2409 posse
769 2380 786 2399 r
