1769 2739
211 77 237 117 7
259 87 297 108 22
587 80 590 84 ’
620 73 676 110 Μ.
708 73 878 110 TVLLI
910 73 1218 112 CICERONIS

197 196 236 226 23
256 181 516 229 memorabo;
553 195 659 219 nunc
690 189 842 219 tantum
873 181 914 220 id
943 181 1074 221 dicam
1106 183 1216 233 quod
1245 183 1386 222 tacitus
1417 191 1457 222 tu
1488 184 1584 224 mihi

254 245 487 293 adsentiare‚
510 248 657 285 nullam
694 260 773 284 rem
807 246 846 284 in
883 260 947 284 me
981 260 1067 285 esse
1097 261 1216 298 quam
1246 248 1311 287 ille
1340 256 1581 298 contemnat,

254 312 402 349 nullam
436 311 475 349 in
506 319 543 349 te
578 325 696 361 quam
733 311 992 361 pertimescat.
1054 314 1194 363 Itaque
1227 327 1391 364 magnus
1426 314 1490 354 ille
1521 317 1585 354 de-

252 377 384 414 fensor
405 383 442 413 et
462 376 612 414 amicus
633 375 717 414 eius
738 375 808 414 tibi
837 377 1077 427 suffragatur,
1101 391 1164 416 me
1193 387 1395 429 oppugnat
1413 394 1422 427 3
1452 388 1584 430 aperte

251 440 301 478 ab
341 440 537 479 iudicibus
576 441 673 491 petit
707 448 749 479 ut
780 448 822 479 tu
854 441 950 479 mihi
983 449 1235 492 anteponare,
1269 451 1306 481 et
1345 443 1398 482 ait
1433 445 1509 483 hoc
1542 459 1584 484 se

252 506 417 543 honeste
438 505 522 544 sine
542 507 620 544 ulla
641 505 787 544 invidia
806 519 852 544 ac
873 506 957 544 sine
987 507 1066 544 ulla
1092 507 1309 547 ofsensione
1329 511 1579 548 contendere.

254 571 369 608 ‘Non
408 570 538 617 enim,'
572 570 709 620 inquit,
747 570 865 609 ‘illud
905 578 998 621 peto
1036 573 1145 621 quod
1183 574 1304 619 soleo,
1340 587 1431 611 cum
1470 575 1580 612 vehe-

251 635 420 673 mentius
441 636 641 683 contendi,
664 636 894 686 impetrare:
925 649 1012 674 reus
1042 643 1085 675 ut
1113 637 1337 676 absolvatur
1366 651 1446 676 non
1476 646 1579 688 peto,

250 702 319 739 sed
341 709 382 739 ut
403 701 532 750 potius
553 702 603 740 ab
625 702 700 740 hoc
731 715 849 751 quam
881 702 931 740 ab
962 701 1028 739 illo
1057 710 1272 749 accusetur,
1295 703 1335 742 id
1356 710 1458 754 peto.
1519 706 1582 742 Da

250 765 346 803 mihi
375 767 477 814 hoc,
506 768 683 805 concede
713 768 822 816 quod
852 767 965 805 facile
994 774 1063 813 est,
1086 769 1194 817 quod
1227 769 1449 815 honestum,
1473 771 1581 819 quod

249 844 331 869 non
352 831 589 870 invidiosum
606 847 616 879 3
646 833 755 881 quod
783 845 874 870 cum
903 832 1070 879 dederis,
1094 832 1177 871 sine
1202 834 1283 871 ullo
1304 841 1372 872 tuo
1393 834 1578 884 periculo,

249 895 333 934 sine
354 895 514 934 infamia
540 896 637 935 illud
665 897 831 944 dederis,
854 904 897 935 ut
926 897 958 936 is
987 898 1212 937 absolvatur
1238 898 1350 937 cuius
1370 912 1443 950 ego
1463 913 1581 939 causa

191 961 410 1007 24laboro.'
468 963 518 999 Et
549 961 603 1000 ait
636 961 753 1010 idem,
790 970 833 1000 ut
870 962 1012 1013 aliquis
1050 970 1178 1002 metus
1211 963 1422 1003 adiunctus
1452 965 1500 1004 sit
1528 967 1580 1004 ad

247 1026 422 1077 gratiam,
438 1034 564 1066 certos
585 1040 671 1066 esse
692 1027 732 1065 in
754 1027 920 1066 consilio
942 1027 1086 1078 quibus
1108 1029 1265 1068 ostendi
1286 1029 1449 1068 tabellas
1469 1030 1578 1079 velit;

246 1092 287 1130 id
319 1105 404 1130 esse
435 1092 646 1143 perfacile3
675 1106 756 1131 non
786 1092 892 1131 enim
924 1093 1098 1144 singulos
1128 1095 1226 1133 ferre
1260 1095 1485 1142 sententias,
1508 1097 1578 1135 sed

246 1157 448 1196 universos
482 1157 720 1196 constituere
739 1173 749 1205 3
787 1166 958 1197 ceratam
993 1158 1061 1197 uni
1094 1159 1237 1210 cuique
1271 1161 1456 1199 tabellam
1495 1161 1577 1200 dari

245 1236 334 1260 cera
354 1223 536 1273 legitima,
561 1236 641 1261 non
663 1223 728 1261 illa
749 1223 883 1262 infami
905 1237 952 1262 ac
973 1223 1129 1263 nefaria.
1189 1226 1322 1275 Atque
1344 1225 1374 1263 is
1397 1239 1475 1264 non
1498 1234 1577 1264 tarn

245 1295 403 1338 propter
424 1290 585 1327 Verrem
620 1289 770 1327 laborat
804 1302 923 1339 quam
955 1291 1063 1339 quod
1093 1303 1185 1328 eum
1215 1290 1377 1330 minime
1407 1304 1466 1329 res
1496 1299 1578 1330 tota

244 1354 438 1399 delectat3
481 1353 588 1392 videt
619 1353 736 1399 enim,
770 1353 801 1392 si
839 1368 862 1392 a
892 1354 1022 1404 pueris
1062 1354 1273 1402 nobilibus,
1306 1369 1406 1405 quos
1444 1357 1576 1395 adhuc

244 1418 369 1464 elusit,
404 1418 433 1456 si
466 1433 489 1456 a
527 1418 909 1469 quadruplatoribus,
948 1433 1048 1469 quos
1087 1433 1167 1458 non
1207 1420 1290 1459 sine
1329 1434 1447 1459 causa
1485 1435 1575 1459 con-

245 1483 403 1533 tempsit
424 1497 578 1534 semper
597 1497 642 1522 ac
663 1497 734 1533 pro
764 1484 887 1522 nihilo
908 1484 1069 1534 putavit,
1086 1485 1299 1524 accusandi
1323 1487 1504 1524 voluntas
1524 1488 1575 1525 ad

244 1548 346 1587 viros
385 1549 493 1587 fortis
541 1557 818 1599 spectatosque
866 1549 1047 1588 homines
1090 1551 1274 1588 translata
1312 1550 1371 1597 sit,
1412 1564 1497 1589 sese
1535 1551 1574 1589 in

202 1611 226 1648 8
245 1614 399 1652 iudiciis
419 1614 566 1653 diutius
588 1614 781 1653 dominari
803 1628 882 1653 non
904 1628 1031 1664 posse.
1092 1615 1201 1653 Huic
1231 1629 1304 1666 ego
1325 1616 1475 1654 homini
1497 1616 1573 1654 iarn

186 1681 225 1713 ²5
243 1687 335 1718 ante
369 1679 571 1726 denuntio,
606 1680 637 1718 si
674 1694 697 1718 a
731 1693 793 1718 me
824 1693 983 1718 causam
1018 1681 1120 1719 hanc
1159 1694 1227 1719 vos
1265 1681 1326 1731 agi
1361 1682 1570 1728 volueritis,

242 1744 431 1783 rationem
464 1745 516 1783 illi
546 1744 787 1784 defendendi
818 1752 940 1783 totam
971 1758 1056 1784 esse
1087 1747 1328 1793 mutandam,
1350 1754 1387 1785 et
1417 1746 1469 1785 ita
1491 1761 1572 1786 mu—

242 1812 402 1849 tandam
424 1818 477 1857 ut,
500 1810 660 1849 meliore
681 1818 719 1848 et
739 1810 965 1849 honestiore
995 1810 1231 1849 condicione
1251 1825 1368 1861 quam
1390 1826 1467 1862 qua
1488 1813 1571 1863 ipse

242 1877 323 1913 vult
344 1877 410 1921 uti,
435 1875 607 1914 imitetur
627 1875 808 1913 homines
839 1889 907 1914 eos
936 1889 1036 1925 quos
1066 1875 1150 1926 ipse
1170 1876 1266 1914 vidit
1295 1877 1568 1927 amplissimOS‚

244 1942 286 1978 L.
311 1941 495 1979 Crassum
518 1948 555 1979 et
578 1942 633 1977 M.
658 1940 890 1987 Antonium,
915 1941 981 1990 qui
1013 1940 1109 1979 nihil
1139 1954 1180 1979 se
1208 1941 1495 1980 arbitrabantur
1519 1944 1570 1981 ad

285 2055 304 2084 5
329 2056 347 2075 a
366 2044 431 2076 iud.
452 2045 515 2075 ΒΨ
644 2057 660 2084 7
686 2047 774 2077 enim
794 2046 900 2085 inquit
918 2057 984 2077 om.
1004 2045 1082 2086 DG²
1099 2046 1140 2079 al.
1274 2057 1295 2086 9
1319 2046 1361 2077 ab
1377 2047 1438 2077 hoc
1457 2047 1569 2086 potius

237 2091 298 2129 pr15
416 2099 454 2119 10
479 2090 657 2121 honestum
677 2095 727 2120 est
749 2090 827 2127 GK
941 2100 978 2119 12
1003 2090 1030 2121 is
1047 2101 1111 2120 om.
1131 2090 1195 2121 ΠΨ
1299 2100 1335 2129 15
1361 2092 1567 2122 sententiam

244 2132 310 2162 LK
326 2132 404 2162 Asc.
574 2145 614 2173 25
640 2139 672 2164 ct
692 2135 737 2164 ita
756 2134 947 2164 mutandam
966 2134 1116 2164 Heraeus
1133 2134 1182 2169 (ii,
1203 2137 1218 2170 §
1236 2133 1314 2173 53):
1341 2139 1374 2164 et
1392 2135 1437 2164 ita
1455 2140 1566 2165 tamen

243 2177 433 2206 mutandam
455 2182 478 2216 p
494 2188 518 2207 s.
532 2178 564 2210 L,
580 2179 654 2207 item
669 2188 710 2215 qr
727 2177 775 2217 (tfi
790 2182 850 2216 per
863 2178 1121 2217 dittografiln'am
1151 2177 1255 2210 credo)
1273 2189 1279 2207 :
1313 2182 1345 2207 ct
1370 2178 1414 2208 ita
1431 2188 1566 2208 causam

243 2220 348 2259 (cam)
363 2221 556 2250 mutandam
574 2220 611 2259 G,
633 2220 710 2251 Par.
730 2222 813 2259 7822
831 2222 865 2250 δι
893 2232 957 2251 om.
977 2221 1061 2250 DWb
1149 2223 1191 2252 26
1215 2221 1415 2252 condicione
1428 2222 1472 2251 sit
1487 2223 1562 2252 Asc.

243 2263 316 2302 ipse
342 2265 409 2294 vult
435 2264 481 2293 uti
510 2265 628 2304 srripsz}
656 2270 719 2303 pqr
743 2269 871 2294 secutus
898 2265 931 2293 in
958 2265 1075 2303 quibus
1101 2275 1143 2295 εει
1170 2269 1203 2294 ut
1229 2268 1303 2294 ante
1329 2265 1478 2295 imitetur
1508 2265 1564 2301 CI.

241 2307 320 2337 Rev.
340 2308 409 2337 xix.
431 2308 506 2337 160*
526 2318 532 2336 τ
558 2308 628 2346 ipse
654 2317 731 2338 csse
748 2307 894 2346 vulth¹
918 2307 995 2338 Par.
1012 2309 1095 2346 7822
1113 2309 1130 2337 δ

1604 462 1622 492 5

1605 784 1642 805 10

1604 1109 1639 1140 ¹5

1597 1437 1636 1459 20
