<?xml version="1.0" encoding="UTF-8"?>
<!DOCTYPE html PUBLIC "-//W3C//DTD XHTML 1.0 Transitional//EN"
    "http://www.w3.org/TR/xhtml1/DTD/xhtml1-transitional.dtd">
<html xmlns="http://www.w3.org/1999/xhtml" xml:lang="en" lang="en">
 <head>
  <title>
</title>
<meta http-equiv="Content-Type" content="text/html;charset=utf-8" />
  <meta name='ocr-system' content='tesseract 3.04.00' />
  <meta name='ocr-capabilities' content='ocr_page ocr_carea ocr_par ocr_line ocrx_word'/>
</head>
<body>
  <div class='ocr_page' id='page_1' title='image "./orationesrecogno03ciceuoft/orationesrecogno03ciceuoft_0484.png"; bbox 0 0 1715 2734; ppageno 0'>
   <div class='ocr_carea' id='block_1_1' title="bbox 108 80 1160 127">
    <p class='ocr_par' dir='ltr' id='par_1_1' title="bbox 108 80 1160 127">
     <span class='ocr_line' id='line_1_1' title="bbox 108 80 1160 127; baseline 0.003 -12"><span class='ocrx_word' id='word_1_1' title='bbox 108 81 165 118; x_wconf 71' lang='grc' dir='ltr'>(ιδ</span> <span class='ocrx_word' id='word_1_2' title='bbox 191 85 250 127; x_wconf 90' lang='lat'>169</span> <span class='ocrx_word' id='word_1_3' title='bbox 562 81 618 117; x_wconf 88' lang='lat' dir='ltr'>M.</span> <span class='ocrx_word' id='word_1_4' title='bbox 651 81 818 117; x_wconf 90' lang='lat' dir='ltr'>TVLLI</span> <span class='ocrx_word' id='word_1_5' title='bbox 851 80 1160 119; x_wconf 91' lang='lat' dir='ltr'>CICERONIS</span> 
     </span>
    </p>
   </div>
   <div class='ocr_carea' id='block_1_2' title="bbox 102 168 1516 267">
    <p class='ocr_par' dir='ltr' id='par_1_2' title="bbox 102 168 1516 267">
     <span class='ocr_line' id='line_1_2' title="bbox 102 168 1516 267; baseline 0.007 -44"><span class='ocrx_word' id='word_1_6' title='bbox 102 168 164 267; x_wconf 51' lang='lat'><strong>1563</strong></span> <span class='ocrx_word' id='word_1_7' title='bbox 240 191 318 230; x_wconf 89' lang='lat' dir='ltr'>Sed</span> <span class='ocrx_word' id='word_1_8' title='bbox 339 190 441 241; x_wconf 82' lang='lat' dir='ltr'>quid</span> <span class='ocrx_word' id='word_1_9' title='bbox 456 203 530 241; x_wconf 88' lang='lat' dir='ltr'>ego</span> <span class='ocrx_word' id='word_1_10' title='bbox 550 191 661 241; x_wconf 91' lang='lat' dir='ltr'>plura</span> <span class='ocrx_word' id='word_1_11' title='bbox 681 191 732 229; x_wconf 91' lang='lat' dir='ltr'>de</span> <span class='ocrx_word' id='word_1_12' title='bbox 754 190 909 230; x_wconf 88' lang='lat' dir='ltr'>Gavio?</span> <span class='ocrx_word' id='word_1_13' title='bbox 938 190 1050 241; x_wconf 86' lang='lat' dir='ltr'>quasi</span> <span class='ocrx_word' id='word_1_14' title='bbox 1067 198 1108 229; x_wconf 91' lang='lat' dir='ltr'>tu</span> <span class='ocrx_word' id='word_1_15' title='bbox 1130 191 1257 230; x_wconf 91' lang='lat' dir='ltr'>Gavio</span> <span class='ocrx_word' id='word_1_16' title='bbox 1283 198 1368 230; x_wconf 89' lang='lat' dir='ltr'>tum</span> <span class='ocrx_word' id='word_1_17' title='bbox 1398 193 1516 233; x_wconf 84' lang='lat' dir='ltr'>fueris</span> 
     </span>
    </p>
   </div>
   <div class='ocr_carea' id='block_1_3' title="bbox 171 254 1568 1152">
    <p class='ocr_par' dir='ltr' id='par_1_3' title="bbox 171 254 1568 1152">
     <span class='ocr_line' id='line_1_3' title="bbox 184 254 1514 305; baseline 0.002 -12"><span class='ocrx_word' id='word_1_18' title='bbox 184 255 347 294; x_wconf 83' lang='lat' dir='ltr'>infestus</span> <span class='ocrx_word' id='word_1_19' title='bbox 379 269 424 294; x_wconf 89' lang='lat' dir='ltr'>ac</span> <span class='ocrx_word' id='word_1_20' title='bbox 459 269 539 294; x_wconf 91' lang='lat' dir='ltr'>non</span> <span class='ocrx_word' id='word_1_21' title='bbox 572 254 723 294; x_wconf 86' lang='lat' dir='ltr'>nomini</span> <span class='ocrx_word' id='word_1_22' title='bbox 757 255 889 305; x_wconf 87' lang='lat' dir='ltr'>generi</span> <span class='ocrx_word' id='word_1_23' title='bbox 925 255 996 293; x_wconf 91' lang='lat' dir='ltr'>iuri</span> <span class='ocrx_word' id='word_1_24' title='bbox 1030 255 1173 294; x_wconf 90' lang='lat' dir='ltr'>civium</span> <span class='ocrx_word' id='word_1_25' title='bbox 1214 256 1348 295; x_wconf 88' lang='lat' dir='ltr'>hostis.</span> <span class='ocrx_word' id='word_1_26' title='bbox 1420 258 1514 296; x_wconf 91' lang='lat' dir='ltr'>Non</span> 
     </span>
     <span class='ocr_line' id='line_1_4' title="bbox 181 320 1514 370; baseline 0.002 -12"><span class='ocrx_word' id='word_1_27' title='bbox 181 320 245 367; x_wconf 89' lang='lat' dir='ltr'>illi,</span> <span class='ocrx_word' id='word_1_28' title='bbox 278 320 452 370; x_wconf 88' lang='lat' dir='ltr'>inquam,</span> <span class='ocrx_word' id='word_1_29' title='bbox 482 320 634 359; x_wconf 88' lang='lat' dir='ltr'>homini</span> <span class='ocrx_word' id='word_1_30' title='bbox 665 322 735 359; x_wconf 89' lang='lat' dir='ltr'>sed</span> <span class='ocrx_word' id='word_1_31' title='bbox 765 334 906 359; x_wconf 87' lang='lat' dir='ltr'>causae</span> <span class='ocrx_word' id='word_1_32' title='bbox 937 320 1141 359; x_wconf 89' lang='lat' dir='ltr'>communi</span> <span class='ocrx_word' id='word_1_33' title='bbox 1171 320 1360 360; x_wconf 81' lang='lat' dir='ltr'>libertatis</span> <span class='ocrx_word' id='word_1_34' title='bbox 1388 321 1514 361; x_wconf 89' lang='lat' dir='ltr'>inimi-</span> 
     </span>
     <span class='ocr_line' id='line_1_5' title="bbox 180 385 1513 434; baseline 0.002 -11"><span class='ocrx_word' id='word_1_35' title='bbox 180 398 249 423; x_wconf 88' lang='lat' dir='ltr'>cus</span> <span class='ocrx_word' id='word_1_36' title='bbox 292 385 408 424; x_wconf 87' lang='lat' dir='ltr'>fuisti.</span> <span class='ocrx_word' id='word_1_37' title='bbox 479 385 587 434; x_wconf 84' lang='lat' dir='ltr'>Quid</span> <span class='ocrx_word' id='word_1_38' title='bbox 632 385 738 424; x_wconf 90' lang='lat' dir='ltr'>enim</span> <span class='ocrx_word' id='word_1_39' title='bbox 783 385 952 432; x_wconf 80' lang='lat' dir='ltr'>attinuit,</span> <span class='ocrx_word' id='word_1_40' title='bbox 992 399 1083 423; x_wconf 92' lang='lat' dir='ltr'>cum</span> <span class='ocrx_word' id='word_1_41' title='bbox 1128 386 1356 425; x_wconf 81' lang='lat' dir='ltr'>Mamertini</span> <span class='ocrx_word' id='word_1_42' title='bbox 1404 400 1513 426; x_wconf 89' lang='lat' dir='ltr'>more</span> 
     </span>
     <span class='ocr_line' id='line_1_6' title="bbox 178 450 1548 501; baseline 0.001 -13"><span class='ocrx_word' id='word_1_43' title='bbox 178 458 298 500; x_wconf 86' lang='lat' dir='ltr'>atque</span> <span class='ocrx_word' id='word_1_44' title='bbox 336 450 516 489; x_wconf 87' lang='lat' dir='ltr'>instituto</span> <span class='ocrx_word' id='word_1_45' title='bbox 554 464 627 489; x_wconf 86' lang='lat' dir='ltr'>suo</span> <span class='ocrx_word' id='word_1_46' title='bbox 665 464 822 489; x_wconf 91' lang='lat' dir='ltr'>crucem</span> <span class='ocrx_word' id='word_1_47' title='bbox 863 450 1036 489; x_wconf 80' lang='lat' dir='ltr'>fixissent</span> <span class='ocrx_word' id='word_1_48' title='bbox 1074 458 1163 501; x_wconf 89' lang='lat' dir='ltr'>post</span> <span class='ocrx_word' id='word_1_49' title='bbox 1201 451 1339 490; x_wconf 89' lang='lat' dir='ltr'>urbem</span> <span class='ocrx_word' id='word_1_50' title='bbox 1379 451 1419 490; x_wconf 91' lang='lat' dir='ltr'>in</span> <span class='ocrx_word' id='word_1_51' title='bbox 1450 452 1548 497; x_wconf 88' lang='lat' dir='ltr'>via5</span> 
     </span>
     <span class='ocr_line' id='line_1_7' title="bbox 180 514 1510 567; baseline 0.002 -14"><span class='ocrx_word' id='word_1_52' title='bbox 180 514 380 565; x_wconf 87' lang='lat' dir='ltr'>Pompeia,</span> <span class='ocrx_word' id='word_1_53' title='bbox 404 524 441 554; x_wconf 88' lang='lat' dir='ltr'>te</span> <span class='ocrx_word' id='word_1_54' title='bbox 469 515 603 553; x_wconf 88' lang='lat' dir='ltr'>iubere</span> <span class='ocrx_word' id='word_1_55' title='bbox 631 515 670 553; x_wconf 90' lang='lat' dir='ltr'>in</span> <span class='ocrx_word' id='word_1_56' title='bbox 695 529 741 554; x_wconf 92' lang='lat' dir='ltr'>ea</span> <span class='ocrx_word' id='word_1_57' title='bbox 768 523 876 565; x_wconf 89' lang='lat' dir='ltr'>parte</span> <span class='ocrx_word' id='word_1_58' title='bbox 905 516 1022 565; x_wconf 84' lang='lat' dir='ltr'>figere</span> <span class='ocrx_word' id='word_1_59' title='bbox 1047 529 1149 565; x_wconf 86' lang='lat' dir='ltr'>quae</span> <span class='ocrx_word' id='word_1_60' title='bbox 1177 517 1229 554; x_wconf 91' lang='lat' dir='ltr'>ad</span> <span class='ocrx_word' id='word_1_61' title='bbox 1256 516 1397 554; x_wconf 90' lang='lat' dir='ltr'>fretum</span> <span class='ocrx_word' id='word_1_62' title='bbox 1427 529 1510 567; x_wconf 87' lang='lat' dir='ltr'>spe-</span> 
     </span>
     <span class='ocr_line' id='line_1_8' title="bbox 178 581 1509 631; baseline 0.002 -13"><span class='ocrx_word' id='word_1_63' title='bbox 178 587 309 627; x_wconf 89' lang='lat' dir='ltr'>ctaret,</span> <span class='ocrx_word' id='word_1_64' title='bbox 328 588 366 618; x_wconf 90' lang='lat' dir='ltr'>et</span> <span class='ocrx_word' id='word_1_65' title='bbox 388 581 462 618; x_wconf 85' lang='lat' dir='ltr'>hoc</span> <span class='ocrx_word' id='word_1_66' title='bbox 483 581 808 630; x_wconf 66' lang='lat' dir='ltr'>addere,—quod</span> <span class='ocrx_word' id='word_1_67' title='bbox 829 594 970 630; x_wconf 84' lang='lat' dir='ltr'>negare</span> <span class='ocrx_word' id='word_1_68' title='bbox 991 582 1100 619; x_wconf 90' lang='lat' dir='ltr'>nullo</span> <span class='ocrx_word' id='word_1_69' title='bbox 1117 581 1239 619; x_wconf 91' lang='lat' dir='ltr'>modo</span> <span class='ocrx_word' id='word_1_70' title='bbox 1259 588 1383 631; x_wconf 91' lang='lat' dir='ltr'>potes,</span> <span class='ocrx_word' id='word_1_71' title='bbox 1401 583 1509 631; x_wconf 86' lang='lat' dir='ltr'>quod</span> 
     </span>
     <span class='ocr_line' id='line_1_9' title="bbox 179 645 1508 696; baseline 0.002 -14"><span class='ocrx_word' id='word_1_72' title='bbox 179 645 364 684; x_wconf 88' lang='lat' dir='ltr'>omnibus</span> <span class='ocrx_word' id='word_1_73' title='bbox 385 645 638 684; x_wconf 81' lang='lat' dir='ltr'>audientibus</span> <span class='ocrx_word' id='word_1_74' title='bbox 660 645 789 684; x_wconf 85' lang='lat' dir='ltr'>dixisti</span> <span class='ocrx_word' id='word_1_75' title='bbox 811 647 1050 696; x_wconf 88' lang='lat' dir='ltr'>palam,-—te</span> <span class='ocrx_word' id='word_1_76' title='bbox 1071 645 1218 684; x_wconf 87' lang='lat' dir='ltr'>idcirco</span> <span class='ocrx_word' id='word_1_77' title='bbox 1240 645 1349 683; x_wconf 88' lang='lat' dir='ltr'>illum</span> <span class='ocrx_word' id='word_1_78' title='bbox 1376 646 1508 685; x_wconf 89' lang='lat' dir='ltr'>locum</span> 
     </span>
     <span class='ocr_line' id='line_1_10' title="bbox 176 710 1508 761; baseline 0.001 -12"><span class='ocrx_word' id='word_1_79' title='bbox 176 710 357 761; x_wconf 82' lang='lat' dir='ltr'>deligere,</span> <span class='ocrx_word' id='word_1_80' title='bbox 381 718 423 748; x_wconf 94' lang='lat' dir='ltr'>ut</span> <span class='ocrx_word' id='word_1_81' title='bbox 450 710 524 757; x_wconf 90' lang='lat' dir='ltr'>ille,</span> <span class='ocrx_word' id='word_1_82' title='bbox 548 710 736 760; x_wconf 87' lang='lat' dir='ltr'>quoniam</span> <span class='ocrx_word' id='word_1_83' title='bbox 767 724 809 749; x_wconf 91' lang='lat' dir='ltr'>se</span> <span class='ocrx_word' id='word_1_84' title='bbox 835 710 961 749; x_wconf 89' lang='lat' dir='ltr'>civem</span> <span class='ocrx_word' id='word_1_85' title='bbox 993 713 1220 749; x_wconf 88' lang='lat' dir='ltr'>Romanum</span> <span class='ocrx_word' id='word_1_86' title='bbox 1242 724 1327 749; x_wconf 86' lang='lat' dir='ltr'>esse</span> <span class='ocrx_word' id='word_1_87' title='bbox 1347 711 1508 760; x_wconf 87' lang='lat' dir='ltr'>diceret,</span> 
     </span>
     <span class='ocr_line' id='line_1_11' title="bbox 175 775 1568 826; baseline -0.001 -12"><span class='ocrx_word' id='word_1_88' title='bbox 175 790 222 814; x_wconf 88' lang='lat' dir='ltr'>ex</span> <span class='ocrx_word' id='word_1_89' title='bbox 243 789 357 814; x_wconf 91' lang='lat' dir='ltr'>cruce</span> <span class='ocrx_word' id='word_1_90' title='bbox 376 775 530 814; x_wconf 90' lang='lat' dir='ltr'>Italiam</span> <span class='ocrx_word' id='word_1_91' title='bbox 552 789 711 814; x_wconf 89' lang='lat' dir='ltr'>cernere</span> <span class='ocrx_word' id='word_1_92' title='bbox 730 790 776 814; x_wconf 88' lang='lat' dir='ltr'>ac</span> <span class='ocrx_word' id='word_1_93' title='bbox 793 777 957 814; x_wconf 91' lang='lat' dir='ltr'>domum</span> <span class='ocrx_word' id='word_1_94' title='bbox 979 790 1090 814; x_wconf 90' lang='lat' dir='ltr'>suam</span> <span class='ocrx_word' id='word_1_95' title='bbox 1107 775 1330 826; x_wconf 85' lang='lat' dir='ltr'>prospicere</span> <span class='ocrx_word' id='word_1_96' title='bbox 1346 779 1508 826; x_wconf 86' lang='lat' dir='ltr'>posset?</span> <span class='ocrx_word' id='word_1_97' title='bbox 1530 791 1568 813; x_wconf 93' lang='lat'>10</span> 
     </span>
     <span class='ocr_line' id='line_1_12' title="bbox 176 841 1506 891; baseline 0.001 -12"><span class='ocrx_word' id='word_1_98' title='bbox 176 842 316 891; x_wconf 82' lang='lat' dir='ltr'>Itaque</span> <span class='ocrx_word' id='word_1_99' title='bbox 337 841 402 879; x_wconf 90' lang='lat' dir='ltr'>illa</span> <span class='ocrx_word' id='word_1_100' title='bbox 422 854 515 880; x_wconf 87' lang='lat' dir='ltr'>crux</span> <span class='ocrx_word' id='word_1_101' title='bbox 535 843 628 887; x_wconf 78' lang='lat' dir='ltr'>sola,</span> <span class='ocrx_word' id='word_1_102' title='bbox 652 841 813 889; x_wconf 90' lang='lat' dir='ltr'>iudices,</span> <span class='ocrx_word' id='word_1_103' title='bbox 838 849 926 891; x_wconf 88' lang='lat' dir='ltr'>post</span> <span class='ocrx_word' id='word_1_104' title='bbox 954 841 1154 881; x_wconf 87' lang='lat' dir='ltr'>conditam</span> <span class='ocrx_word' id='word_1_105' title='bbox 1186 843 1414 880; x_wconf 85' lang='lat' dir='ltr'>Messanam</span> <span class='ocrx_word' id='word_1_106' title='bbox 1439 841 1506 880; x_wconf 92' lang='lat' dir='ltr'>illo</span> 
     </span>
     <span class='ocr_line' id='line_1_13' title="bbox 173 906 1506 957; baseline 0.001 -12"><span class='ocrx_word' id='word_1_107' title='bbox 173 906 212 944; x_wconf 91' lang='lat' dir='ltr'>in</span> <span class='ocrx_word' id='word_1_108' title='bbox 248 908 336 945; x_wconf 91' lang='lat' dir='ltr'>loco</span> <span class='ocrx_word' id='word_1_109' title='bbox 367 908 443 945; x_wconf 85' lang='lat' dir='ltr'>fixa</span> <span class='ocrx_word' id='word_1_110' title='bbox 476 914 544 945; x_wconf 91' lang='lat' dir='ltr'>est.</span> <span class='ocrx_word' id='word_1_111' title='bbox 606 906 743 946; x_wconf 69' lang='lat' dir='ltr'>ltaliae</span> <span class='ocrx_word' id='word_1_112' title='bbox 777 914 1013 957; x_wconf 86' lang='lat' dir='ltr'>conspectus</span> <span class='ocrx_word' id='word_1_113' title='bbox 1040 908 1091 945; x_wconf 87' lang='lat' dir='ltr'>ad</span> <span class='ocrx_word' id='word_1_114' title='bbox 1121 920 1208 945; x_wconf 88' lang='lat' dir='ltr'>eam</span> <span class='ocrx_word' id='word_1_115' title='bbox 1239 920 1320 945; x_wconf 90' lang='lat' dir='ltr'>rem</span> <span class='ocrx_word' id='word_1_116' title='bbox 1349 907 1400 944; x_wconf 84' lang='lat' dir='ltr'>ab</span> <span class='ocrx_word' id='word_1_117' title='bbox 1431 906 1506 946; x_wconf 90' lang='lat' dir='ltr'>isto</span> 
     </span>
     <span class='ocr_line' id='line_1_14' title="bbox 173 971 1505 1022; baseline 0 -12"><span class='ocrx_word' id='word_1_118' title='bbox 173 973 349 1011; x_wconf 85' lang='lat' dir='ltr'>delectus</span> <span class='ocrx_word' id='word_1_119' title='bbox 390 979 459 1019; x_wconf 86' lang='lat' dir='ltr'>est,</span> <span class='ocrx_word' id='word_1_120' title='bbox 490 978 532 1010; x_wconf 90' lang='lat' dir='ltr'>ut</span> <span class='ocrx_word' id='word_1_121' title='bbox 572 971 636 1010; x_wconf 92' lang='lat' dir='ltr'>ille</span> <span class='ocrx_word' id='word_1_122' title='bbox 676 971 716 1009; x_wconf 90' lang='lat' dir='ltr'>in</span> <span class='ocrx_word' id='word_1_123' title='bbox 751 973 888 1011; x_wconf 91' lang='lat' dir='ltr'>dolore</span> <span class='ocrx_word' id='word_1_124' title='bbox 916 971 1171 1022; x_wconf 88' lang='lat' dir='ltr'>cruciatuque</span> <span class='ocrx_word' id='word_1_125' title='bbox 1216 971 1386 1010; x_wconf 87' lang='lat' dir='ltr'>moriens</span> <span class='ocrx_word' id='word_1_126' title='bbox 1424 986 1505 1022; x_wconf 86' lang='lat' dir='ltr'>per-</span> 
     </span>
     <span class='ocr_line' id='line_1_15' title="bbox 171 1036 1500 1087; baseline 0 -12"><span class='ocrx_word' id='word_1_127' title='bbox 171 1045 339 1087; x_wconf 84' lang='lat' dir='ltr'>angusto</span> <span class='ocrx_word' id='word_1_128' title='bbox 359 1039 459 1075; x_wconf 90' lang='lat' dir='ltr'>fretu</span> <span class='ocrx_word' id='word_1_129' title='bbox 480 1036 605 1075; x_wconf 84' lang='lat' dir='ltr'>divisa</span> <span class='ocrx_word' id='word_1_130' title='bbox 628 1036 822 1075; x_wconf 88' lang='lat' dir='ltr'>servitutis</span> <span class='ocrx_word' id='word_1_131' title='bbox 843 1051 888 1075; x_wconf 89' lang='lat' dir='ltr'>ac</span> <span class='ocrx_word' id='word_1_132' title='bbox 909 1037 1097 1076; x_wconf 84' lang='lat' dir='ltr'>libertatis</span> <span class='ocrx_word' id='word_1_133' title='bbox 1126 1037 1208 1075; x_wconf 86' lang='lat' dir='ltr'>iura</span> <span class='ocrx_word' id='word_1_134' title='bbox 1236 1046 1500 1087; x_wconf 85' lang='lat' dir='ltr'>cognosceret,</span> 
     </span>
     <span class='ocr_line' id='line_1_16' title="bbox 174 1101 1562 1152; baseline -0.001 -13"><span class='ocrx_word' id='word_1_135' title='bbox 174 1101 286 1140; x_wconf 84' lang='lat' dir='ltr'>Italia</span> <span class='ocrx_word' id='word_1_136' title='bbox 305 1110 438 1141; x_wconf 88' lang='lat' dir='ltr'>autem</span> <span class='ocrx_word' id='word_1_137' title='bbox 465 1103 671 1140; x_wconf 88' lang='lat' dir='ltr'>alumnum</span> <span class='ocrx_word' id='word_1_138' title='bbox 697 1115 811 1139; x_wconf 90' lang='lat' dir='ltr'>suum</span> <span class='ocrx_word' id='word_1_139' title='bbox 839 1101 1035 1140; x_wconf 87' lang='lat' dir='ltr'>servitutis</span> <span class='ocrx_word' id='word_1_140' title='bbox 1063 1109 1236 1140; x_wconf 79' lang='lat' dir='ltr'>extremo</span> <span class='ocrx_word' id='word_1_141' title='bbox 1266 1115 1502 1152; x_wconf 86' lang='lat' dir='ltr'>summoque</span> <span class='ocrx_word' id='word_1_142' title='bbox 1526 1116 1562 1147; x_wconf 82' lang='lat'>15</span> 
     </span>
    </p>
   </div>
   <div class='ocr_carea' id='block_1_4' title="bbox 112 1166 1502 1217">
    <p class='ocr_par' dir='ltr' id='par_1_4' title="bbox 112 1166 1502 1217">
     <span class='ocr_line' id='line_1_17' title="bbox 112 1166 1502 1217; baseline 0.001 -13"><span class='ocrx_word' id='word_1_143' title='bbox 112 1176 126 1187; x_wconf 78' lang='grc'>··</span> <span class='ocrx_word' id='word_1_144' title='bbox 171 1166 364 1217; x_wconf 79' lang='lat' dir='ltr'>supplicio</span> <span class='ocrx_word' id='word_1_145' title='bbox 389 1168 563 1205; x_wconf 84' lang='lat' dir='ltr'>adfixum</span> <span class='ocrx_word' id='word_1_146' title='bbox 594 1166 752 1205; x_wconf 88' lang='lat' dir='ltr'>videret.</span> <span class='ocrx_word' id='word_1_147' title='bbox 814 1166 982 1205; x_wconf 87' lang='lat' dir='ltr'>Facinus</span> <span class='ocrx_word' id='word_1_148' title='bbox 1012 1174 1070 1205; x_wconf 89' lang='lat' dir='ltr'>est</span> <span class='ocrx_word' id='word_1_149' title='bbox 1100 1166 1246 1205; x_wconf 87' lang='lat' dir='ltr'>vincire</span> <span class='ocrx_word' id='word_1_150' title='bbox 1272 1166 1398 1205; x_wconf 90' lang='lat' dir='ltr'>civem</span> <span class='ocrx_word' id='word_1_151' title='bbox 1424 1168 1502 1205; x_wconf 88' lang='lat' dir='ltr'>Ro-</span> 
     </span>
    </p>
   </div>
   <div class='ocr_carea' id='block_1_5' title="bbox 168 1232 1500 1346">
    <p class='ocr_par' dir='ltr' id='par_1_5' title="bbox 168 1232 1500 1346">
     <span class='ocr_line' id='line_1_18' title="bbox 170 1232 1499 1283; baseline 0.001 -13"><span class='ocrx_word' id='word_1_152' title='bbox 170 1246 343 1279; x_wconf 88' lang='lat' dir='ltr'>manum,</span> <span class='ocrx_word' id='word_1_153' title='bbox 374 1233 501 1270; x_wconf 85' lang='lat' dir='ltr'>scelus</span> <span class='ocrx_word' id='word_1_154' title='bbox 531 1233 749 1279; x_wconf 84' lang='lat' dir='ltr'>verberare,</span> <span class='ocrx_word' id='word_1_155' title='bbox 774 1245 898 1283; x_wconf 92' lang='lat' dir='ltr'>prope</span> <span class='ocrx_word' id='word_1_156' title='bbox 927 1232 1177 1282; x_wconf 91' lang='lat' dir='ltr'>parricidium</span> <span class='ocrx_word' id='word_1_157' title='bbox 1207 1245 1373 1270; x_wconf 84' lang='lat' dir='ltr'>necare:</span> <span class='ocrx_word' id='word_1_158' title='bbox 1403 1232 1499 1282; x_wconf 89' lang='lat' dir='ltr'>quid</span> 
     </span>
     <span class='ocr_line' id='line_1_19' title="bbox 168 1296 1500 1346; baseline -0.001 -11"><span class='ocrx_word' id='word_1_159' title='bbox 168 1297 297 1336; x_wconf 87' lang='lat' dir='ltr'>dicam</span> <span class='ocrx_word' id='word_1_160' title='bbox 326 1297 366 1335; x_wconf 91' lang='lat' dir='ltr'>in</span> <span class='ocrx_word' id='word_1_161' title='bbox 396 1311 552 1336; x_wconf 88' lang='lat' dir='ltr'>crucem</span> <span class='ocrx_word' id='word_1_162' title='bbox 584 1298 750 1336; x_wconf 89' lang='lat' dir='ltr'>tollere?</span> <span class='ocrx_word' id='word_1_163' title='bbox 808 1297 944 1336; x_wconf 90' lang='lat' dir='ltr'>Verbo</span> <span class='ocrx_word' id='word_1_164' title='bbox 976 1297 1067 1335; x_wconf 89' lang='lat' dir='ltr'>satis</span> <span class='ocrx_word' id='word_1_165' title='bbox 1101 1297 1221 1346; x_wconf 82' lang='lat' dir='ltr'>digno</span> <span class='ocrx_word' id='word_1_166' title='bbox 1246 1304 1325 1335; x_wconf 88' lang='lat' dir='ltr'>tam</span> <span class='ocrx_word' id='word_1_167' title='bbox 1354 1296 1500 1335; x_wconf 85' lang='lat' dir='ltr'>nefaria</span> 
     </span>
    </p>
   </div>
   <div class='ocr_carea' id='block_1_6' title="bbox 159 1361 1559 2132">
    <p class='ocr_par' dir='ltr' id='par_1_6' title="bbox 159 1361 1559 2132">
     <span class='ocr_line' id='line_1_20' title="bbox 167 1361 1498 1412; baseline 0.002 -13"><span class='ocrx_word' id='word_1_168' title='bbox 167 1376 227 1400; x_wconf 89' lang='lat' dir='ltr'>res</span> <span class='ocrx_word' id='word_1_169' title='bbox 244 1362 431 1412; x_wconf 82' lang='lat' dir='ltr'>appellari</span> <span class='ocrx_word' id='word_1_170' title='bbox 452 1364 562 1401; x_wconf 91' lang='lat' dir='ltr'>nullo</span> <span class='ocrx_word' id='word_1_171' title='bbox 584 1364 705 1401; x_wconf 88' lang='lat' dir='ltr'>modo</span> <span class='ocrx_word' id='word_1_172' title='bbox 725 1369 865 1412; x_wconf 89' lang='lat' dir='ltr'>potest.</span> <span class='ocrx_word' id='word_1_173' title='bbox 926 1363 1019 1400; x_wconf 89' lang='lat' dir='ltr'>Non</span> <span class='ocrx_word' id='word_1_174' title='bbox 1041 1361 1111 1400; x_wconf 88' lang='lat' dir='ltr'>fuit</span> <span class='ocrx_word' id='word_1_175' title='bbox 1132 1362 1191 1400; x_wconf 93' lang='lat' dir='ltr'>his</span> <span class='ocrx_word' id='word_1_176' title='bbox 1217 1361 1402 1400; x_wconf 89' lang='lat' dir='ltr'>omnibus</span> <span class='ocrx_word' id='word_1_177' title='bbox 1426 1362 1498 1401; x_wconf 88' lang='lat' dir='ltr'>iste</span> 
     </span>
     <span class='ocr_line' id='line_1_21' title="bbox 166 1426 1559 1477; baseline -0.001 -11"><span class='ocrx_word' id='word_1_178' title='bbox 166 1435 401 1475; x_wconf 69' lang='lat' dir='ltr'>contentus,</span> <span class='ocrx_word' id='word_1_179' title='bbox 429 1431 438 1447; x_wconf 84' lang='lat'><em>‘</em></span> <span class='ocrx_word' id='word_1_180' title='bbox 457 1429 629 1477; x_wconf 82' lang='lat' dir='ltr'>spectet‚‘</span> <span class='ocrx_word' id='word_1_181' title='bbox 652 1427 790 1477; x_wconf 87' lang='lat' dir='ltr'>inquit,</span> <span class='ocrx_word' id='word_1_182' title='bbox 816 1426 1026 1477; x_wconf 83' lang='lat' dir='ltr'>‘patriam;</span> <span class='ocrx_word' id='word_1_183' title='bbox 1055 1427 1095 1465; x_wconf 90' lang='lat' dir='ltr'>in</span> <span class='ocrx_word' id='word_1_184' title='bbox 1124 1434 1339 1476; x_wconf 90' lang='lat' dir='ltr'>conspectu</span> <span class='ocrx_word' id='word_1_185' title='bbox 1366 1428 1496 1477; x_wconf 88' lang='lat' dir='ltr'>legum</span> <span class='ocrx_word' id='word_1_186' title='bbox 1519 1443 1559 1465; x_wconf 80' lang='lat'>20</span> 
     </span>
     <span class='ocr_line' id='line_1_22' title="bbox 166 1491 1495 1542; baseline 0 -12"><span class='ocrx_word' id='word_1_187' title='bbox 166 1493 434 1542; x_wconf 84' lang='lat' dir='ltr'>libertatisque</span> <span class='ocrx_word' id='word_1_188' title='bbox 468 1492 678 1531; x_wconf 70' lang='lat' dir='ltr'>moriatur.&gt;</span> <span class='ocrx_word' id='word_1_189' title='bbox 737 1494 830 1531; x_wconf 91' lang='lat' dir='ltr'>Non</span> <span class='ocrx_word' id='word_1_190' title='bbox 870 1500 911 1530; x_wconf 91' lang='lat' dir='ltr'>tu</span> <span class='ocrx_word' id='word_1_191' title='bbox 950 1494 1026 1530; x_wconf 87' lang='lat' dir='ltr'>hoc</span> <span class='ocrx_word' id='word_1_192' title='bbox 1065 1494 1154 1530; x_wconf 91' lang='lat' dir='ltr'>loco</span> <span class='ocrx_word' id='word_1_193' title='bbox 1194 1491 1374 1538; x_wconf 87' lang='lat' dir='ltr'>Gavium,</span> <span class='ocrx_word' id='word_1_194' title='bbox 1415 1505 1495 1530; x_wconf 91' lang='lat' dir='ltr'>non</span> 
     </span>
     <span class='ocr_line' id='line_1_23' title="bbox 166 1556 1496 1608; baseline -0.002 -11"><span class='ocrx_word' id='word_1_195' title='bbox 166 1572 289 1597; x_wconf 88' lang='lat' dir='ltr'>unum</span> <span class='ocrx_word' id='word_1_196' title='bbox 317 1558 519 1597; x_wconf 90' lang='lat' dir='ltr'>hominem</span> <span class='ocrx_word' id='word_1_197' title='bbox 546 1558 680 1596; x_wconf 90' lang='lat' dir='ltr'>nescio</span> <span class='ocrx_word' id='word_1_198' title='bbox 707 1571 837 1608; x_wconf 87' lang='lat' dir='ltr'>quem,</span> <span class='ocrx_word' id='word_1_199' title='bbox 860 1559 929 1596; x_wconf 88' lang='lat' dir='ltr'>sed</span> <span class='ocrx_word' id='word_1_200' title='bbox 959 1571 1213 1596; x_wconf 92' lang='lat' dir='ltr'>communem</span> <span class='ocrx_word' id='word_1_201' title='bbox 1243 1556 1431 1596; x_wconf 85' lang='lat' dir='ltr'>libertatis</span> <span class='ocrx_word' id='word_1_202' title='bbox 1459 1565 1496 1596; x_wconf 91' lang='lat' dir='ltr'>et</span> 
     </span>
     <span class='ocr_line' id='line_1_24' title="bbox 165 1622 1494 1673; baseline -0.002 -10"><span class='ocrx_word' id='word_1_203' title='bbox 165 1624 330 1663; x_wconf 87' lang='lat' dir='ltr'>civitatis</span> <span class='ocrx_word' id='word_1_204' title='bbox 351 1637 510 1662; x_wconf 86' lang='lat' dir='ltr'>causam</span> <span class='ocrx_word' id='word_1_205' title='bbox 533 1623 572 1661; x_wconf 90' lang='lat' dir='ltr'>in</span> <span class='ocrx_word' id='word_1_206' title='bbox 594 1623 702 1661; x_wconf 91' lang='lat' dir='ltr'>illum</span> <span class='ocrx_word' id='word_1_207' title='bbox 730 1623 946 1662; x_wconf 88' lang='lat' dir='ltr'>cruciatum</span> <span class='ocrx_word' id='word_1_208' title='bbox 973 1631 1009 1661; x_wconf 93' lang='lat' dir='ltr'>et</span> <span class='ocrx_word' id='word_1_209' title='bbox 1037 1637 1193 1662; x_wconf 89' lang='lat' dir='ltr'>crucem</span> <span class='ocrx_word' id='word_1_210' title='bbox 1225 1622 1347 1673; x_wconf 86' lang='lat' dir='ltr'>egisti.</span> <span class='ocrx_word' id='word_1_211' title='bbox 1409 1624 1494 1661; x_wconf 89' lang='lat' dir='ltr'>Iam</span> 
     </span>
     <span class='ocr_line' id='line_1_25' title="bbox 164 1688 1495 1739; baseline -0.002 -11"><span class='ocrx_word' id='word_1_212' title='bbox 164 1704 257 1729; x_wconf 92' lang='lat' dir='ltr'>vero</span> <span class='ocrx_word' id='word_1_213' title='bbox 277 1690 406 1729; x_wconf 86' lang='lat' dir='ltr'>videte</span> <span class='ocrx_word' id='word_1_214' title='bbox 423 1689 594 1727; x_wconf 87' lang='lat' dir='ltr'>hominis</span> <span class='ocrx_word' id='word_1_215' title='bbox 615 1689 822 1727; x_wconf 78' lang='lat' dir='ltr'>audaciam</span> <span class='ocrx_word' id='word_1_216' title='bbox 841 1692 847 1727; x_wconf 76' lang='lat' dir='ltr'>l</span> <span class='ocrx_word' id='word_1_217' title='bbox 898 1691 1044 1727; x_wconf 90' lang='lat' dir='ltr'>Nonne</span> <span class='ocrx_word' id='word_1_218' title='bbox 1065 1703 1155 1728; x_wconf 91' lang='lat' dir='ltr'>eum</span> <span class='ocrx_word' id='word_1_219' title='bbox 1177 1688 1341 1739; x_wconf 86' lang='lat' dir='ltr'>graviter</span> <span class='ocrx_word' id='word_1_220' title='bbox 1361 1689 1495 1727; x_wconf 91' lang='lat' dir='ltr'>tulisse</span> 
     </span>
     <span class='ocr_line' id='line_1_26' title="bbox 163 1755 1552 1805; baseline -0.001 -12"><span class='ocrx_word' id='word_1_221' title='bbox 163 1755 404 1794; x_wconf 86' lang='lat' dir='ltr'>arbitramini</span> <span class='ocrx_word' id='word_1_222' title='bbox 426 1756 535 1805; x_wconf 86' lang='lat' dir='ltr'>quod</span> <span class='ocrx_word' id='word_1_223' title='bbox 557 1755 661 1793; x_wconf 88' lang='lat' dir='ltr'>illam</span> <span class='ocrx_word' id='word_1_224' title='bbox 683 1755 834 1794; x_wconf 81' lang='lat' dir='ltr'>civibus</span> <span class='ocrx_word' id='word_1_225' title='bbox 858 1755 1050 1793; x_wconf 86' lang='lat' dir='ltr'>Romanis</span> <span class='ocrx_word' id='word_1_226' title='bbox 1071 1768 1227 1794; x_wconf 92' lang='lat' dir='ltr'>crucem</span> <span class='ocrx_word' id='word_1_227' title='bbox 1257 1768 1337 1793; x_wconf 90' lang='lat' dir='ltr'>non</span> <span class='ocrx_word' id='word_1_228' title='bbox 1362 1761 1495 1805; x_wconf 85' lang='lat' dir='ltr'>posset</span> <span class='ocrx_word' id='word_1_229' title='bbox 1517 1771 1552 1804; x_wconf 88' lang='lat'>²5</span> 
     </span>
     <span class='ocr_line' id='line_1_27' title="bbox 163 1820 1494 1871; baseline 0.001 -13"><span class='ocrx_word' id='word_1_230' title='bbox 163 1820 202 1858; x_wconf 90' lang='lat' dir='ltr'>in</span> <span class='ocrx_word' id='word_1_231' title='bbox 235 1823 329 1868; x_wconf 86' lang='lat' dir='ltr'>foro,</span> <span class='ocrx_word' id='word_1_232' title='bbox 364 1834 442 1859; x_wconf 89' lang='lat' dir='ltr'>non</span> <span class='ocrx_word' id='word_1_233' title='bbox 479 1820 518 1858; x_wconf 88' lang='lat' dir='ltr'>in</span> <span class='ocrx_word' id='word_1_234' title='bbox 550 1820 722 1868; x_wconf 87' lang='lat' dir='ltr'>comitio,</span> <span class='ocrx_word' id='word_1_235' title='bbox 760 1835 841 1859; x_wconf 90' lang='lat' dir='ltr'>non</span> <span class='ocrx_word' id='word_1_236' title='bbox 874 1821 913 1858; x_wconf 92' lang='lat' dir='ltr'>in</span> <span class='ocrx_word' id='word_1_237' title='bbox 946 1821 1078 1859; x_wconf 92' lang='lat' dir='ltr'>rostris</span> <span class='ocrx_word' id='word_1_238' title='bbox 1113 1822 1314 1871; x_wconf 81' lang='lat' dir='ltr'>defigere?</span> <span class='ocrx_word' id='word_1_239' title='bbox 1373 1821 1494 1869; x_wconf 89' lang='lat' dir='ltr'>Quod</span> 
     </span>
     <span class='ocr_line' id='line_1_28' title="bbox 162 1885 1489 1936; baseline -0.001 -12"><span class='ocrx_word' id='word_1_240' title='bbox 162 1886 267 1924; x_wconf 91' lang='lat' dir='ltr'>enim</span> <span class='ocrx_word' id='word_1_241' title='bbox 306 1886 366 1924; x_wconf 89' lang='lat' dir='ltr'>his</span> <span class='ocrx_word' id='word_1_242' title='bbox 406 1886 501 1925; x_wconf 89' lang='lat' dir='ltr'>locis</span> <span class='ocrx_word' id='word_1_243' title='bbox 540 1886 579 1923; x_wconf 93' lang='lat' dir='ltr'>in</span> <span class='ocrx_word' id='word_1_244' title='bbox 619 1886 819 1936; x_wconf 83' lang='lat' dir='ltr'>provincia</span> <span class='ocrx_word' id='word_1_245' title='bbox 862 1900 932 1924; x_wconf 86' lang='lat' dir='ltr'>sua</span> <span class='ocrx_word' id='word_1_246' title='bbox 971 1886 1197 1925; x_wconf 83' lang='lat' dir='ltr'>celebritate</span> <span class='ocrx_word' id='word_1_247' title='bbox 1235 1885 1489 1932; x_wconf 87' lang='lat' dir='ltr'>simillimum,</span> 
     </span>
     <span class='ocr_line' id='line_1_29' title="bbox 160 1950 1492 2002; baseline 0 -13"><span class='ocrx_word' id='word_1_248' title='bbox 160 1951 319 2002; x_wconf 84' lang='lat' dir='ltr'>regione</span> <span class='ocrx_word' id='word_1_249' title='bbox 358 1952 579 2002; x_wconf 81' lang='lat' dir='ltr'>proximum</span> <span class='ocrx_word' id='word_1_250' title='bbox 620 1952 757 2002; x_wconf 87' lang='lat' dir='ltr'>potuit,</span> <span class='ocrx_word' id='word_1_251' title='bbox 803 1951 946 2001; x_wconf 79' lang='lat' dir='ltr'>elegit3</span> <span class='ocrx_word' id='word_1_252' title='bbox 995 1958 1298 1990; x_wconf 88' lang='lat' dir='ltr'>monumentum</span> <span class='ocrx_word' id='word_1_253' title='bbox 1337 1950 1492 1989; x_wconf 90' lang='lat' dir='ltr'>sceleris</span> 
     </span>
     <span class='ocr_line' id='line_1_30' title="bbox 159 2014 1491 2066; baseline -0.002 -11"><span class='ocrx_word' id='word_1_254' title='bbox 159 2017 428 2066; x_wconf 85' lang='lat' dir='ltr'>audaciaeque</span> <span class='ocrx_word' id='word_1_255' title='bbox 463 2030 556 2055; x_wconf 86' lang='lat' dir='ltr'>suae</span> <span class='ocrx_word' id='word_1_256' title='bbox 587 2016 710 2055; x_wconf 78' lang='lat' dir='ltr'>voluit</span> <span class='ocrx_word' id='word_1_257' title='bbox 745 2030 830 2055; x_wconf 88' lang='lat' dir='ltr'>esse</span> <span class='ocrx_word' id='word_1_258' title='bbox 864 2016 903 2054; x_wconf 93' lang='lat' dir='ltr'>in</span> <span class='ocrx_word' id='word_1_259' title='bbox 938 2024 1155 2066; x_wconf 88' lang='lat' dir='ltr'>conspectu</span> <span class='ocrx_word' id='word_1_260' title='bbox 1191 2016 1338 2062; x_wconf 87' lang='lat' dir='ltr'>Italiae,</span> <span class='ocrx_word' id='word_1_261' title='bbox 1379 2014 1491 2054; x_wconf 88' lang='lat' dir='ltr'>vesti-</span> 
     </span>
     <span class='ocr_line' id='line_1_31' title="bbox 161 2079 1552 2132; baseline -0.001 -13"><span class='ocrx_word' id='word_1_262' title='bbox 161 2081 255 2120; x_wconf 93' lang='lat' dir='ltr'>bulo</span> <span class='ocrx_word' id='word_1_263' title='bbox 295 2081 460 2129; x_wconf 87' lang='lat' dir='ltr'>Siciliae,</span> <span class='ocrx_word' id='word_1_264' title='bbox 494 2081 826 2132; x_wconf 86' lang='lat' dir='ltr'>praetervectione</span> <span class='ocrx_word' id='word_1_265' title='bbox 857 2081 1036 2120; x_wconf 91' lang='lat' dir='ltr'>omnium</span> <span class='ocrx_word' id='word_1_266' title='bbox 1068 2081 1135 2132; x_wconf 91' lang='lat' dir='ltr'>qui</span> <span class='ocrx_word' id='word_1_267' title='bbox 1173 2082 1276 2120; x_wconf 88' lang='lat' dir='ltr'>ultro</span> <span class='ocrx_word' id='word_1_268' title='bbox 1313 2079 1490 2131; x_wconf 87' lang='lat' dir='ltr'>citroque</span> <span class='ocrx_word' id='word_1_269' title='bbox 1509 2095 1552 2127; x_wconf 83' lang='lat'>30</span> 
     </span>
    </p>
   </div>
   <div class='ocr_carea' id='block_1_7' title="bbox 160 2146 395 2197">
    <p class='ocr_par' dir='ltr' id='par_1_7' title="bbox 160 2146 395 2197">
     <span class='ocr_line' id='line_1_32' title="bbox 160 2146 395 2197; baseline 0 -13"><span class='ocrx_word' id='word_1_270' title='bbox 160 2146 395 2197; x_wconf 78' lang='lat' dir='ltr'>navigarent.</span> 
     </span>
    </p>
   </div>
   <div class='ocr_carea' id='block_1_8' title="bbox 159 2250 1489 2378">
    <p class='ocr_par' dir='ltr' id='par_1_8' title="bbox 159 2250 1489 2378">
     <span class='ocr_line' id='line_1_33' title="bbox 203 2250 1489 2292; baseline 0.001 -11"><span class='ocrx_word' id='word_1_271' title='bbox 203 2264 222 2291; x_wconf 89' lang='lat'><strong>4</strong></span> <span class='ocrx_word' id='word_1_272' title='bbox 249 2263 339 2282; x_wconf 81' lang='lat' dir='ltr'>more</span> <span class='ocrx_word' id='word_1_273' title='bbox 359 2252 546 2292; x_wconf 72' lang='lat' dir='ltr'>lVaugem&#39;us</span> <span class='ocrx_word' id='word_1_274' title='bbox 563 2264 569 2282; x_wconf 91' lang='lat'>:</span> <span class='ocrx_word' id='word_1_275' title='bbox 596 2252 729 2282; x_wconf 86' lang='lat' dir='ltr'>nomine</span> <span class='ocrx_word' id='word_1_276' title='bbox 747 2251 836 2282; x_wconf 85' lang='lat' dir='ltr'>codd.</span> <span class='ocrx_word' id='word_1_277' title='bbox 1008 2261 1045 2289; x_wconf 89' lang='lat'>14</span> <span class='ocrx_word' id='word_1_278' title='bbox 1071 2250 1156 2281; x_wconf 79' lang='lat' dir='ltr'>fretu</span> <span class='ocrx_word' id='word_1_279' title='bbox 1176 2250 1250 2282; x_wconf 73' lang='lat' dir='ltr'>Gell.</span> <span class='ocrx_word' id='word_1_280' title='bbox 1270 2250 1338 2281; x_wconf 84' lang='lat' dir='ltr'>xiii.</span> <span class='ocrx_word' id='word_1_281' title='bbox 1357 2261 1408 2287; x_wconf 82' lang='lat'>21,</span> <span class='ocrx_word' id='word_1_282' title='bbox 1429 2261 1489 2290; x_wconf 87' lang='lat'>15:</span> 
     </span>
     <span class='ocr_line' id='line_1_34' title="bbox 160 2294 1488 2335; baseline -0.001 -9"><span class='ocrx_word' id='word_1_283' title='bbox 160 2296 246 2326; x_wconf 85' lang='lat' dir='ltr'>freto</span> <span class='ocrx_word' id='word_1_284' title='bbox 266 2295 353 2325; x_wconf 66' lang='lat' dir='ltr'>corld.</span> <span class='ocrx_word' id='word_1_285' title='bbox 486 2297 524 2326; x_wconf 88' lang='lat'>16</span> <span class='ocrx_word' id='word_1_286' title='bbox 549 2296 696 2325; x_wconf 80' lang='lat' dir='ltr'>adfixum</span> <span class='ocrx_word' id='word_1_287' title='bbox 715 2295 906 2335; x_wconf 72' lang='lat' dir='ltr'>Naugerius</span> <span class='ocrx_word' id='word_1_288' title='bbox 924 2306 930 2325; x_wconf 87' lang='lat'>:</span> <span class='ocrx_word' id='word_1_289' title='bbox 956 2295 1104 2325; x_wconf 85' lang='lat' dir='ltr'>defixum</span> <span class='ocrx_word' id='word_1_290' title='bbox 1123 2294 1166 2324; x_wconf 69' lang='lat' dir='ltr'>vrk</span> <span class='ocrx_word' id='word_1_291' title='bbox 1184 2306 1190 2324; x_wconf 73' lang='grc' dir='ltr'>ε</span> <span class='ocrx_word' id='word_1_292' title='bbox 1215 2294 1317 2324; x_wconf 87' lang='lat' dir='ltr'>fixum</span> <span class='ocrx_word' id='word_1_293' title='bbox 1335 2294 1488 2325; x_wconf 75' lang='lat' dir='ltr'>Nonius:</span> 
     </span>
     <span class='ocr_line' id='line_1_35' title="bbox 159 2337 1486 2378; baseline -0.001 -9"><span class='ocrx_word' id='word_1_294' title='bbox 159 2350 198 2369; x_wconf 85' lang='lat' dir='ltr'>ca</span> <span class='ocrx_word' id='word_1_295' title='bbox 218 2339 319 2369; x_wconf 82' lang='lat' dir='ltr'>fixum</span> <span class='ocrx_word' id='word_1_296' title='bbox 340 2341 356 2368; x_wconf 83' lang='grc' dir='ltr'>δ</span> <span class='ocrx_word' id='word_1_297' title='bbox 470 2351 509 2369; x_wconf 80' lang='lat'>22</span> <span class='ocrx_word' id='word_1_298' title='bbox 533 2340 592 2370; x_wconf 85' lang='lat' dir='ltr'>sed</span> <span class='ocrx_word' id='word_1_299' title='bbox 611 2339 820 2377; x_wconf 73' lang='lat' dir='ltr'>Sevcrianus,</span> <span class='ocrx_word' id='word_1_300' title='bbox 843 2338 948 2368; x_wconf 74' lang='lat' dir='ltr'>let.</span> <span class='ocrx_word' id='word_1_301' title='bbox 972 2339 1045 2369; x_wconf 80' lang='lat' dir='ltr'>Lat.</span> <span class='ocrx_word' id='word_1_302' title='bbox 1065 2338 1149 2369; x_wconf 76' lang='lat' dir='ltr'><em>Min.</em></span> <span class='ocrx_word' id='word_1_303' title='bbox 1166 2342 1201 2378; x_wconf 83' lang='lat' dir='ltr'>p.</span> <span class='ocrx_word' id='word_1_304' title='bbox 1221 2339 1283 2377; x_wconf 84' lang='lat'>367</span> <span class='ocrx_word' id='word_1_305' title='bbox 1303 2348 1310 2367; x_wconf 74' lang='grc' dir='ltr'><em>τ</em></span> <span class='ocrx_word' id='word_1_306' title='bbox 1335 2348 1362 2368; x_wconf 91' lang='lat' dir='ltr'>c.</span> <span class='ocrx_word' id='word_1_307' title='bbox 1382 2347 1406 2369; x_wconf 85' lang='grc' dir='ltr'>Γ.</span> <span class='ocrx_word' id='word_1_308' title='bbox 1426 2337 1486 2368; x_wconf 90' lang='lat' dir='ltr'>sed</span> 
     </span>
    </p>
   </div>
   <div class='ocr_carea' id='block_1_9' title="bbox 155 2382 1104 2423">
    <p class='ocr_par' dir='ltr' id='par_1_9' title="bbox 155 2382 1104 2423">
     <span class='ocr_line' id='line_1_36' title="bbox 155 2382 1104 2423; baseline -0.001 -11"><span class='ocrx_word' id='word_1_309' title='bbox 155 2383 237 2423; x_wconf 80' lang='lat' dir='ltr'>prk:</span> <span class='ocrx_word' id='word_1_310' title='bbox 262 2384 370 2414; x_wconf 87' lang='lat' dir='ltr'>civem</span> <span class='ocrx_word' id='word_1_311' title='bbox 391 2383 583 2414; x_wconf 82' lang='lat' dir='ltr'>Romanum</span> <span class='ocrx_word' id='word_1_312' title='bbox 601 2383 660 2413; x_wconf 88' lang='lat' dir='ltr'>scd</span> <span class='ocrx_word' id='word_1_313' title='bbox 677 2382 746 2413; x_wconf 80' lang='lat' dir='ltr'><em>cdd.</em></span> <span class='ocrx_word' id='word_1_314' title='bbox 883 2383 924 2412; x_wconf 81' lang='lat'>28</span> <span class='ocrx_word' id='word_1_315' title='bbox 949 2382 1042 2421; x_wconf 78' lang='lat' dir='ltr'>eligit</span> <span class='ocrx_word' id='word_1_316' title='bbox 1062 2382 1104 2411; x_wconf 65' lang='lat' dir='ltr'>vrk</span> 
     </span>
    </p>
   </div>
  </div>
 </body>
</html>
