1715 2734
116 814 153 835 10

110 1463 149 1484 20

107 1785 146 1816 25

179 104 446 143 ACTIONIS
467 105 528 143 IN
550 104 594 143 C.
617 105 858 142 VERREM
880 103 1176 143 SECVNDAE
1198 104 1301 141 LIB.
1327 103 1386 141 IV
1446 103 1502 149 64
1524 117 1586 149 ¹44

178 215 364 266 scriptum
395 229 479 254 esse
508 215 584 254 ita:
615 227 726 260 QVOD
757 227 791 253 1s
813 226 951 253 VIRGIS
982 226 1181 252 NEM1NEM
1212 225 1502 251 CECIDISSET—

176 294 198 319 a
220 294 299 330 quo
320 280 518 331 cognostis
540 279 805 319 nobilissimos
822 279 1002 317 homines
1024 281 1141 328 atque
1158 277 1501 316 innocentissimos

177 345 300 383 securi
336 359 421 384 esse
450 358 682 395 percussos,
712 357 824 389 QVOD
854 355 1109 382 VIGILANTER
1141 354 1401 381 PROVlNCIAM
1431 354 1501 379 AD-

177 409 668 448 MINISTRASSET—-cuius
717 409 845 448 omnis
884 408 1031 458 vigilias
1081 407 1120 445 in
1167 407 1308 457 stupris
1347 414 1500 444 constat

175 475 454 524 adulteriisque
488 488 572 513 esse
607 482 888 525 consumptas3
930 472 1059 526 [cuius
1087 473 1197 511 modi
1225 479 1389 518 constat,
1423 473 1499 509 hoc

174 553 266 577 vero
295 539 482 589 scriptum
513 554 607 586 esse,
631 541 740 590 quod
770 541 939 589 proferre
968 552 1049 577 non
1078 539 1238 576 auderet
1268 550 1365 584 reus,
1388 550 1500 574 accu-

174 610 277 640 sator
305 602 465 640 recitare
491 616 570 641 non
599 600 811 655 desineret]
839 614 950 646 QVOD
981 614 1229 640 PRAEDONES
1258 614 1418 641 PROCVL
1447 616 1498 641 AB

178 678 326 703 INSVLA
356 668 510 704 SICILIA
540 679 837 705 PROHissvissm
865 665 1229 719 [VERREs]—-quos
1256 668 1373 706 etiam
1401 668 1497 707 intra

175 732 457 780 Syracusanam
479 730 645 768 insulam
667 731 887 781 recepisset.

228 796 340 834 Haec
373 804 629 846 posteaquam
662 809 707 834 ex
739 796 813 834 illis
844 797 1021 847 cognovi,
1057 798 1217 837 discessi
1255 812 1345 836 cum
1384 799 1498 836 fratre

173 874 195 898 e
223 861 339 908 curia,
371 868 413 898 ut
442 860 557 898 nobis
586 861 825 909 absentibus,
858 862 889 900 si
919 862 1014 912 quid
1044 865 1197 909 vellent,
1230 858 1497 901 decernerent.

173 927 401 963 Decernunt
430 925 560 963 statim
589 925 757 975 primum
788 934 829 964 ut
859 941 949 965 cum
979 929 1104 966 Lucio
1137 929 1250 966 fratre
1283 928 1496 978 hospitium
1516 932 1570 979 65

173 990 329 1040 publice
350 991 468 1036 fieret,
491 991 600 1039 quod
621 990 651 1028 is
673 992 840 1029 eandem
862 994 1103 1031 voluntatem
1126 1006 1214 1042 erga
1235 995 1497 1042 Syracusanos

173 1055 406 1105 suscepisset
440 1069 558 1104 quam
592 1068 664 1105 ego
699 1069 852 1105 semper
883 1057 1120 1095 habuissem.
1181 1059 1229 1096 Id
1260 1072 1341 1096 non
1377 1060 1497 1098 modo

173 1128 255 1158 turn
283 1120 530 1170 scripserunt,
553 1134 687 1159 verum
718 1121 835 1159 etiam
866 1121 905 1159 in
925 1135 1013 1161 aere
1043 1123 1209 1161 incisum
1240 1124 1354 1162 nobis
1384 1125 1498 1163 tradi-

172 1186 322 1223 derunt.
401 1187 528 1224 Valde
567 1187 725 1224 hercule
765 1194 802 1224 te
842 1188 1072 1236 Syracusani
1113 1188 1180 1235 tui,
1222 1202 1320 1238 quos
1360 1190 1496 1228 crebro

171 1263 480 1288 commemorare
510 1251 622 1298 soles,
647 1250 824 1301 diligunt,
848 1252 915 1301 qui
943 1266 1032 1290 cum
1059 1261 1286 1292 accusatore
1311 1262 1379 1293 tuo
1404 1255 1495 1293 satis

171 1315 311 1353 iustam
332 1329 490 1353 causam
512 1315 812 1365 coniungendae
839 1317 1139 1356 necessitudinis
1170 1327 1308 1369 putant
1329 1323 1436 1370 quod
1458 1329 1496 1360 te

169 1388 421 1418 accusaturus
450 1380 498 1418 sit
528 1388 565 1419 et
595 1382 704 1430 quod
736 1381 966 1431 inquisitum
1001 1383 1040 1421 in
1069 1391 1107 1422 te
1136 1385 1292 1424 venerit.
1354 1388 1495 1425 Postea

169 1445 401 1492 decernitur,
433 1459 479 1484 ac
513 1459 593 1484 non
622 1446 726 1484 varie
761 1448 830 1485 sed
859 1461 981 1498 prope
1016 1450 1167 1488 cunctis
1202 1452 1415 1499 sententiis,
1453 1460 1494 1491 ut

169 1511 342 1549 laudatio
363 1525 464 1561 quae
485 1512 528 1551 C.
552 1511 663 1550 Verri
684 1513 841 1551 decreta
870 1521 972 1552 esset
997 1516 1205 1553 tolleretur.
1266 1517 1313 1554 In
1335 1530 1382 1555 eo
1403 1531 1492 1555 cum
1516 1521 1577 1562 146

168 1574 244 1613 iam
272 1589 352 1614 non
380 1579 506 1615 solum
531 1577 720 1616 discessio
748 1579 849 1616 facta
870 1587 982 1626 esset,
1006 1581 1076 1618 sed
1097 1580 1214 1618 etiam
1236 1582 1492 1633 perscriptum

166 1649 285 1691 atque
324 1642 363 1679 in
408 1643 560 1680 tabulas
599 1644 775 1689 relatum,
816 1651 970 1693 praetor
1013 1647 1240 1695 appellatur.
1315 1649 1367 1684 At
1405 1647 1492 1697 quis

167 1708 367 1757 appellat?
413 1707 659 1757 magistratus
690 1708 844 1758 aliqui?
901 1710 1043 1748 Nemo.
1103 1712 1298 1750 Senator?
1354 1713 1417 1750 Ne
1451 1712 1491 1750 id

167 1772 339 1822 quidem.
413 1774 743 1822 Syracusanorum
783 1774 934 1824 aliqui?
992 1774 1170 1813 Minime.
1245 1776 1343 1825 Quis
1377 1777 1491 1826 igitur

166 1845 383 1887 praetorem
414 1839 615 1888 appellat?
672 1839 752 1888 Qui
782 1847 966 1890 quaestor
992 1840 1102 1878 istius
1129 1842 1263 1888 fuerat,
1287 1844 1327 1880 P.
1351 1843 1491 1881 Caese-

165 1903 250 1941 tius.
308 1903 344 1941 O
366 1916 446 1941 rem
468 1902 671 1942 ridiculam
693 1907 699 1942 1
729 1918 754 1942 o
775 1906 973 1944 desertum
997 1906 1210 1954 hominem,
1228 1908 1487 1956 desperatum,

163 1968 340 2006 relictum
361 1971 367 2006 ἕ
408 1970 444 2006 A
465 1969 690 2018 magistratu
712 1970 857 2019 Siculo,
879 1985 928 2009 ne
950 1979 1107 2010 senatus
1130 1973 1352 2010 consultum
1371 1973 1489 2011 Siculi

162 2033 342 2071 homines
377 2033 502 2072 facere
537 2041 710 2084 possent,
742 2049 792 2074 ne
824 2049 939 2074 suum
978 2036 1038 2075 ius
1073 2036 1151 2075 suis
1191 2037 1375 2083 moribus,
1410 2038 1488 2076 suis

1519 767 1607 817 (65)

1520 836 1580 867 145

210 2147 223 2166 1
251 2146 327 2166 esse
345 2135 390 2167 ed.
410 2135 649 2177 Hewagiana:
684 2144 734 2170 est
750 2138 834 2170 RS&
931 2143 1018 2179 quod
1044 2142 1106 2173 iste
1128 2155 1149 2172 π
1165 2142 1208 2172 al.
1351 2153 1370 2183 5
1395 2143 1486 2174 adul-

162 2180 319 2219 teriisque
331 2182 390 2219 prb
405 2192 412 2210 z
436 2191 498 2211 om.
519 2180 612 2211 st
711 2193 772 2223 5-7
793 2183 896 2214 Verba
910 2184 1004 2214 cuius
1022 2184 1112 2214 modi
1130 2190 1282 2217 constat.
1301 2210 1307 2217 .
1322 2211 1329 2218 .
1344 2186 1485 2217 recitare

162 2233 228 2253 non
247 2223 414 2259 desiperet
433 2223 491 2255 del.
511 2224 617 2255 Halm
749 2227 769 2255 8
793 2226 917 2257 Verres
934 2227 993 2258 dcl.
1013 2228 1121 2258 Halm
1253 2239 1274 2267 9
1299 2231 1484 2269 recepisset

162 2264 225 2296 RS
239 2271 268 2295 et
284 2267 347 2296 rell.
372 2267 549 2301 (Zielinski,
564 2273 598 2307 p.
612 2269 686 2308 197')
706 2280 712 2298 :
736 2271 865 2309 recepit
882 2269 998 2309 Halm,
1018 2271 1086 2302 edd.
1183 2283 1220 2302 12
1245 2283 1317 2303 cum
1335 2274 1435 2304 fratre
1449 2274 1484 2304 L.

161 2308 220 2338 Sw
362 2312 403 2339 26
427 2311 523 2341 istius
541 2311 594 2350 Rp
611 2323 617 2341 :
650 2311 738 2342 illius
755 2311 819 2342 SD
838 2315 869 2353 (ξ
890 2315 965 2352 140)
1094 2314 1130 2346 P.
1151 2315 1284 2353 Jordan
1301 2328 1317 2346 e
1340 2328 1370 2349 v.
1392 2319 1460 2357 §63
1478 2329 1484 2347 :

162 2352 202 2383 G.
220 2352 272 2382 R:
300 2353 337 2383 S.
355 2353 440 2383 SD:
465 2365 528 2384 om.
552 2356 566 2383 ὗ
699 2366 738 2394 27
766 2367 785 2385 o
803 2357 1016 2395 desperatum
1034 2368 1072 2388 ac
1090 2358 1242 2389 relictum
1261 2362 1304 2399 ρδ
