1715 2734
198 129 465 169 ACTIONIS
496 131 557 168 IN
587 131 632 169 C.
656 131 896 168 VERREM
927 131 1223 171 SECVNDAE
1255 133 1359 169 LIB.
1381 133 1418 168 V
1479 139 1521 179 17
1540 147 1582 178 43

254 243 355 279 Rem
385 243 562 280 navalem
587 241 756 291 primum
786 241 838 280 ita
867 243 957 281 dico
987 255 1071 280 esse
1097 242 1418 289 administratam,
1440 255 1520 280 non

196 306 251 343 uti
282 305 482 355 provincia
513 307 798 353 defenderetur,
827 308 896 345 sed
925 307 980 345 uti
1009 307 1142 345 classis
1170 307 1330 345 nomine
1355 306 1522 357 pecunia

196 379 454 420 quaereretur.
514 371 764 421 Superiorum
786 379 1007 421 praetorum
1030 374 1278 410 consuetudo
1303 386 1393 410 cum
1425 373 1522 410 haec

196 435 341 483 fuisset,
374 444 415 474 ut
450 449 568 474 naves
600 436 822 474 civitatibus
857 445 1064 487 certusque
1100 450 1284 475 numerus
1315 445 1521 475 nautarum

158 516 174 546 5
197 500 444 550 militumque
466 501 728 551 imperaretur,
754 500 945 539 maximae
966 510 1004 539 et
1025 501 1355 551 locupletissimae
1376 500 1523 539 civitati

199 564 458 603 Mamertinae
486 566 581 603 nihil
616 567 756 603 horum
787 565 1033 615 imperavisti.
1093 567 1159 605 Ob
1189 567 1290 605 hanc
1320 579 1400 604 rem
1427 566 1522 615 quid

197 630 267 669 tibi
298 630 526 669 Mamertini
556 632 655 668 clam
687 631 877 680 pecuniae
907 631 1098 678 dederint,
1122 639 1221 682 post,
1253 631 1285 669 si
1315 631 1519 676 videbitur,

196 708 243 732 ex
285 696 457 745 ipsorum
496 695 631 733 litteris
663 695 907 746 testibusque
939 710 1182 746 quaeremus.
1244 698 1398 734 Navem
1430 709 1523 734 vero
1541 713 1583 744 44

196 760 385 809 cybaeam
417 759 627 798 maximam
669 761 833 799 triremis
872 763 1001 808 instar,
1044 760 1364 814 [pulcherrimam
1404 769 1522 811 atque

141 842 180 863 10
198 825 485 864 ornatissimam
513 824 730 878 cybaeam]‚
752 828 881 876 palam
902 828 1149 866 aedificatam
1178 834 1337 876 sumptu
1362 826 1523 876 publico

198 898 267 928 tuo
300 892 472 938 nomine,
502 890 670 940 publice,
699 891 846 929 sciente
878 899 960 929 tota
992 891 1132 938 Sicilia,
1162 905 1230 941 per
1255 891 1522 941 magistratum

197 964 457 1006 senatumque
479 956 760 994 Mamertinum
782 956 852 995 tibi
872 958 1004 995 datam
1026 958 1294 1007 donatamque
1312 971 1398 996 esse
1419 959 1521 996 dico.

200 1022 313 1059 Haec
351 1022 460 1059 navis
499 1028 640 1059 onusta
678 1022 823 1071 praeda
869 1021 1070 1068 Siciliensi,
1114 1036 1204 1060 cum
1244 1023 1327 1071 ipsa
1365 1036 1525 1072 quoque

198 1094 299 1124 esset
324 1100 370 1124 ex
400 1087 554 1136 praeda,
576 1085 690 1124 simul
718 1100 808 1124 cum
836 1087 919 1136 ipse
939 1087 1157 1133 decederet,
1180 1087 1346 1136 adpulsa
1370 1086 1523 1125 Veliam

143 1169 178 1200 15
199 1160 257 1189 est
277 1165 367 1190 cum
385 1151 560 1202 plurimis
582 1153 708 1199 rebus,
731 1160 769 1190 et
789 1151 835 1190 iis
856 1164 953 1201 quas
974 1153 1046 1190 iste
1066 1153 1238 1189 Romam
1261 1152 1412 1190 mittere
1432 1166 1523 1190 cum

198 1218 335 1255 ceteris
358 1216 468 1255 furtis
489 1218 628 1264 noluit,
648 1217 757 1266 quod
779 1224 887 1254 erant
908 1215 1145 1254 clarissimae
1165 1217 1413 1265 maximeque
1431 1230 1523 1254 eum

198 1282 459 1321 delectabant.
515 1283 613 1319 Eam
628 1295 767 1319 navem
781 1294 905 1331 nuper
919 1288 1074 1330 egomet
1090 1280 1169 1318 vidi
1184 1281 1319 1318 Veliae
1333 1281 1524 1329 multique

198 1348 263 1386 alii
296 1350 488 1396 viderunt,
521 1346 823 1398 pulcherrimam
857 1354 976 1396 atque
1017 1346 1316 1393 ornatissimam,
1350 1345 1523 1384 iudices:

200 1427 301 1463 quae
321 1413 483 1463 quidem
508 1412 693 1451 omnibus
714 1411 781 1460 qui
806 1423 892 1449 eam
917 1418 1146 1460 aspexerant
1171 1416 1419 1460 prospectare
1445 1411 1522 1448 iam

141 1496 182 1518 20
200 1479 378 1517 exsilium
399 1486 517 1528 atque
538 1479 736 1527 explorare
757 1477 887 1525 fugam
909 1475 1060 1514 domini
1076 1475 1291 1514 videbatur.

253 1545 362 1591 Quid
393 1544 489 1582 mihi
520 1545 596 1581 hoc
626 1545 715 1580 loco
746 1541 1033 1592 respondebis?
1076 1540 1149 1578 nisi
1188 1542 1286 1579 forte
1323 1540 1364 1579 id
1401 1541 1520 1590 quod,

199 1610 353 1648 tametsi
383 1608 538 1660 probari
567 1610 676 1646 nullo
705 1609 826 1645 modo
855 1614 995 1656 potest,
1027 1614 1158 1644 tamen
1188 1605 1265 1644 dici
1295 1605 1456 1655 quidem
1484 1605 1523 1642 in

200 1675 346 1713 iudicio
375 1676 426 1713 de
455 1675 631 1724 pecuniis
660 1671 887 1722 repetundis
917 1685 1077 1709 necesse
1107 1678 1175 1718 est,
1198 1672 1248 1709 de
1273 1678 1339 1708 tua
1358 1670 1526 1720 pecunia

201 1739 448 1778 aedificatam
483 1752 567 1777 esse
598 1751 748 1775 navem.
809 1737 925 1774 Aude
964 1737 1039 1773 hoc
1073 1737 1210 1773 saltem
1249 1735 1379 1773 dicere
1417 1736 1525 1784 quod

143 1823 181 1854 25
203 1818 363 1843 necesse
384 1812 441 1842 est
460 1818 470 1851 3
498 1803 579 1841 noli
596 1811 778 1849 metuere,
800 1801 1001 1848 Hortensi,
1021 1815 1070 1839 ne
1091 1800 1362 1850 quaeramqui
1377 1800 1526 1839 licuerit

202 1871 409 1909 aedificare
430 1883 569 1907 navem
590 1869 758 1908 senatori
775 1883 785 1915 ,·
814 1869 999 1917 antiquae
1021 1874 1111 1903 sunt
1132 1867 1226 1903 istae
1247 1867 1350 1914 leges
1370 1873 1408 1903 et
1429 1879 1527 1903 mor-

203 1944 304 1983 tuae,
327 1948 445 1985 quem
473 1935 525 1972 ad
555 1935 718 1972 modum
749 1942 790 1971 tu
820 1935 921 1971 soles
951 1932 1091 1978 dicere,
1115 1944 1215 1980 quae
1236 1938 1375 1969 vetant.
1439 1930 1527 1968 Fuit

205 2002 277 2039 ista
314 2014 373 2038 res
412 1999 570 2050 publica
603 2000 817 2048 quondam,
854 1997 924 2035 fuit
960 1997 1032 2034 ista
1063 1995 1245 2034 severitas
1281 1995 1321 2032 in
1361 1995 1525 2042 iudiciis,

204 2073 247 2103 ut
278 2065 394 2103 istam
420 2077 503 2102 rem
531 2070 735 2101 accusator
763 2062 802 2099 in
834 2060 983 2111 magnis
1013 2059 1241 2098 criminibus
1276 2059 1527 2098 obiciendam

1541 1512 1585 1548 18

1541 1581 1582 1612 45

247 2182 267 2210 9
291 2181 330 2209 c)
324 2170 450 2200 baeam
469 2167 527 2198 dcl.
548 2167 647 2196 Klots
811 2176 896 2205 9-10
922 2164 1183 2204 pulcherrimam
1202 2188 1209 2195 .
1229 2164 1444 2202 ..cybaeam
1461 2175 1527 2196 om.

205 2214 287 2244 lla!
283 2227 325 2252 ll
340 2213 504 2243 Zalinski.
518 2211 585 2241 semel
599 2209 710 2239 MueN
741 2209 759 2238 l
779 2209 931 2248 18ιιιβα)
1026 2219 1064 2238 10
1090 2209 1250 2246 cybaeam
1263 2219 1328 2238 om
1342 2209 1404 2247 p1k
1497 2218 1529 2237 11

204 2263 261 2288 tuo
281 2258 413 2288 nomine
432 2255 563 2295 publice
581 2264 644 2283 om.
664 2252 741 2292 prk&
862 2262 923 2291 per
941 2252 1239 2290 magistratumque
1257 2250 1320 2281 RS
1338 2252 1396 2290 (iv,
1418 2254 1432 2288 ξ
1457 2252 1530 2289 103)

208 2312 245 2340 14
271 2302 342 2340 ipse
362 2299 444 2329 RS:
469 2299 531 2328 iste
544 2299 586 2345 pb
721 2305 757 2333 15
783 2295 845 2325 iste
862 2294 945 2324 RS:
972 2300 1049 2325 ante
1065 2296 1106 2334 756
1123 2295 1212 2324 Nolcl
1328 2295 1365 2323 16
1389 2294 1530 2324 clarissi

206 2355 278 2374 mae
296 2343 414 2373 RSW:
439 2341 631 2372 carissimae
644 2340 686 2378 pS
703 2338 772 2368 edd
916 2348 956 2376 24
985 2338 1047 2368 iam
1068 2348 1185 2367 navem
1200 2342 1244 2376 p:
1271 2348 1342 2368 eam
1361 2348 1477 2367 navem
1497 2339 1530 2369 6:

206 2398 327 2418 navem
337 2386 396 2417 del
410 2384 579 2415 Eberlzmd
666 2392 706 2421 25
724 2382 774 2411 cui
789 2381 919 2412 licuerit
932 2380 995 2411 RS
1085 2382 1126 2410 26
1143 2382 1291 2411 senatori
1305 2381 1363 2411 del.
1380 2380 1533 2411 Zielinski

255 2444 315 2465 cic.
336 2443 413 2462 VER.
1404 2432 1443 2460 26
