1715 2734
140 121 408 161 ACTIONIS
430 120 490 158 IN
512 120 558 158 C.
579 119 821 157 VERREM
843 118 1141 158 SECVNDAE
1163 119 1267 156 LIB.
1292 119 1350 156 IV
1423 127 1466 154 21
1485 129 1529 165 47

139 230 219 270 Hic
246 243 345 280 quos
377 227 520 278 putatis
548 228 661 266 fletus
687 227 904 275 mulierum,
928 240 1024 277 quas
1053 226 1353 265 lamentationes
1383 226 1465 264 fieri

136 295 267 333 solitas
293 307 377 333 esse
402 293 441 331 in
471 293 579 331 hisce
606 293 752 331 rebus?
781 306 882 342 quae
909 292 1067 330 forsitan
1088 291 1199 329 vobis
1220 305 1360 341 parvae
1380 305 1465 330 esse

135 360 350 405 videantur,
384 359 453 397 sed
488 371 674 408 magnum
706 365 745 396 et
778 358 963 396 acerbum
993 358 1170 396 dolorem
1200 363 1463 403 commovent,

134 423 371 463 mulierculis
394 422 631 474 praesertim,
655 436 745 460 curn
772 421 985 472 eripiuntur
1006 435 1027 459 e
1049 420 1229 459 manibus
1255 434 1301 458 ea
1321 420 1464 470 quibus

96 503 113 533 5
133 490 183 527 ad
208 503 267 527 res
297 488 448 527 divinas
469 487 525 526 uti
547 494 796 534 consuerunt,
821 500 921 536 quae
942 500 964 524 a
985 485 1063 524 suis
1092 492 1339 536 acceperunt,
1363 499 1463 535 quae

135 553 173 591 in
196 553 341 591 familia
362 567 517 603 semper
537 554 704 591 fuerunt.

188 617 268 655 Hic
289 617 409 656 nolite
431 625 655 667 exspectare
677 619 771 656 dum
798 631 870 667 ego
902 618 998 655 haec
1026 616 1189 670 crim-ina
1212 629 1323 666 agam
1351 615 1464 654 ostia-

133 682 213 729 tim,
246 682 296 720 ab
332 683 529 731 Aeschylo
569 682 838 731 Tyndaritano
877 681 993 720 istum
1033 689 1206 732 pateram
1244 680 1462 726 abstulisse,

132 760 154 784 a
192 747 397 784 Thrasone
438 746 530 784 item
570 746 840 796 Tyndaritano
878 747 1074 796 patellam,
1114 760 1137 783 a
1176 746 1464 794 Nymphodoro

75 827 114 848 10
133 810 389 861 Agrigentino
419 810 643 849 turibulum.
705 812 807 850 Cum
841 810 948 848 testis
975 824 1021 848 ex
1052 809 1182 849 Sicilia
1205 811 1322 856 dabo,
1345 824 1464 860 quem

132 877 237 914 volet
268 875 331 914 ille
361 875 476 926 eligat
504 890 621 926 quem
653 889 726 926 ego
761 875 994 926 interrogem
1029 876 1079 914 de
1110 874 1272 925 patellis,
1310 875 1462 925 pateris,

133 940 335 979 turibulis:
385 954 465 978 non
512 942 632 979 modo
673 940 865 990 oppidum
912 941 1074 987 nullum,
1115 941 1185 979 sed
1228 954 1277 978 ne
1320 941 1462 978 domus

132 1006 293 1056 quidem
322 1008 399 1045 ulla
430 1009 550 1058 paulo
581 1006 812 1057 locupletior
843 1020 978 1057 expers
1013 1006 1127 1045 huius
1159 1006 1321 1045 iniuriae
1352 1020 1462 1057 repe-

132 1070 258 1109 rietur.
319 1073 398 1120 Qui
424 1086 514 1110 cum
548 1072 586 1109 in
619 1071 843 1110 convivium
871 1071 1052 1118 venisset,
1081 1071 1111 1109 si
1139 1071 1351 1122 quicquam
1381 1085 1461 1110 cae-

76 1152 112 1182 15
131 1135 197 1173 lati
244 1144 457 1186 aspexerat,
505 1149 644 1174 manus
706 1136 914 1181 abstinere,
957 1135 1117 1182 iudices
1170 1150 1250 1174 non
1298 1144 1461 1186 poterat.

132 1201 205 1239 Cn.
230 1201 442 1251 Pompeius
467 1209 536 1248 est,
561 1201 675 1239 Philo
705 1200 772 1251 qui
794 1201 876 1247 fuit,
900 1200 1201 1250 Tyndaritanus.
1263 1202 1301 1239 Is
1323 1215 1462 1240 cenam

130 1266 193 1304 isti
240 1268 360 1305 dabat
416 1268 523 1317 apud
569 1266 700 1304 villam
746 1266 785 1304 in
835 1266 1115 1316 Tyndaritano.
1194 1266 1302 1305 Fecit
1353 1269 1462 1316 quod

131 1331 251 1370 Siculi
284 1346 363 1370 non
396 1332 621 1380 audebant3
651 1331 726 1378 ille,
760 1331 854 1370 civis
891 1333 1097 1370 Romanus
1127 1332 1235 1381 quod
1267 1339 1357 1379 erat,
1396 1332 1462 1370 im-

132 1396 275 1446 punius
309 1396 349 1435 id
374 1410 414 1435 se
445 1398 637 1435 facturum
674 1396 849 1447 putavit3
887 1396 1071 1446 adposuit
1102 1398 1285 1446 patellam
1316 1397 1355 1435 in
1385 1412 1463 1447 qua

73 1474 114 1498 20
133 1460 257 1510 sigilla
285 1469 393 1500 erant
423 1461 585 1512 egregia.
646 1463 726 1500 Iste
752 1461 942 1500 continuo
970 1469 1010 1499 ut
1031 1460 1138 1507 vidit,
1166 1475 1244 1500 non
1270 1462 1463 1500 dubitavit

132 1525 228 1565 illud
250 1526 401 1577 insigne
422 1527 623 1577 penatium
650 1525 983 1576 hospitaliumque
1009 1527 1172 1567 deorum
1204 1541 1249 1564 ex
1280 1527 1462 1577 hospitali

132 1605 267 1630 mensa
299 1594 446 1640 tollere,
472 1594 541 1631 sed
572 1600 714 1639 tamen,
744 1593 852 1642 quod
881 1599 972 1630 ante
1007 1593 1056 1630 de
1084 1591 1193 1630 istius
1227 1592 1462 1631 abstinentia

130 1655 314 1703 dixeram,
340 1657 471 1707 sigillis
492 1657 634 1695 avulsis
657 1657 848 1707 reliquum
878 1664 1080 1706 argentum
1103 1656 1185 1695 sine
1208 1658 1284 1694 ulla
1304 1657 1462 1695 avaritia

130 1721 310 1760 reddidit.
353 1722 491 1770 Quid?
531 1724 753 1772 Eupolemo
768 1721 983 1768 Calactino,
1003 1722 1151 1759 homini
1171 1722 1303 1768 nobili,
1323 1724 1461 1760 Lucul-
1480 1730 1523 1761 49

71 1804 110 1835 25
131 1787 256 1824 lorum
279 1786 422 1837 hospiti
444 1801 489 1825 ac
511 1787 768 1837 perfamiliari,
792 1787 857 1836 qui
886 1800 990 1824 nunc
1010 1787 1116 1836 apud
1137 1787 1347 1825 exercitum
1369 1801 1459 1825 cum

131 1853 173 1889 L.
212 1853 379 1890 Lucullo
418 1860 485 1898 est,
527 1866 606 1890 non
647 1851 752 1890 idem
791 1852 910 1890 fecit?
985 1851 1163 1890 Cenabat
1201 1852 1307 1901 apud
1345 1865 1461 1900 eum3

129 1925 332 1966 argentum
369 1918 431 1955 ille
470 1924 643 1955 ceterum
684 1930 823 1967 purum
863 1918 1110 1966 adposuerat,
1144 1931 1193 1955 ne
1228 1931 1345 1966 purus
1378 1917 1460 1967 ipse

129 1981 420 2032 relinqueretur,
450 1983 531 2020 duo
565 1983 707 2032 pocula
738 1995 817 2020 non
854 1995 1009 2032 magna,
1037 1996 1169 2020 verum
1200 1982 1336 2020 'tamen
1367 1996 1458 2021 cum

129 2047 376 2085 emblemate.
430 2046 509 2084 Hic
530 2054 730 2096 tamquam
750 2045 930 2085 festivum
953 2060 1143 2092 acroama,
1165 2060 1213 2084 ne
1235 2046 1317 2085 sine
1338 2049 1459 2085 corol-

1483 597 1534 624 22

1482 648 1524 688 48

22 2097 24 2142 ἶ
70 2126 110 2156 30
129 2111 223 2150 lario
253 2113 302 2149 de
333 2111 513 2149 convivio
547 2111 776 2151 discederet,
800 2111 947 2150 ibidem
982 2111 1156 2149 convivis
1191 2112 1457 2161 spectantibus

129 2177 365 2214 emblemata
386 2177 589 2215 evellenda
610 2175 767 2214 curavit.

185 2242 325 2290 Neque
357 2254 429 2291 ego
464 2254 569 2279 nunc
608 2240 717 2279 istius
753 2242 853 2279 facta
887 2243 1019 2279 omnia
1058 2255 1285 2280 enumerare
1324 2256 1455 2290 conor,

129 2317 257 2354 neque
288 2319 386 2355 opus
419 2313 476 2344 est
508 2319 580 2344 nec
613 2306 693 2344 fieri
721 2307 801 2343 ullo
829 2307 949 2343 modo
978 2314 1130 2355 potest:
1162 2314 1311 2344 tantum
1342 2308 1457 2345 unius

173 2419 191 2438 2
217 2419 318 2448 parva
335 2408 441 2438 Halm
534 2419 549 2446 7
577 2409 714 2438 crimina
732 2409 886 2448 indagem
904 2408 947 2440 K.
968 2409 1094 2439 Busche
1184 2420 1219 2440 11
1246 2411 1289 2441 de
1306 2411 1451 2450 patellis,

130 2453 265 2492 pateris,
286 2452 437 2482 turibulis
454 2451 510 2482 del.
529 2451 659 2490 Eberlz„
678 2452 767 2481 Nolzl
900 2462 936 2490 13
961 2453 1050 2482 nulla
1069 2452 1133 2483 RS
1252 2465 1291 2493 24
1317 2455 1454 2485 incolio-

131 2505 202 2526 rum
218 2496 251 2526 R
382 2505 423 2534 32
449 2495 535 2525 furta
551 2496 631 2526 coni.
651 2495 885 2533 Luta-bachen
911 2496 947 2534 cs.
970 2499 1006 2534 ξς
1025 2498 1080 2534 60,
1098 2506 1139 2535 97
