1715 2734
129 132 398 171 ACTIONIS
420 133 480 170 IN
502 133 546 171 C.
569 133 811 170 VERREM
834 133 1132 172 SECVNDAE
1154 134 1257 171 LIB.
1282 133 1348 171 III
1398 141 1451 180 97
1476 139 1536 171 226

127 240 258 280 Sicilia
285 240 316 279 si
344 240 424 290 agri
445 241 659 278 cultionem
684 240 883 278 sustuleris
905 248 942 278 et
963 240 993 278 si
1020 247 1214 279 aratorum
1243 254 1451 280 numerum

125 319 172 344 ac
202 319 348 344 nomen
373 304 598 343 exstinxeris
616 306 632 342 ?
688 304 797 354 Quid
829 312 961 343 autem
982 312 1112 354 potest
1133 318 1218 343 esse
1238 305 1278 343 in
1300 306 1454 344 calami-

126 377 204 409 tate
224 369 369 409 residui
389 370 498 419 quod
528 383 608 407 non
637 370 688 407 ad
709 369 871 408 miseros
898 376 1068 407 aratores
1089 368 1164 406 isto
1187 377 1365 419 praetore
1385 384 1454 420 per

125 448 321 473 summam
341 433 521 472 iniuriam
549 433 887 484 ignominiamque
908 433 1153 483 pervenerit?
1185 433 1339 483 quibus,
1363 449 1453 473 cum

90 514 105 545 5
125 502 312 540 decumas
340 500 434 538 dare
462 498 663 545 deberent,
696 498 757 536 vix
787 498 880 549 ipsis
917 500 1108 537 decumae
1145 498 1301 537 relictae
1339 508 1454 547 sunt;

124 579 214 604 cum
245 564 413 615 pecunia
432 564 654 611 deberetur,
675 565 802 602 soluta
822 577 902 602 non
924 571 981 602 est
999 578 1009 611 ,·
1039 577 1129 601 cum
1163 563 1312 614 optima
1343 565 1453 604 aesti-

124 629 297 669 matione
328 636 485 668 senatus
516 630 755 667 frumentum
786 642 853 667 eos
881 628 921 666 in
952 630 1091 667 cellam
1133 630 1226 667 dare
1253 630 1450 677 voluisset,
1474 658 1530 706 98

122 693 241 733 etiam
261 693 521 732 instrumenta
540 707 719 744 agrorum
741 694 912 732 vendere
937 693 1063 732 coacti
1093 701 1193 732 sunt.
1255 694 1347 733 Dixi
1374 695 1450 734 iarn
1475 728 1536 762 227

121 766 250 805 antea,
270 758 430 804 iudices,
460 765 502 795 ut
532 759 601 796 has
631 757 759 796 omnis
790 757 948 796 iniurias
979 758 1133 805 tollatis,
1163 766 1294 797 tamen
1325 759 1450 810 ipsam

67 837 103 859 ιο
121 824 312 861 rationem
350 822 485 861 arandi
517 836 587 872 spe
618 822 739 872 magis
780 830 818 861 et
850 822 1094 861 iucunditate
1125 825 1296 873 quadam
1331 838 1450 874 quam

120 889 246 926 fructu
285 896 404 937 atque
443 889 713 926 emolumento
751 887 884 926 teneri.
954 888 1112 926 Etenim
1159 890 1211 927 ad
1258 889 1451 929 incertum

120 966 253 991 casum
275 960 313 991 et
333 960 519 991 eventum
541 960 668 990 certus
694 952 905 1002 quotannis
934 954 1043 991 labor
1064 961 1102 991 et
1123 962 1250 992 certus
1271 962 1451 1004 sumptus

120 1018 369 1068 impenditur.
420 1020 593 1056 Annona
613 1032 729 1068 porro
750 1018 917 1068 pretium
940 1018 1013 1056 nisi
1035 1019 1074 1056 in
1095 1019 1316 1058 calamitate
1337 1022 1451 1059 fruct-

119 1097 213 1121 uum
239 1097 318 1121 non
340 1083 487 1129 habet,
516 1082 548 1120 si
571 1090 703 1120 autem
733 1083 889 1121 ubertas
914 1083 952 1120 in
974 1083 1236 1133 percipiendis
1259 1085 1448 1124 fructibus

62 1165 98 1195 15
118 1147 200 1194 fuit,
223 1147 477 1197 consequitur
505 1147 631 1185 vilitas
662 1147 701 1185 in
732 1148 965 1196 vendendis,
994 1155 1035 1186 ut
1062 1156 1128 1186 aut
1153 1150 1254 1187 male
1279 1151 1450 1188 venden-

117 1214 212 1251 dum
233 1213 445 1263 intellegas,
462 1212 492 1250 si
515 1213 616 1251 bene
636 1212 835 1263 processit,
854 1220 921 1251 aut
942 1215 1044 1251 male
1060 1222 1266 1264 perceptos
1288 1216 1449 1263 fructus,

116 1277 148 1315 si
168 1285 272 1316 recte
293 1277 382 1316 licet
403 1278 582 1316 vendere.
657 1279 783 1316 Totae
803 1285 935 1316 autem
956 1291 1016 1316 res
1037 1278 1202 1317 rusticae
1230 1280 1313 1317 eius
1338 1280 1447 1319 modi

116 1351 206 1381 sunt
236 1351 277 1381 ut
307 1357 372 1381 eas
402 1356 481 1381 non
513 1343 610 1381 ratio
641 1357 770 1393 neque
801 1343 920 1389 labor,
956 1345 1027 1382 sed
1063 1358 1122 1382 res
1153 1344 1443 1392 incertissimae‚

115 1407 219 1446 venti
253 1415 596 1458 tempestatesque,
633 1409 895 1446 moderentur.
972 1408 1081 1446 Hinc
1120 1422 1209 1447 cum
1243 1423 1344 1449 unae
1382 1412 1446 1449 de-

59 1488 98 1510 20
115 1486 254 1511 cumae
299 1475 382 1523 lege
428 1480 466 1511 et
510 1473 799 1511 consuetudine
837 1474 1102 1520 detrahantur,
1142 1476 1284 1514 alterae
1333 1476 1444 1514 novis

114 1537 299 1576 institutis
339 1546 497 1588 propter
533 1552 716 1576 annonae
762 1538 954 1577 rationem
1003 1538 1251 1588 imperentur,
1293 1549 1445 1579 ematur

114 1610 312 1652 praeterea
339 1604 577 1641 frumentum
606 1603 818 1652 quotannis
847 1603 1016 1653 publice,
1039 1612 1237 1653 postremo
1264 1605 1381 1643 etiam
1404 1606 1443 1643 in

114 1669 251 1705 cellam
272 1667 560 1718 magistratibus
582 1676 619 1706 et
641 1668 776 1718 legatis
799 1668 1019 1719 imperetur,
1044 1669 1139 1718 quid
1160 1678 1226 1708 aut
1251 1678 1442 1720 quantum

114 1740 312 1781 praeterea
342 1741 401 1770 est
427 1734 535 1782 quod
565 1740 633 1770 aut
664 1733 831 1771 liberum
859 1733 983 1783 possit
1004 1734 1149 1772 habere
1170 1734 1232 1772 ille
1253 1743 1379 1773 arator
1398 1750 1444 1774 ac

57 1809 94 1842 25
114 1796 299 1835 dominus
320 1796 359 1835 in
381 1805 574 1846 potestate
594 1811 755 1836 suorum
778 1799 974 1836 fructuum
997 1806 1063 1836 aut
1081 1798 1119 1835 in
1142 1798 1234 1848 ipsis
1255 1800 1444 1838 fructibus

113 1863 317 1899 solutum?
375 1862 529 1910 Quodsi
552 1863 649 1900 haec
671 1864 799 1901 ferunt
821 1863 964 1910 omnia,
987 1863 1018 1901 si
1041 1863 1171 1913 potius
1193 1864 1303 1901 vobis
1323 1878 1368 1902 ac
1390 1865 1443 1903 rei
1467 1872 1528 1903 228

112 1926 293 1975 publicae
313 1939 432 1976 quam
460 1926 534 1965 sibi
562 1934 600 1965 et
628 1927 707 1965 suis
735 1928 957 1966 commodis
983 1942 1101 1978 opera
1129 1936 1288 1977 sumptu
1309 1929 1443 1968 labore

111 1991 345 2038 deserviunt,
366 1991 536 2030 etiamne
556 1992 654 2030 haec
670 2006 772 2031 nova
787 1993 935 2032 debent
956 1994 1085 2032 edicta
1105 2000 1143 2031 et
1160 1992 1320 2043 imperia
1337 2007 1442 2043 prae-

111 2063 239 2093 torum
277 2064 315 2094 et
347 2056 498 2106 Aproni
532 2057 845 2097 dominationem
876 2066 913 2097 et
946 2058 1204 2097 Veneriorum
1240 2071 1438 2097 servorum

55 2137 94 2168 30
111 2121 212 2158 furta
247 2121 482 2171 rapinasque
521 2123 648 2160 ferre?
693 2122 865 2162 etiamne
912 2125 1150 2162 frumentum
1196 2137 1267 2173 pro
1305 2133 1439 2174 empto

154 2235 173 2263 3
199 2224 315 2263 reliqui
336 2224 366 2254 O
383 2223 442 2254 sol.
577 2236 598 2263 9
623 2231 701 2256 ante
721 2226 751 2257 O
771 2228 829 2260 (iii.
854 2232 890 2264 ἓξ
913 2239 961 2266 12,
981 2230 1035 2268 245
1151 2239 1189 2267 19
1212 2232 1333 2258 ventus
1357 2233 1438 2259 tem-

112 2272 294 2307 pestasque
314 2267 343 2298 Ο
361 2268 418 2298 sol.
514 2279 555 2298 20
581 2271 828 2302 consuetudine
842 2272 889 2302 cO
908 2285 914 2303 z
940 2274 1167 2312 conditionep
1182 2272 1248 2302 rell.
1327 2282 1377 2311 20,
1398 2284 1434 2303 21

112 2311 343 2349 detrahuntur,
365 2312 576 2350 imperantur
595 2312 624 2342 O
760 2316 802 2344 26
826 2315 938 2346 ferunt
958 2317 988 2346 O
1009 2318 1089 2352 (om.
1111 2316 1239 2355 omnia)
1257 2327 1263 2345 :
1288 2315 1438 2346 serentur

19 2353 21 2362 ¹
71 2386 77 2394 1
107 2358 131 2393 p
147 2354 212 2385 rell.
305 2355 401 2384 nobis
420 2354 450 2384 O
469 2354 559 2395 (Dt'v.
581 2357 595 2392 ξ
612 2366 665 2394 73¹
782 2368 825 2396 30
849 2359 937 2390 ferre
958 2360 987 2390 O
1005 2360 1074 2391 edd.
1093 2372 1099 2389 z
1125 2359 1273 2399 perferre
1286 2364 1311 2398 p
1329 2359 1393 2391 rell.

1290 2414 1352 2444 20*
