1715 2734
77 494 94 525 υἱ

58 816 96 838 10

58 1142 94 1172 15

57 1467 96 1488 20

57 1789 94 1820 25

114 111 382 150 ACTIONIS
406 112 466 148 IN
489 111 534 149 C.
557 112 799 148 VERREM
822 111 1122 150 SECVNDAE
1143 112 1247 148 LIB.
1272 112 1337 149 III
1387 112 1442 149 86

115 236 241 273 posse.
301 222 450 260 Addite
470 235 576 259 nunc
597 223 739 260 eodem
757 221 865 260 istius
887 221 1030 268 edicta,
1050 221 1236 268 instituta,
1261 221 1444 269 iniuriasg

114 289 247 325 addite
278 287 428 337 Aproni
458 287 798 336 Veneriorumque
819 300 1017 324 servorum
1047 286 1086 323 in
1107 300 1199 336 agro
1220 288 1442 325 decumano

115 366 232 402 regna
244 366 289 390 ac
303 352 468 402 rapinas.
519 353 772 401 Quamquam
790 353 886 389 haec
907 351 1070 389 omitto:
1102 352 1152 389 de
1172 353 1270 389 cella
1290 354 1440 401 loquor.

115 418 247 454 Placet
281 416 392 454 vobis
431 416 471 453 in
510 417 648 454 cellam
688 415 975 466 magistratibus
1020 416 1155 454 vestris
1202 418 1441 454 frumentum

116 481 267 520 Siculos
296 481 413 531 gratis
447 482 573 519 dare?
630 481 738 529 Quid
770 482 845 518 hoc
876 479 1089 530 indignius,
1114 480 1210 529 quid
1240 481 1443 531 iniquius?

115 548 248 596 Atque
291 547 366 584 hoc
406 545 545 584 scitote
578 546 796 583 aratoribus
842 547 957 583 Verre
998 552 1176 594 praetore
1223 548 1442 595 optandum

114 625 160 649 ac
189 612 407 661 petendum
437 610 567 648 fuisse.

168 675 371 714 Sositheus
402 682 461 714 est
496 675 728 721 Entellinus,
759 677 881 713 homo
915 689 1005 713 cum
1033 675 1167 725 primis
1199 677 1372 725 prudens
1406 684 1443 714 et

114 740 222 778 domi
261 739 419 787 nobilis,
453 739 564 778 cuius
596 740 714 777 verba
745 739 927 787 audietis,
960 739 1028 789 qui
1061 741 1111 778 ad
1146 741 1222 778 hoc
1252 740 1443 778 iudicium

115 806 263 854 legatus
290 804 447 854 publice
477 818 567 842 cum
596 807 811 842 Artemone
839 812 876 842 et
905 804 1101 850 Menisco,
1124 804 1314 854 primariis
1341 805 1441 852 viris,

115 869 256 907 missus
284 877 351 907 est.
413 871 451 907 Is
479 883 569 907 cum
597 868 636 906 in
664 876 802 907 senatu
833 869 1034 906 Entellino
1062 870 1186 907 multa
1208 883 1365 907 mecum
1394 871 1443 908 de

114 933 224 970 istius
255 933 404 971 iniuriis
433 941 577 983 ageret,
605 934 681 971 hoc
712 932 830 971 dixit:
864 933 894 970 si
925 934 1000 970 hoc
1027 934 1077 971 de
1101 935 1199 971 cella
1225 941 1343 983 atque
1370 935 1443 972 hac

113 997 386 1036 aestimatione
417 999 713 1044 concederetur,
750 999 848 1035 velle
888 997 1039 1035 Siculos
1079 997 1230 1035 senatui
1269 998 1442 1047 polliceri

114 1062 352 1100 frumentum
391 1062 431 1099 in
469 1063 608 1100 cellam
638 1061 769 1111 gratis,
807 1075 856 1099 ne
895 1063 1061 1111 posthac
1099 1069 1225 1100 tantas
1257 1063 1443 1111 pecunias

115 1126 402 1176 magistratibus
432 1126 573 1164 nostris
605 1127 914 1164 decerneremus.
977 1126 1201 1175 Perspicere
1232 1141 1301 1164 vos
1337 1135 1443 1165 certo

114 1190 195 1228 scio
216 1191 355 1229 Siculis
381 1199 532 1241 quanto
556 1204 674 1240 opere
700 1192 776 1228 hoc
806 1190 988 1240 expediat
1017 1205 1098 1228 non
1127 1193 1178 1229 ad
1204 1192 1443 1241 aequitatem

113 1255 374 1302 condicionis,
393 1257 462 1294 sed
493 1257 545 1293 ad
577 1255 738 1292 minima
768 1256 960 1292 malorum
991 1255 1180 1305 eligenda.
1242 1258 1345 1294 Nam
1376 1258 1443 1307 qui

114 1320 219 1359 mille
250 1320 427 1359 modium
457 1320 568 1358 Verri
603 1333 695 1358 suae
725 1319 843 1369 partis
870 1319 909 1357 in
940 1322 1077 1358 cellam
1109 1320 1226 1370 gratis
1256 1321 1444 1369 dedisset,

114 1386 196 1424 duo
222 1386 328 1423 milia
358 1399 566 1423 nummum
587 1393 654 1423 aut
681 1398 881 1423 summum
905 1385 975 1422 tria
995 1385 1180 1432 dedisset,
1203 1386 1308 1425 idem
1337 1401 1442 1425 nunc

115 1464 185 1500 pro
205 1452 346 1489 eodem
368 1464 532 1489 numero
553 1450 737 1489 frumenti
752 1452 822 1489 HS
838 1453 914 1488 Vll—1
936 1452 1028 1489 dare
1049 1460 1208 1490 coactus
1229 1460 1297 1491 est.
1349 1455 1442 1492 Hoc

113 1523 240 1553 arator
265 1516 428 1565 adsequi
459 1530 526 1566 per
556 1515 767 1554 triennium
797 1524 901 1554 certe
928 1517 1054 1554 fructu
1083 1530 1154 1554 suo
1181 1531 1261 1555 non
1287 1518 1441 1567 potuit:

113 1580 331 1618 vendiderit
360 1581 661 1619 instrumentum
689 1595 850 1619 necesse
881 1589 947 1620 est.
1010 1582 1164 1630 Quodsi
1192 1584 1268 1621 hoc
1299 1597 1441 1622 munus

113 1653 151 1684 et
175 1647 250 1684 hoc
279 1645 442 1695 vectigal
469 1645 591 1683 aratio
618 1647 790 1692 tolerare,
820 1648 896 1684 hoc
921 1654 978 1684 est
1008 1646 1140 1685 Sicilia
1168 1649 1265 1686 ferre
1290 1662 1336 1686 ac
1361 1649 1440 1698 pati

114 1718 253 1760 potest,
298 1713 447 1760 populo
479 1713 664 1748 Romano
696 1713 791 1749 ferat
823 1711 953 1761 potius
991 1725 1109 1761 quam
1148 1713 1290 1751 nostris
1326 1714 1441 1764 magi-

115 1775 308 1813 stratibus.
361 1777 507 1825 Magna
528 1783 585 1813 est
601 1775 705 1814 enim
720 1776 898 1825 pecunia,
918 1790 1103 1826 magnum
1118 1779 1440 1828 praeclarumque

114 1840 287 1890 vectigal,
312 1840 341 1877 si
360 1842 480 1878 modo
500 1841 540 1879 id
566 1843 669 1879 salva
694 1841 904 1891 provincia,
928 1842 958 1879 si
980 1842 1063 1880 sine
1084 1842 1223 1882 iniuria
1242 1844 1438 1882 sociorum

157 1954 175 1981 4
201 1942 310 1982 placet
343 1943 427 1973 VO:
468 1943 622 1982 placetne
646 1948 693 1983 p:
733 1944 842 1982 placet
868 1954 957 1974 nunc
984 1955 1023 1983 qr
1048 1944 1114 1976 rell.
1213 1947 1339 1976 vestris
1367 1947 1437 1977 cO:

115 1987 239 2017 nostris
272 1987 303 2015 V
323 1987 386 2016 rell.
573 1996 592 2024 5
625 1987 739 2025 gratiis
767 1988 924 2017 Zielinski
948 1992 1001 2027 (xp.
1033 1990 1131 2026 1962:
1169 1989 1248 2019 dare
1277 1991 1381 2028 gratis
1413 1992 1444 2020 V

115 2029 181 2059 Pro
206 2030 307 2060 verbis
332 2030 410 2068 quid
440 2029 586 2068 iniquius
615 2031 709 2059 lmbrt
736 2030 767 2059 V
786 2032 901 2061 Herum
928 2032 1007 2069 quid
1032 2032 1096 2062 hoc
1122 2032 1292 2071 indignius
1417 2036 1439 2064 6

114 2073 217 2111 Atqui
240 2073 396 2103 Viclom'us
508 2073 613 2103 Verre
636 2073 735 2104 VcO:
761 2074 822 2104 hoc
841 2079 865 2113 p
883 2074 947 2104 rell.
969 2080 1015 2113 stv,
1038 2078 1052 2112 §
1076 2078 1151 2113 125)
1320 2078 1340 2107 8
1364 2088 1437 2108 curn

115 2116 232 2155 primis
262 2117 359 2146 VcO:
396 2127 469 2147 curn
503 2117 618 2155 primis
647 2117 791 2147 civitatis
817 2123 841 2157 p
867 2118 930 2148 rell.
1144 2130 1165 2157 9
1195 2120 1339 2150 audietis
1365 2122 1438 2152 cO:

114 2160 252 2189 audistis
267 2164 289 2198 p
307 2160 368 2190 rell.
459 2161 514 2199 qui
533 2160 590 2198 adl
611 2164 711 2198 atque
731 2160 761 2190 O
923 2171 960 2199 14
986 2162 1127 2200 posthac
1150 2162 1209 2192 VO
1228 2174 1234 2192 :
1261 2169 1337 2202 post
1354 2165 1438 2195 haec

110 2208 134 2242 p
152 2202 216 2232 rell.
322 2205 359 2233 16
382 2203 423 2232 ad
440 2203 645 2242 aequitatem
664 2203 866 2234 conditionis
883 2204 930 2234 cO
947 2215 953 2234 z
977 2206 1148 2243 aequitate
1165 2207 1372 2237 condicionis
1390 2209 1437 2238 V:

115 2247 156 2275 ad
173 2245 351 2285 aequitatis
369 2247 597 2276 conditionem
610 2252 634 2286 p
653 2247 716 2277 rell.
861 2257 898 2286 17
923 2250 979 2286 qui
997 2248 1083 2278 codd.
1104 2259 1109 2277 :
1134 2250 1190 2288 qui
1209 2259 1282 2279 cum
1301 2250 1410 2282 Muell.
1431 2264 1437 2282 ε

115 2289 171 2327 qui
195 2289 222 2319 si
239 2289 342 2329 Kays.
514 2300 556 2319 20
579 2290 697 2320 eodem
719 2290 766 2330 Vp
781 2289 846 2319 rell.
864 2301 870 2319 :
898 2301 938 2320 eo
955 2291 1003 2321 cO
1023 2294 1054 2328 (ξ
1074 2293 1153 2328 216)
1310 2304 1349 2332 23
1374 2296 1437 2325 hoc

118 2336 207 2371 (ante
222 2333 383 2371 vectigal)
407 2333 482 2363 VcO
499 2345 505 2363 :
530 2344 593 2363 om.
609 2339 633 2373 p
648 2333 710 2364 rell.
803 2343 843 2371 24
867 2335 974 2364 nostri
992 2335 1207 2374 magistratus
1224 2337 1271 2367 cO
1397 2349 1437 2378 25

116 2380 168 2405 est
185 2376 274 2406 enim
295 2376 344 2406 V:
368 2376 457 2407 enim
477 2377 529 2408 O:
559 2382 647 2417 estp
664 2376 729 2409 rell.

1465 127 1527 148 200

1464 677 1513 722 87

1466 1143 1524 1164 201
