1715 2734
135 207 339 249 argentum
362 199 400 237 in
422 199 560 238 lectica
579 199 730 238 cubans
746 201 797 238 ad
818 213 923 238 mare
944 199 1042 237 infra
1058 199 1250 250 oppidum
1271 206 1467 249 exspecta-

136 264 212 302 bat.
273 267 403 314 Quem
443 278 678 303 concursum
713 265 752 302 in
787 265 936 315 oppido
971 267 1116 303 factum
1156 265 1312 315 putatis,
1346 279 1466 315 quem
1487 277 1524 309 52

134 329 358 375 clamorem,
408 342 526 379 quem
566 343 681 379 porro
727 331 861 367 fletum
902 329 1140 368 mulierum?
1207 329 1274 379 qui
1318 329 1465 368 videret

134 406 281 442 equum
329 393 544 432 Troianum
595 393 873 441 introductum,
916 395 1053 432 urbem
1102 401 1256 444 captam
1305 394 1462 432 diceret.

96 473 113 503 5
135 458 271 496 Efferri
289 457 372 496 sine
389 458 512 497 thecis
533 472 634 506 vasa,
653 459 873 509 extorqueri
889 459 964 497 alia
980 461 1030 498 de
1046 459 1228 497 manibus
1243 459 1461 506 mulierum,

132 523 292 572 ecfringi
309 525 521 561 multorum
537 525 638 571 soris,
658 524 788 562 revelli
806 526 983 562 claustra.
1042 524 1150 573 Quid
1171 524 1276 562 enim
1291 524 1465 574 putatis?

132 587 251 625 Scuta
271 587 301 626 si
323 589 484 638 quando
505 589 791 638 conquiruntur
810 602 833 627 a
853 588 1010 639 privatis
1031 588 1070 626 in
1087 590 1192 627 bello
1211 603 1257 627 ac
1278 591 1460 637 tumultu,

131 659 263 691 tamen
302 653 483 692 homines
522 653 632 691 inviti
666 655 772 701 dant,
806 654 876 692 etsi
914 655 965 692 ad
1005 655 1169 692 salutem
1209 667 1461 693 communem

131 717 214 755 dari
243 718 426 765 sentiunt,
450 732 500 756 ne
529 731 647 768 quem
678 718 822 769 putetis
853 718 936 757 sine
966 718 1137 757 maximo
1166 720 1303 757 dolore
1331 733 1462 770 argen-

73 795 112 817 10
130 788 214 820 tum
234 784 427 821 caelatum
449 785 581 830 domo,
606 785 715 833 quod
735 785 832 822 alter
852 785 1027 834 eriperet,
1050 784 1269 833 protulisse.
1315 785 1462 823 Omnia

128 847 367 886 deferuntur.
426 847 633 898 Cibyratae
662 849 797 887 fratres
817 856 1006 886 vocantur
1020 863 1030 896 3
1059 862 1184 898 pauca
1213 848 1437 899 improbant
1452 865 1462 897 3

128 924 230 961 quae
261 913 482 961 probaram,
512 912 557 951 iis
593 920 744 951 crustae
773 920 840 951 aut
874 913 1113 951 emblemata
1140 914 1456 952 detrahebantur.

128 975 192 1014 Sic
225 977 436 1016 Haluntini
471 979 643 1017 excussis
674 977 824 1017 deliciis
854 991 946 1016 cum
976 985 1138 1028 argento
1166 992 1265 1029 puro
1294 980 1458 1018 domum

127 1049 382 1081 revertuntur.

70 1118 107 1151 15
182 1108 304 1156 Quod
335 1121 538 1158 umquam,
567 1107 729 1156 iudices,
767 1107 930 1147 huiusce
958 1108 1067 1147 modi
1095 1108 1349 1146 everriculum
1380 1111 1458 1147 ulla

127 1171 167 1209 in
214 1173 415 1222 provincia
461 1174 562 1213 fuit?
629 1176 816 1213 Avertere
853 1174 1003 1224 aliquid
1042 1175 1092 1212 de
1131 1174 1291 1223 publico
1338 1188 1456 1224 quam

126 1237 403 1276 obscurissime
423 1252 493 1289 per
516 1238 783 1289 magistratum
815 1239 995 1277 solebant
1012 1253 1022 1286 3
1051 1238 1169 1276 etiam
1197 1252 1287 1276 cum
1308 1239 1457 1288 aliquid

125 1315 147 1339 a
173 1302 324 1352 privato
355 1317 436 1342 non
466 1318 696 1354 numquam,
729 1305 885 1342 occulte
918 1304 1158 1349 auferebant,
1192 1312 1229 1342 et
1264 1303 1289 1341 ii
1324 1312 1456 1342 tamen

125 1368 503 1407 condemnabantur.
564 1371 614 1408 Et
635 1371 666 1407 si
688 1369 883 1419 quaeritis,
908 1376 950 1406 ut
980 1368 1062 1419 ipse
1083 1370 1133 1407 de
1155 1382 1217 1407 me
1238 1370 1453 1416 detraham,

67 1447 108 1470 20
126 1431 212 1471 illos
239 1446 312 1483 ego
338 1442 584 1473 accusatores
614 1442 711 1485 puto
736 1435 853 1473 fuisse
886 1434 954 1484 qui
990 1434 1073 1472 eius
1106 1434 1214 1472 modi
1247 1434 1454 1472 hominum

125 1499 226 1537 furta
244 1500 367 1539 odore
386 1507 453 1538 aut
468 1500 601 1550 aliquo
620 1500 755 1539 leviter
775 1513 909 1550 presso
922 1499 1085 1549 vestigio
1106 1500 1452 1549 persequebantur.

125 1564 229 1602 Nam
260 1578 332 1603 nos
364 1565 526 1615 quidem
561 1565 657 1615 quid
692 1565 858 1603 facimus
896 1565 935 1602 in
966 1565 1096 1612 Verre,
1139 1578 1257 1614 quem
1298 1565 1336 1602 in
1370 1566 1454 1603 luto

18 1652 22 1685 ἶ
123 1630 342 1668 volutatum
363 1630 481 1669 totius
502 1630 675 1680 corporis
696 1629 866 1680 vestigiis
889 1629 1109 1668 invenimus
1127 1631 1142 1667 ?
1191 1631 1451 1679 Permagnum

18 1703 21 1706 ⁴
123 1701 182 1731 est
211 1693 250 1732 in
280 1708 371 1733 eum
400 1695 532 1734 dicere
560 1695 709 1744 aliquid
731 1694 798 1744 qui
829 1694 1075 1744 praeteriens,
1099 1694 1238 1732 lectica
1257 1694 1454 1744 paulisper

64 1772 104 1804 25
123 1759 312 1809 deposita,
336 1773 416 1798 non
436 1773 505 1809 per
524 1759 749 1810 praestigias
776 1760 846 1798 sed
873 1760 1001 1809 palam
1029 1773 1096 1809 per
1116 1766 1350 1808 potestatem
1372 1772 1453 1796 uno

123 1823 287 1874 imperio
307 1825 479 1863 ostiatim
500 1832 627 1863 totum
654 1824 847 1874 oppidum
877 1823 1156 1873 compilaverit.
1216 1825 1275 1861 Ac
1305 1831 1448 1870 tamen,

122 1897 164 1927 ut
194 1897 327 1939 posset
361 1890 492 1929 dicere
530 1904 571 1929 se
610 1890 762 1937 emisse,
803 1890 1056 1939 Archagatho
1093 1888 1257 1938 imperat
1296 1896 1337 1926 ut
1376 1889 1449 1926 illis

121 1954 280 2004 aliquid,
304 1969 471 2004 quorum
496 1963 699 2006 argentum
725 1956 860 2001 fuerat,
885 1956 1177 1992 nummulorum
1209 1953 1307 1992 dicis
1333 1968 1449 1992 causa

121 2020 240 2057 daret.
300 2021 456 2058 Invenit
486 2021 757 2070 Archagathus
790 2033 937 2069 paucos
969 2019 1035 2068 qui
1067 2020 1210 2057 vellent
1243 2018 1447 2068 accipere3

61 2098 102 2129 30
126 2085 170 2123 iis
187 2085 306 2124 dedit.
355 2087 434 2123 Eos
455 2099 638 2123 nummos
660 2092 791 2123 tamen
813 2084 884 2122 iste
901 2085 1153 2133 Archagatho
1168 2097 1247 2121 non
1262 2084 1441 2122 reddidit.

120 2150 254 2188 Voluit
288 2152 440 2188 Romae
474 2158 647 2200 repetere
682 2150 953 2199 Archagathus
971 2164 981 2197 5
1012 2150 1083 2187 Cn.
1120 2149 1310 2186 Lentulus
1344 2150 1445 2186 Mar-

0 0 15 224 }
141 91 408 130 ACTIONIS
430 92 490 130 IN
513 91 558 130 C.
581 91 822 129 VERREM
844 88 1142 130 SECVNDAE
1164 91 1268 128 LIB.
1292 91 1351 128 IV
1418 100 1469 137 23
1489 105 1526 136 51

9 225 14 286 l

10 360 16 420 l

10 421 16 463 l

11 466 16 524 l

12 630 17 681 ἐ’

12 742 17 817 3

13 833 15 849 ι

13 852 18 895 *l

1478 1087 1528 1124 24

1480 1147 1519 1178 53

161 2264 181 2292 3
200 2258 276 2294 post
291 2255 470 2284 clamorem
489 2254 564 2284 add.
581 2254 727 2284 virorum
746 2254 790 2286 K.
808 2253 935 2284 Busche
1092 2263 1111 2293 5
1136 2254 1177 2283 de
1195 2253 1244 2294 Sp
1261 2255 1325 2285 rell.
1341 2265 1348 2284 τ
1373 2265 1391 2284 e
1408 2255 1442 2286 R

121 2296 151 2334 (ξ
171 2308 187 2336 7
205 2303 321 2338 supra)
457 2308 492 2337 17
519 2308 592 2328 cum
622 2308 686 2328 om.
708 2297 776 2337 pk:
812 2307 886 2327 cum
911 2297 966 2327 alii
993 2298 1111 2338 (aliqui
1141 2297 1292 2339 Mueller)
1318 2299 1442 2337 aliquid

118 2339 253 2371 Ernesti
348 2352 389 2371 22
414 2341 553 2371 Verrem
572 2340 655 2381 RSp
787 2342 828 2370 26
851 2341 1008 2371 Attamen
1028 2343 1043 2370 δ
1176 2352 1214 2379 27
1240 2352 1276 2371 se
1293 2342 1405 2372 dicere
1421 2355 1443 2372 π
