1715 2734
136 97 195 134 90

152 470 200 507 91

135 669 194 691 212

134 1323 192 1354 213

221 103 281 124 211
583 89 639 126 M.
670 89 839 126 TVLLI
871 88 1180 127 CICERONIS

216 213 333 237 avum
365 201 413 249 Q.
438 201 656 246 Metellum,
679 198 937 237 clarissimum
967 199 1182 246 hominem,
1208 200 1335 237 facere
1363 198 1548 238 vidisset:

218 266 262 303 C.
286 267 426 303 Verres
453 265 666 314 reperietur
686 264 765 314 qui,
788 263 978 314 quicquid
999 264 1192 315 expediat,
1215 264 1255 302 id
1276 263 1391 302 licere
1411 264 1549 302 dicat?

217 331 326 379 quod
358 343 477 368 nemo
508 329 582 367 nisi
618 329 821 379 improbus
856 329 999 376 fecerit,
1030 329 1070 368 id
1100 329 1265 368 aliorum
1293 331 1476 379 exemplo
1507 342 1548 368 se

218 395 356 433 fecisse
377 396 595 433 defendat?

273 461 325 498 At
365 459 404 497 in
443 459 573 498 Sicilia
613 459 830 498 factitatum
870 467 938 498 est.
1004 460 1118 508 Quae
1156 468 1214 498 est
1254 460 1327 498 ista
1364 459 1587 504 condici05

219 524 402 563 Siciliae?
433 539 502 563 cur
531 538 633 574 quae
662 525 814 575 optimo
845 524 927 563 iure
962 533 1120 575 propter
1149 533 1395 572 vetustatem,
1428 524 1549 563 fideli-

216 597 347 637 tatem,
368 589 701 640 propinquitatem
718 603 803 628 esse
823 590 954 636 debet,
971 590 1061 628 huic
1082 590 1292 640 praecipua
1308 592 1370 628 lex
1386 589 1549 627 iniuriae

216 655 432 693 definitur?
489 657 567 693 Sed
589 655 627 692 in
650 655 722 693 ista
742 655 826 704 ipsa
847 655 978 693 Sicilia
1006 669 1085 693 non
1106 669 1291 705 quaeram
1322 657 1547 705 exemplum

217 720 334 758 foris:
374 721 450 758 hoc
480 719 566 770 ipso
595 734 642 758 ex
676 719 842 758 consilio
883 728 968 758 utar
1005 720 1204 770 exemplis.
1265 721 1312 759 C.
1347 722 1545 766 Marcelle,

217 794 254 824 te
291 787 459 836 appello.
537 786 692 825 Siciliae
728 786 963 836 provinciae,
998 800 1088 824 cum
1121 800 1226 825 esses
1266 800 1337 836 pro
1371 787 1547 831 consule,
1571 798 1609 819 10

216 850 415 900 praefuisti
436 867 442 889 :
474 865 569 889 num
587 865 688 901 quae
709 851 748 889 in
770 859 838 889 tuo
860 851 1024 902 imperio
1042 851 1234 902 pecuniae
1248 853 1370 890 cellae
1386 850 1548 889 nomine

216 923 377 954 coactae
407 918 527 954 sunt?
584 918 728 966 Neque
759 930 832 966 ego
869 918 944 955 hoc
979 916 1019 954 in
1054 924 1121 955 tua
1150 918 1268 955 laude
1299 930 1433 967 pono:
1474 915 1549 954 alia

216 989 306 1019 sunt
338 989 404 1019 tua
437 983 539 1020 facta
567 989 686 1031 atque
717 981 882 1020 consilia
908 995 1062 1019 summa
1094 983 1210 1020 laude
1240 981 1370 1032 digna,
1404 981 1548 1031 quibus

216 1047 322 1085 illam
344 1055 385 1085 tu
406 1046 650 1097 provinciam
672 1046 871 1085 adflictam
893 1054 931 1085 et
952 1046 1146 1097 perditam
1170 1046 1323 1085 erexisti
1344 1054 1465 1096 atque
1494 1059 1549 1084 re-

215 1112 382 1160 creasti3
412 1125 503 1150 nam
534 1114 610 1150 hoc
638 1113 688 1150 de
712 1114 811 1150 cella
838 1126 888 1150 ne
916 1112 1091 1162 Lepidus
1122 1111 1284 1162 quidem
1306 1113 1461 1158 fecerat,
1484 1110 1548 1149 cui

215 1185 257 1215 tu
289 1177 523 1216 successisti.
599 1178 714 1226 Quae
745 1185 836 1215 sunt
871 1176 941 1215 tibi
977 1176 1092 1227 igitur
1126 1178 1306 1227 exempla
1345 1176 1384 1214 in
1417 1175 1549 1215 Sicilia

214 1244 347 1290 cellae,
384 1242 416 1281 si
446 1244 523 1281 hoc
557 1242 706 1281 crimen
745 1256 827 1281 non
866 1243 988 1281 modo
1030 1241 1209 1280 Marcelli
1244 1243 1360 1289 facto,
1393 1243 1464 1281 sed
1498 1255 1548 1280 ne

216 1307 355 1357 Lepidi
386 1307 548 1358 quidem
579 1316 693 1358 potes
725 1308 970 1346 defendere?
1039 1311 1104 1345 An
1137 1321 1201 1345 me
1229 1308 1281 1346 ad
1317 1308 1372 1345 M.
1397 1307 1547 1345 Antoni

214 1372 529 1412 aestimationem
570 1372 754 1410 frumenti
793 1371 1122 1422 exactionemque
1163 1371 1356 1423 pecuniae
1394 1385 1548 1410 revoca-

215 1445 322 1475 turus
361 1439 435 1476 es?
505 1441 513 1457 ‘
532 1439 615 1484 Ita‚'
650 1436 789 1487 inquit,
834 1438 908 1475 ‘ad
947 1436 1098 1475 Antoni
1116 1438 1150 1485 '3
1190 1438 1266 1475 hoc
1305 1436 1411 1475 enim
1451 1436 1547 1474 mihi

215 1503 455 1552 significasse
485 1511 522 1541 et
551 1503 738 1541 adnuisse
768 1502 871 1541 visus
902 1510 970 1541 est.
1031 1504 1091 1541 Ex
1121 1503 1307 1541 omnibus
1338 1502 1452 1552 igitur
1482 1515 1546 1552 po-

215 1568 295 1618 puli
318 1568 491 1607 Romani
519 1568 774 1618 praetoribuS‚
798 1567 1039 1615 consulibus,
1064 1568 1365 1618 imperatoribus
1389 1569 1446 1605 M.
1469 1570 1548 1605 An-

214 1633 368 1671 tonium
408 1633 596 1683 delegisti,
638 1641 675 1671 et
715 1633 797 1671 eius
841 1647 964 1671 unum
1005 1633 1341 1683 improbissimum
1385 1634 1544 1679 factum,

213 1701 323 1749 quod
345 1699 564 1737 imitarere!
624 1701 674 1737 Et
701 1699 764 1737 hic
794 1707 921 1737 utrum
946 1699 1041 1736 mihi
1063 1699 1221 1738 difficile
1251 1707 1309 1738 est
1337 1699 1468 1737 dicere
1494 1713 1545 1737 an

213 1764 274 1802 his
303 1764 524 1803 existimare
554 1764 607 1802 ita
633 1778 674 1803 se
700 1764 739 1802 in
768 1764 843 1802 isto
870 1763 1025 1802 infinito
1048 1764 1212 1813 imperio
1244 1765 1300 1802 M.
1324 1765 1545 1802 Antonium

212 1829 377 1879 gessisse
399 1838 440 1868 ut
467 1831 592 1868 multo
613 1829 674 1868 isti
696 1829 953 1879 perniciosius
981 1830 1028 1867 sit
1050 1829 1180 1868 dicere
1208 1843 1248 1867 se
1274 1829 1313 1867 in
1340 1844 1380 1868 re
1406 1829 1547 1880 impro-

213 1894 375 1933 bissima
396 1894 565 1933 voluisse
583 1894 803 1933 Antonium
824 1894 966 1932 imitari
986 1908 1105 1944 quam
1127 1894 1158 1932 si
1179 1903 1311 1945 posset
1333 1895 1546 1934 defendere

213 1960 310 1998 nihil
345 1960 383 1998 in
416 1960 495 1998 vita
532 1973 573 1998 se
617 1962 671 1998 M.
700 1960 851 1999 Antoni
891 1960 1017 1999 simile
1052 1959 1220 1999 fecisse?
1279 1960 1476 1999 Homines
1506 1960 1545 1998 in

260 2063 272 2083 1
300 2053 380 2084 clar.
400 2054 488 2084 hom.
508 2053 557 2083 cO
575 2065 581 2084 :
606 2063 670 2083 om.
689 2058 713 2092 j)
728 2053 790 2083 rell.
883 2063 902 2082 2
919 2053 1079 2092 quicquid
1096 2052 1126 2083 O
1145 2064 1150 2083 :
1174 2053 1263 2092 quod
1277 2057 1300 2092 p
1319 2054 1381 2083 rell.
1473 2063 1492 2092 3
1510 2064 1546 2084 se

211 2108 279 2128 om.
294 2097 324 2127 O
337 2099 385 2137 (ν,
399 2100 413 2134 §
427 2096 485 2136 85)
564 2107 580 2135 7
599 2097 958 2136 propinquitatemque
974 2096 1004 2126 O
1067 2096 1246 2136 praecipue
1259 2097 1410 2134 Hotom,
1423 2096 1542 2127 Lamb.

212 2142 232 2170 8
252 2141 325 2180 ipsa
341 2141 403 2171 ista
422 2140 452 2171 O
472 2140 521 2180 (ii,
541 2142 556 2177 ξ
579 2140 653 2179 170)
793 2150 829 2169 11
856 2140 890 2169 in
906 2150 973 2170 om.
994 2139 1025 2169 O
1167 2150 1204 2179 15
1230 2150 1273 2170 ne
1292 2140 1439 2179 Lepidus
1461 2140 1521 2171 VO
1538 2151 1544 2170 :

212 2189 289 2214 ante
311 2184 388 2222 Lep.
405 2189 427 2223 p
446 2183 508 2213 rell.
608 2185 646 2212 16
672 2183 704 2212 in
725 2181 873 2221 Siciliap
891 2194 898 2213 z
923 2193 967 2213 ex
985 2182 1099 2213 Sicilia
1116 2183 1164 2214 V:
1190 2184 1305 2214 Sicilie
1322 2183 1371 2214 O:
1396 2195 1461 2214 om.
1477 2184 1540 2215 rell.

218 2228 254 2257 18
274 2227 315 2257 ad
330 2227 456 2257 Antoni
474 2226 520 2256 V:
545 2226 586 2256 ad
605 2225 814 2255 Anthonium
831 2225 861 2256 Ο
879 2237 885 2256 :
910 2227 952 2257 ad
975 2226 1018 2258 M.
1034 2225 1213 2266 Antoniis)
1231 2226 1300 2258 cdd.
1372 2237 1410 2257 21
1439 2228 1544 2258 omni—

214 2271 276 2301 bus
298 2270 381 2300 VO:
407 2270 607 2300 omnibusne
621 2274 644 2308 p
661 2269 726 2299 rell.
752 2270 796 2307 (v,
821 2273 834 2306 ξ
857 2270 932 2307 126)
1034 2270 1149 2309 populi
1170 2270 1312 2301 Romani
1333 2271 1544 2309 praetoribus

210 2319 233 2353 p
251 2313 317 2344 edd.
337 2325 344 2344 ε
370 2324 410 2353 ·p-
426 2324 450 2344 r·
471 2313 501 2343 O
519 2325 525 2343 z
551 2318 656 2352 praet.
682 2312 713 2341 V
809 2323 847 2350 27
875 2313 918 2343 M.
938 2313 1120 2344 Antonium
1144 2314 1191 2344 V:
1218 2315 1340 2344 imitari
1356 2315 1543 2345 Antonium

217 2358 267 2388 0:
293 2357 330 2396 cs.
355 2360 369 2394 ξ
387 2358 426 2396 78
444 2362 547 2396 supra
648 2361 765 2395 posset
787 2356 861 2385 VcO
881 2368 886 2386 :
912 2356 1018 2395 possit
1032 2363 1055 2397 p
1073 2357 1134 2387 rell.
1280 2359 1320 2388 28
1345 2358 1471 2389 Antoni
1493 2358 1543 2388 V:

216 2401 366 2431 Antonio
379 2406 402 2440 p
420 2400 462 2431 al.

1571 1125 1606 1157 ¹⁵

1571 1451 1607 1472 20

1688 0 1711 49 ‘a
