1715 2734
0 633 11 712 1

0 826 2 854 r

0 859 3 914 l

6 832 13 998 l

13 1385 18 1410 ῐ

135 89 404 128 ACTIONIS
435 90 496 127 IN
526 89 571 127 C.
594 89 836 126 VERREM
868 89 1166 128 SECVNDAE
1198 91 1301 128 LIB.
1324 92 1342 128 I
1382 100 1434 138 33
1457 98 1499 137 83

108 212 272 237 versum.
324 199 409 235 Iam
439 197 536 235 nihil
574 205 613 235 te
645 197 835 235 iudicium
869 198 1038 236 Neronis
1069 198 1238 236 adiuvat.
1299 200 1440 238 Recita

107 277 203 313 quas
224 264 275 302 ad
296 265 497 301 Neronem
528 262 673 300 litteras
695 263 809 301 misit.
872 265 1077 301 EPISTVLA
1113 264 1156 302 C.
1189 266 1352 302 VERRIS
1383 277 1438 303 Ar)

108 329 336 365 NERONEM.
382 329 742 365 THEMisrAGORAS
765 339 815 365 ET
835 329 1077 365 THESSALVS
1098 350 1161 365 ——.
1220 329 1439 367 Themista-

106 405 239 442 goram
273 400 312 430 et
342 394 578 430 Thessalum
612 392 748 430 scribis
788 394 980 442 populum
1015 393 1243 431 concitasse.
1305 396 1435 443 Quem

68 470 84 500 5
106 458 330 506 populum?
387 456 467 505 Qui
501 464 539 494 te
572 456 834 503 circumsedit,
869 457 937 507 qui
972 464 1010 495 te
1040 457 1171 495 vivum
1205 459 1436 497 comburere

106 528 271 559 conatus
292 529 360 559 est.
420 521 498 559 Vbi
516 523 587 559 hos
609 522 863 572 persequeris,
887 521 954 560 ubi
979 535 1149 568 accusas,
1169 523 1236 561 ubi
1257 524 1437 562 defendis

106 585 165 623 ius
185 598 412 635 nomenque
433 586 580 635 legati?
627 586 667 623 in
685 586 908 624 Philodami
924 586 1072 625 iudicio
1095 587 1202 625 dices
1217 587 1257 625 id
1272 596 1403 626 actum
1422 591 1438 625 ?

108 652 220 690 Cedo
241 651 336 688 mihi
357 651 477 701 ipsius
498 651 630 689 Verris
651 652 921 690 testimonium
941 667 948 689 :
980 652 1183 690 videamus
1213 652 1309 702 quid
1330 653 1434 691 idem
1460 662 1496 700 84

107 716 178 754 iste
219 716 365 754 iuratus
404 716 552 754 dixerit.
631 717 780 754 Recita.
836 718 898 754 ΑΒ
946 728 1211 754 ACCVSATORE
1250 729 1436 756 ROGATVS

0 784 1 808 }
51 795 87 816 10
108 793 343 819 RESPONDIT
372 793 417 818 IN
448 793 532 819 HOC
562 793 722 819 IVDICIO
753 793 840 819 NON
867 793 1094 825 PERSEQVI:
1124 793 1201 819 SIBI
1225 794 1269 819 IN
1300 794 1436 819 ANIMO

106 858 202 884 ESSE
231 858 327 884 ALio
357 858 556 884 TEMPORE
591 858 804 890 PERSEQVI.
866 846 973 895 Quid
1006 846 1120 896 igitur
1153 854 1191 885 te
1225 847 1330 885 iuvat
1361 849 1437 885 Ne-

106 911 210 949 ronis
240 911 440 957 iudicium,
474 911 570 961 quid
599 911 822 949 Philodami
857 911 1091 949 damnatio?
1146 913 1316 961 Legatus
1346 925 1436 950 cum

105 990 210 1014 esses
230 976 520 1024 circumsessus,
551 990 733 1026 cumque,
752 991 871 1027 quem
900 978 951 1015 ad
978 978 1142 1015 modum
1168 985 1250 1015 tute
1280 978 1330 1015 ad
1361 979 1438 1015 Ne-

106 1054 242 1079 ronem
263 1041 460 1092 scripsisti,
490 1044 640 1092 populo
672 1044 856 1080 Romano
874 1042 1156 1091 communique
1174 1055 1315 1080 causae
1338 1044 1437 1092 lega-

50 1120 86 1152 15
106 1113 234 1144 torum
262 1108 363 1144 facta
387 1115 489 1145 esset
514 1107 676 1157 insignis
704 1106 853 1154 iniuria,
882 1121 962 1145 non
994 1120 1034 1145 es
1056 1115 1308 1156 persecutus:
1338 1107 1437 1145 dicis

105 1170 176 1209 tibi
210 1171 249 1209 in
281 1171 414 1210 animo
445 1185 531 1210 esse
564 1172 641 1210 alio
674 1179 851 1221 tempore
891 1172 1082 1222 persequi.
1145 1173 1266 1220 Quod
1296 1172 1368 1210 fuit
1397 1172 1437 1210 id

105 1237 290 1285 tempus?
318 1237 480 1286 quando
500 1249 541 1274 es
570 1239 831 1286 persecutus?
890 1237 971 1275 Cur
1000 1236 1231 1274 imminuisti
1259 1236 1318 1275 ius
1339 1238 1439 1286 lega-

105 1301 233 1348 tionis,
262 1315 330 1339 cur
359 1315 518 1340 causam
552 1301 688 1351 populi
716 1301 887 1339 Romani
912 1301 1117 1339 deseruisti
1144 1315 1190 1339 ac
1217 1302 1438 1352 prodidisti,

106 1379 174 1404 cur
205 1366 363 1404 iniurias
398 1374 483 1404 tuas
515 1366 746 1404 coniunctas
767 1380 857 1404 cum
879 1366 1046 1415 publicis
1068 1366 1287 1416 reliquisti?
1344 1369 1437 1405 Non

49 1448 89 1469 20
108 1439 146 1469 te
165 1432 216 1469 ad
237 1439 417 1469 senatum
434 1445 592 1470 causam
613 1433 777 1477 deferre,
791 1445 871 1469 non
893 1432 943 1469 de
963 1439 1041 1469 tam
1063 1431 1261 1470 atrocibus
1288 1432 1437 1470 iniuriis

105 1496 303 1545 conqueri,
334 1510 415 1534 non
448 1510 515 1535 eos
550 1496 731 1534 homines
765 1496 833 1546 qui
860 1497 1051 1545 populum
1084 1496 1326 1535 concitarant
1347 1511 1438 1536 con-

105 1562 234 1598 sulum
255 1561 390 1599 litteris
407 1563 631 1599 evocandos
645 1575 780 1599 curare
800 1561 1001 1610 oportuit?
1049 1562 1186 1611 Nuper
1199 1563 1255 1599 M.
1275 1563 1436 1601 Aurelio
1459 1573 1498 1613 85

106 1627 252 1663 Scauro
283 1628 517 1675 postulante,
548 1628 657 1677 quod
689 1626 721 1664 is
755 1626 903 1676 Ephesi
936 1639 976 1664 se
1008 1634 1254 1675 quaestorem
1285 1627 1321 1665 vi
1352 1641 1437 1677 pro-

106 1690 275 1728 hibitum
296 1704 380 1729 esse
394 1691 552 1730 dicebat
572 1706 653 1742 quo
667 1691 796 1729 minus
811 1705 832 1729 e
853 1692 945 1729 fano
963 1690 1115 1729 Dianae
1132 1704 1286 1729 servum
1307 1705 1434 1738 suum,

45 1775 85 1806 25
107 1756 174 1806 qui
195 1756 234 1793 in
269 1756 365 1795 illud
391 1759 542 1806 asylum
575 1758 824 1808 confugisset,
855 1757 1080 1803 abduceret,
1112 1756 1278 1795 Pericles
1310 1759 1437 1807 Ephe-

107 1821 195 1868 sius,
213 1823 334 1859 homo
364 1822 642 1869 nobilissimus,
663 1825 834 1860 Romam
861 1829 1047 1859 evocatus
1075 1829 1146 1867 est,
1174 1823 1281 1871 quod
1302 1830 1439 1860 auctor

106 1886 206 1924 illius
228 1886 390 1925 iniuriae
410 1888 529 1927 fuisse
549 1889 807 1939 arguebatur:
838 1895 890 1933 m,
924 1886 955 1925 si
983 1894 1020 1924 te
1046 1888 1215 1935 legatum
1252 1886 1304 1924 ita
1327 1889 1439 1925 Lam-

106 1952 211 2001 psaci
233 1960 440 1992 tractatum
461 1969 546 1994 esse
567 1963 747 1994 senatum
764 1954 966 1993 docuisses
989 1961 1030 1991 ut
1045 1953 1100 1991 tui
1122 1953 1285 1991 comites
1307 1955 1439 1992 vulne-

106 2026 289 2064 rarentur,
316 2018 427 2058 lictor
460 2020 716 2066 occideretur,
748 2020 831 2069 ipse
851 2018 1130 2057 circumsessus
1152 2032 1277 2067 paene
1309 2018 1438 2056 incen-

47 2095 88 2126 30
106 2083 250 2129 derere,
277 2083 360 2121 eius
397 2093 530 2123 autem
568 2085 621 2123 rei
656 2086 778 2123 duces
810 2091 848 2122 et
878 2091 1057 2121 auctores
1088 2083 1283 2133 principes
1306 2083 1434 2130 fuisse,

152 2197 212 2225 1-3
238 2187 358 2218 Recita
387 2212 418 2219 ..
440 2213 446 2218 .
472 2189 656 2219 Thessalus
678 2188 740 2228 prb
771 2189 805 2227 (i,
836 2191 851 2225 ξ
880 2190 934 2226 79Ν
957 2199 962 2217 :
995 2198 1061 2218 om.
1090 2186 1154 2216 ΒΨ
1269 2197 1289 2224 9
1316 2185 1438 2217 Recita

101 2230 184 2267 prb:
207 2241 272 2261 om.
294 2231 329 2260 D
347 2232 409 2262 rell.
544 2243 582 2262 10
605 2233 668 2263 sibi
685 2232 725 2261 πὸ
741 2243 747 2261 :
772 2232 805 2261 in
823 2231 886 2260 hoc
903 2231 964 2261 sibi
983 2230 1047 2260 ΒΨ
1068 2231 1115 2267 χίη
1135 2240 1199 2259 om.
1224 2228 1280 2267 Gl)
1399 2240 1437 2268 19

108 2271 231 2302 Nonne
249 2279 282 2303 te
301 2285 318 2303 r
332 2274 415 2315 ng.
431 2280 560 2313 praeter
573 2287 593 2315 q
667 2286 704 2304 21
728 2274 938 2305 concitarent
960 2273 1043 2313 G2qr
1120 2283 1158 2311 27
1183 2277 1383 2310 argueretur
1402 2273 1437 2301 ὸδ

107 2314 280 2355 (Zielinski
288 2323 322 2357 p.
347 2328 404 2358 193
418 2334 419 2338 =
512 2330 554 2358 30
578 2324 712 2350 actores
728 2330 749 2347 π
838 2321 872 2347 et
888 2317 994 2355 princ.
1014 2315 1132 2346 Lamb.
1150 2315 1218 2346 edd.

151 2386 213 2407 cxc.
228 2387 305 2408 VER.
1328 2379 1345 2407 6
