1715 2734
183 130 209 167 3

179 675 206 712 4

187 725 206 756 8

191 1559 211 1591 9

178 2153 215 2174 10

230 134 245 167 7
593 122 649 158 M.
681 120 851 157 TVLLI
882 117 1190 158 CICERONIS

225 229 431 269 cuiusdam
462 229 591 277 fuisse,
622 242 712 268 eum
744 228 873 267 vocari
905 229 956 266 ad
986 242 1028 266 se
1058 227 1215 266 iussisse
1232 241 1242 274 ς
1279 227 1389 264 illum
1415 226 1559 276 cupide

225 297 276 335 ad
297 303 515 346 praetorem
535 295 646 345 quasi
667 296 717 333 ad
740 295 898 332 laudem
927 301 1046 343 atque
1067 294 1118 331 ad
1139 291 1357 343 praemium
1377 304 1560 330 accucur-

225 360 320 399 risse
337 376 347 409 3
377 360 576 411 quaesisse
600 359 821 398 Domitium
839 358 905 408 qui
928 366 1077 396 tantam
1095 357 1261 397 bestiam
1278 356 1535 407 percussisset
1552 371 1560 403 ;

225 426 335 464 illum
363 426 624 476 respondisse,
646 425 843 463 venabulo
858 439 868 472 ;
898 424 1029 462 statim
1059 423 1206 463 deinde
1236 423 1342 461 iussu
1372 422 1560 473 praetoris

226 492 265 530 in
298 506 454 531 crucem
488 505 573 530 esse
605 492 816 529 sublatum.
879 492 1033 528 Durum
1066 491 1143 528 hoc
1175 491 1338 527 fortasse
1370 488 1559 535 videatur,
1581 506 1597 537 5

225 571 356 608 neque
395 571 468 607 ego
506 559 624 595 ullam
666 557 705 594 in
744 563 895 606 partem
935 556 1122 606 disputo:
1171 562 1324 593 tantum
1363 554 1560 604 intellego,

227 623 410 662 maluisse
435 622 656 661 Domitium
686 623 887 661 crudelem
918 621 957 659 in
987 622 1341 660 animadvertendo
1371 634 1491 670 quarn
1521 620 1560 658 in

227 689 575 740 praetermittendo
596 688 831 726 dissolutum
853 687 987 726 videri.
1049 689 1153 737 Ergo
1181 688 1240 725 his
1271 686 1458 725 institutis
1478 699 1562 736 pro-

226 754 378 792 vinciae
408 754 485 792 iam
517 761 612 800 tum,
645 766 735 791 cum
768 754 872 791 bello
902 753 1099 791 sociorum
1135 760 1218 791 tota
1251 752 1365 790 Italia
1395 753 1559 798 arderet,

226 821 348 858 homo
365 832 444 857 non
462 819 672 858 acerrimus
689 832 762 857 nec
779 818 1023 865 fortissimus,
1044 819 1087 857 C.
1109 818 1333 865 Norbanus,
1350 817 1389 855 in
1406 830 1562 856 summo
1584 834 1619 857 10

226 884 308 923 otio
337 883 435 926 fuit:
468 883 651 934 perfacile
681 883 786 922 enim
817 897 902 922 sese
932 883 1064 922 Sicilia
1098 883 1175 921 iam
1211 884 1404 931 tuebatur,
1439 891 1481 922 ut
1513 897 1564 922 ne

226 951 336 1000 quod
367 964 413 988 ex
444 949 530 1000 ipsa
560 950 708 988 bellum
738 957 872 999 posset
901 949 1096 988 exsistere.
1156 949 1314 988 Etenim
1345 963 1436 988 cum
1466 950 1564 988 nihil

226 1023 307 1054 tam
337 1015 594 1054 coniunctum
625 1015 672 1053 sit
703 1028 821 1065 quam
853 1015 1115 1066 negotiatores
1144 1016 1265 1054 nostri
1301 1029 1392 1054 curn
1423 1016 1563 1055 Siculis

226 1095 311 1129 usu,
343 1095 393 1128 re,
416 1081 576 1128 ratione,
601 1081 823 1128 concordia,
855 1089 894 1119 et
925 1095 1016 1119 cum
1051 1081 1123 1131 ipsi
1154 1081 1272 1120 Siculi
1302 1095 1361 1120 res
1392 1095 1480 1120 suas
1510 1082 1563 1122 ita

227 1147 460 1186 constitutas
490 1148 662 1185 habeant
692 1154 734 1184 ut
764 1147 809 1184 iis
839 1160 978 1197 pacem
1011 1146 1192 1197 expediat
1222 1161 1318 1194 esse,
1353 1147 1561 1197 imperium
1583 1165 1621 1196 15

226 1221 359 1252 autem
388 1212 526 1263 populi
557 1212 729 1250 Romani
759 1212 814 1251 sic
843 1212 1007 1263 diligant
1035 1220 1077 1251 ut
1104 1212 1145 1251 id
1166 1212 1346 1251 imminui
1371 1221 1438 1251 aut
1458 1227 1563 1252 com-

230 1278 369 1317 mutari
386 1278 548 1316 minime
565 1277 695 1324 velint,
715 1290 886 1327 cumque
908 1278 1005 1316 haec
1019 1291 1041 1315 a
1058 1291 1257 1315 servorum
1272 1278 1377 1316 bello
1393 1279 1565 1328 pericula

228 1352 267 1383 et
287 1352 511 1395 praetorum
533 1343 719 1381 institutis
741 1351 779 1381 et
801 1343 1055 1382 dominorum
1071 1342 1279 1393 disciplina
1300 1343 1455 1393 provisa
1476 1343 1563 1390 sint,

229 1411 381 1448 nullum
403 1417 462 1448 est
483 1411 630 1447 malum
652 1408 916 1448 domesticum
934 1410 1042 1458 quod
1065 1422 1110 1446 ex
1131 1408 1215 1459 ipsa
1236 1408 1437 1459 provincia
1458 1409 1565 1448 nasci

229 1476 365 1528 possit.
1587 1488 1626 1511 20

286 1541 396 1588 Quid
433 1540 578 1592 igitur?
620 1540 769 1579 nulline
810 1547 940 1578 motus
974 1539 1012 1578 in
1048 1539 1178 1578 Sicilia
1210 1553 1409 1579 servorum
1445 1543 1567 1581 Verre

231 1615 421 1658 praetore,
444 1608 627 1645 nullaene
649 1605 930 1645 consensiones
953 1607 1077 1644 factae
1099 1619 1184 1644 esse
1205 1606 1418 1645 dicuntur?
1458 1608 1567 1646 Nihil

230 1686 325 1712 sane
345 1674 454 1723 quod
483 1674 534 1711 ad
565 1680 745 1711 senatum
775 1673 1049 1722 populumque
1080 1673 1308 1710 Romanum
1336 1673 1565 1722 pervenerit,

230 1739 327 1777 nihil
344 1739 453 1789 quod
474 1738 546 1777 iste
562 1737 720 1788 publice
738 1739 909 1775 Romam
927 1737 1120 1787 scripserit
1138 1752 1147 1784 3
1175 1746 1213 1775 et
1234 1745 1365 1776 tamen
1381 1747 1565 1789 coeptum

230 1817 316 1843 esse
337 1804 377 1842 in
399 1804 530 1843 Sicilia
559 1803 705 1842 moveri
735 1803 884 1853 aliquot
915 1803 1010 1841 locis
1041 1802 1239 1841 servitium
1270 1803 1455 1854 suspicor.
1518 1806 1565 1844 Id
1586 1819 1626 1851 25

231 1873 333 1910 adeo
362 1885 443 1910 non
473 1878 553 1908 tam
583 1884 630 1908 ex
659 1884 698 1908 re
728 1883 847 1920 quam
877 1883 924 1908 ex
948 1869 1058 1907 istius
1089 1869 1199 1907 sactis
1229 1869 1475 1920 decretisque
1505 1883 1567 1909 co-

231 1950 391 1988 gnosco.
452 1938 512 1974 Ac
533 1935 662 1974 videte
685 1949 802 1986 quam
825 1949 905 1973 non
937 1934 1099 1972 inimico
1128 1934 1262 1972 animo
1292 1934 1364 1972 sim
1386 1943 1566 1974 acturus:

233 2018 307 2055 ego
343 2003 426 2054 ipse
465 2004 563 2041 haec
596 2017 698 2053 quae
730 2003 793 2041 ille
833 2002 996 2052 quaerit,
1037 2014 1138 2051 quae
1176 2002 1308 2039 adhuc
1348 2014 1565 2050 numquam

233 2070 408 2118 audistis,
441 2070 764 2109 commemorabo
793 2076 831 2108 et
860 2070 1065 2118 proferam.

290 2139 337 2175 In
367 2136 603 2182 Triocalino,
636 2148 754 2185 quem
785 2136 916 2173 locum
947 2132 1096 2183 fugitivi
1122 2132 1198 2171 iam
1223 2140 1315 2170 ante
1345 2139 1565 2179 tenuerunt,
1586 2141 1626 2172 30

283 2252 320 2281 15
345 2246 381 2272 ut
400 2242 439 2272 iis
456 2240 523 2272 edd.
544 2252 550 2271 ε
587 2240 633 2270 uti
653 2239 679 2269 is
699 2239 741 2273 R,
762 2240 806 2269 uti
833 2239 886 2269 his
903 2237 939 2275 S,
960 2244 994 2269 ut
1011 2239 1063 2269 his
1084 2239 1126 2279 ρδ
1249 2249 1286 2278 17
1305 2239 1346 2269 ab
1357 2239 1399 2279 pB
1527 2246 1566 2275 27

236 2285 285 2315 Ac
300 2291 347 2325 p:
372 2286 412 2316 ad
434 2290 483 2324 pr.
505 2283 547 2323 R,
568 2284 640 2314 dein
660 2294 736 2314 corr.
756 2283 815 2319 At,
833 2287 861 2312 cl
885 2284 929 2313 sic
947 2282 1040 2313 SDlJ
1061 2283 1119 2322 (iv,
1140 2285 1155 2320 §
1175 2287 1248 2320 151)
1383 2290 1426 2319 30
1449 2287 1566 2311 tenue-

238 2335 311 2360 rant
330 2329 463 2359 Ernesti
