1715 2734
151 113 205 151 50

161 1435 204 1473 51

144 1497 204 1518 120

229 117 287 148 119
590 102 644 138 M.
677 101 846 138 TVLLI
877 100 1184 140 CICERONIS
1232 79 1234 82 ’

224 229 303 253 non
324 214 459 265 populi
484 212 666 261 Romani,
687 213 756 251 sed
778 211 832 250 tui
854 219 1038 262 quaestus
1059 226 1177 251 causa
1196 212 1452 252 vendidisse?
1496 215 1551 252 Vt

223 279 254 319 si
275 279 342 330 qui
363 279 499 318 vilicus
520 293 566 317 ex
587 293 634 317 eo
664 278 789 315 fundo
813 276 878 327 qui
912 277 1087 316 sestertia
1112 279 1216 316 dena
1243 277 1470 325 meritasset,
1488 291 1552 317 ex-

223 345 313 384 cisis
342 345 547 383 arboribus
586 358 631 382 ac
670 342 849 389 venditis,
882 342 1052 392 demptis
1091 343 1240 393 tegulis,
1278 343 1549 391 instrumento,

224 425 366 462 pecore
386 409 619 456 abalienato,
643 407 809 447 domino
825 420 881 445 xx
904 407 1010 445 milia
1031 421 1236 446 nummum
1252 422 1323 458 pro
1344 421 1371 446 x
1392 408 1550 456 miserit,

224 475 300 514 sibi
318 475 395 514 alia
414 482 613 525 praeterea
627 481 786 512 centum
802 473 1024 519 confecerit,
1040 472 1171 523 primo
1191 472 1377 512 dominus
1395 473 1553 523 ignarus

224 540 469 579 incommodi
487 539 543 578 sui
560 540 729 590 gaudeat
749 537 946 587 vilicoque
967 538 1193 585 delectetur,
1210 540 1318 588 quod
1336 546 1446 576 tanto
1466 541 1554 589 plus

225 604 338 659 [sibi]
353 604 547 644 mercedis
559 617 607 643 ex
617 604 744 642 fundo
755 604 944 642 refectum
960 603 1019 649 sit,
1033 603 1191 650 deinde,
1205 616 1297 642 curn
1307 603 1476 642 audierit
1488 618 1554 642 eas

224 686 283 710 res
304 670 448 721 quibus
469 669 579 708 fundi
601 670 748 706 fructus
769 675 806 706 et
827 669 979 706 cultura
998 667 1222 706 continetur
1241 676 1393 707 amotas
1407 676 1446 708 et
1464 682 1555 708 ven-

224 736 335 783 ditas,
359 749 515 773 summo
535 733 730 784 supplicio
742 732 901 771 vilicum
921 732 1079 770 adficiat
1100 740 1138 770 et
1158 746 1293 771 secum
1308 735 1409 772 male
1422 742 1553 772 actum

224 809 360 852 putet:
391 800 485 839 item
515 800 685 850 populus
714 801 931 844 Romanus,
955 812 1046 836 curn
1076 797 1186 837 audit
1216 798 1335 848 pluris
1365 800 1553 837 decumas

225 866 448 905 vendidisse
470 866 513 905 C.
537 867 701 903 Verrem
727 877 846 914 quam
867 862 1236 901 innocentissimum
1264 863 1466 902 hominem
1492 864 1554 902 cui

225 932 299 971 iste
317 930 514 978 successit,
540 931 583 970 C.
604 930 869 975 Sacerdotem,
886 936 997 979 putat
1017 942 1058 967 se
1080 929 1231 967 bonum
1253 928 1292 966 in
1313 929 1555 968 arationibus

226 997 494 1047 fructibusque
518 995 597 1034 suis
621 994 807 1034 habuisse
830 995 1037 1033 custodem
1067 1007 1113 1032 ac
1139 994 1297 1033 vilicum
1318 1010 1326 1043 3
1353 1009 1443 1033 cum
1473 1009 1556 1034 sen-

225 1062 315 1101 serit
344 1061 461 1100 istum
492 1074 611 1099 omne
640 1059 945 1098 instrumentum
974 1066 1185 1107 aratorum,
1215 1059 1350 1098 onmia
1379 1060 1556 1100 subsidia

224 1126 471 1177 vectigalium
503 1125 739 1172 vendidisse,
776 1138 938 1164 omnem
972 1138 1083 1175 spem
1122 1124 1358 1175 posteritatis
1396 1125 1555 1164 avaritia

224 1207 293 1231 sua
333 1192 545 1239 sustulisse,
577 1191 770 1229 arationes
801 1197 838 1228 et
867 1203 979 1241 agros
1009 1189 1207 1240 vectigalis
1237 1198 1408 1229 vastasse
1436 1199 1555 1241 atque

224 1257 454 1305 exinanisse,
496 1257 626 1307 ipsum
664 1255 855 1294 maximos
895 1263 1080 1305 quaestus
1120 1256 1365 1305 praedasque
1404 1255 1552 1303 fecisse,

224 1323 422 1373 intelleget
447 1336 580 1360 secum
611 1328 743 1359 actum
773 1334 857 1359 esse
884 1320 1064 1371 pessime,
1096 1319 1213 1358 istum
1241 1329 1373 1359 autem
1400 1334 1556 1359 summo

223 1388 417 1439 supplicio
446 1387 609 1437 dignum
640 1386 888 1425 existimabit.

278 1455 396 1492 Vnde
426 1467 517 1503 ergo
545 1454 622 1492 hoc
649 1451 820 1501 intellegi
842 1453 1001 1502 potest?
1061 1453 1118 1489 Ex
1146 1452 1221 1489 boc
1244 1451 1423 1499 maxime,
1447 1453 1555 1502 quod
1579 1467 1591 1486 2

222 1533 313 1570 ager
333 1521 577 1558 decumanus
598 1517 822 1568 provinciae
849 1516 1003 1555 Siciliae
1030 1524 1186 1566 propter
1216 1516 1326 1554 istius
1355 1517 1554 1555 avaritiam

223 1586 400 1623 desertus
421 1592 490 1623 est.
542 1585 684 1633 Neque
705 1582 745 1621 id
766 1583 893 1620 solum
914 1581 1057 1620 accidit
1078 1581 1132 1619 uti
1155 1581 1283 1620 minus
1305 1582 1436 1620 multis
1458 1582 1555 1632 iugis

223 1658 386 1696 ararent,
409 1649 438 1688 si
468 1649 534 1699 qui
566 1648 604 1686 in
630 1647 729 1698 agris
757 1654 1039 1693 remanserunt,
1063 1647 1131 1684 sed
1157 1646 1274 1684 etiam
1302 1654 1343 1684 ut
1373 1648 1552 1697 permulti

224 1717 439 1765 locupletes
470 1715 662 1761 bomincs,
697 1712 827 1762 magni
860 1720 897 1750 et
923 1711 1009 1749 navi
1035 1718 1218 1751 aratores.
1248 1725 1359 1760 agros
1384 1713 1482 1749 latos
1509 1726 1554 1750 ac

224 1779 356 1818 fertilis
396 1781 619 1817 desererent
658 1785 839 1827 totasque
876 1776 1070 1814 arationes
1109 1775 1438 1825 derelinquerent.
1506 1778 1552 1814 Id

223 1846 326 1884 adeo
359 1845 445 1883 sciri
485 1844 668 1883 facillime
707 1850 836 1893 potest
875 1856 920 1880 ex
959 1841 1093 1880 litteris
1133 1841 1300 1891 publicis
1339 1841 1554 1888 civitatum,

224 1918 428 1961 propterea
462 1910 570 1959 quod
610 1911 694 1958 lege
729 1906 945 1946 Hieronica
984 1920 1169 1944 numerus
1208 1914 1402 1945 aratorum
1444 1915 1554 1956 quot-

223 1975 335 2013 annis
373 1976 479 2024 apud
511 1973 756 2024 magistratus
788 1971 946 2023 publice
976 1970 1241 2009 subscribitur.
1304 1971 1443 2009 Recita
1474 1980 1554 2009 tan-

224 2043 326 2087 dem,
344 2048 439 2090 quot
460 2039 653 2089 acceperit
675 2047 845 2076 aratores
866 2036 944 2087 agri
968 2035 1150 2074 Leontini
1170 2038 1309 2074 Verres
1328 2051 1333 2072 :
1359 2047 1549 2073 Lxxxrut.

1577 814 1615 837 10

1579 1139 1614 1171 15

1577 1792 1613 1823 ²5

226 2108 335 2155 Quot
356 2118 461 2143 anno
479 2104 592 2142 tertio
609 2104 862 2153 profiteantur
882 2116 888 2138 z
914 2112 1048 2138 xxxii.
1096 2102 1185 2138 Duo
1207 2108 1244 2138 et
1266 2100 1551 2150 quinquaginta
1574 2112 1612 2142 30

268 2225 286 2243 2
312 2214 466 2244 sestertia
484 2211 632 2246 i'llmvllcr,
647 2210 676 2239 ()
691 2213 812 2239 «sensns
829 2206 992 2247 (sext'tia)
1010 2218 1014 2235 :
1045 2206 1104 2235 HS
1121 2210 1141 2240 f»
1159 2205 1222 2236 rell.
1316 2207 1345 2237 6.
1365 2215 1381 2243 7
1406 2205 1467 2235 sibi
1486 2217 1551 2236 om.

225 2269 264 2286 πε
291 2258 365 2295 plus
383 2257 443 2286 sibi
461 2257 515 2286 O:
541 2256 603 2286 sibi
623 2254 697 2294 plus
716 2253 802 2291 vulg.
976 2260 985 2278 1
999 2260 1022 2281 r.
1047 2259 1081 2278 12
1107 2249 1142 2279 C.
1159 2253 1183 2287 p
1201 2248 1264 2278 rell.
1285 2259 1290 2277 :
1315 2259 1380 2279 om.
1405 2248 1434 2278 O
1453 2249 1548 2281 (Am.

220 2300 255 2337 J.
278 2301 335 2331 1³11.
359 2300 449 2335 xxvi,
465 2305 495 2339 p.
517 2301 594 2338 412)
706 2298 743 2327 18
768 2305 843 2326 csse
860 2298 969 2324 actum
990 2293 1020 2322 O
1118 2302 1156 2321 22
1182 2292 1228 2321 uti
1246 2291 1314 2321 cO:
1341 2291 1385 2320 uti
1407 2292 1468 2321 bae
1487 2292 1550 2322 rrk:

225 2349 258 2373 ut
276 2345 305 2373 ei
326 2344 443 2374 Halm.
467 2343 602 2373 Mum:
629 2341 675 2371 uti
695 2341 724 2371 ci
743 2340 842 2379 vas.
1002 2345 1042 2374 23
1067 2339 1199 2365 ararent
1224 2334 1292 2365 cO:
1317 2339 1413 2364 arent
1434 2339 1458 2373 p
1483 2335 1546 2366 rcll.

224 2398 264 2428 25
291 2388 523 2427 relinquerent
542 2386 573 2416 O
