1715 2734
159 127 426 166 ACTIONIS
448 127 508 164 IN
530 127 574 166 C.
598 128 838 166 VERREM
860 129 1157 167 SECVNDAE
1180 131 1283 168 LIB.
1308 132 1366 168 IV
1433 141 1482 181 27
1501 138 1540 170 61

158 242 343 274 venerant
372 249 452 274 non
483 243 641 286 propter
669 236 800 286 Syriae
832 250 1004 287 regnum,
1028 251 1121 275 nam
1151 238 1191 277 id
1221 239 1303 277 sine
1331 248 1482 279 contro-

157 301 279 339 versia
310 300 543 340 obtinebant
574 309 616 339 ut
636 315 658 340 a
678 309 786 351 patre
807 309 844 340 et
863 315 886 339 a
906 302 1118 340 maioribus
1145 312 1388 354 acceperant,
1412 307 1481 344 sed

156 378 317 414 regnum
349 365 518 415 Aegypti
549 367 599 404 ad
631 379 672 404 se
703 373 741 404 et
774 367 825 405 ad
852 368 1029 414 Selenen,
1060 374 1223 406 matrem
1251 382 1373 416 suam,
1401 383 1482 419 per-

156 430 278 468 tinere
297 429 592 468 arbitrabantur.
646 430 678 468 Ii
700 438 955 481 posteaquam
974 432 1216 481 temporibus
1233 432 1285 471 rei
1300 433 1481 482 publicae

119 510 135 541 5
154 495 299 534 exclusi
320 509 388 545 per
408 502 586 533 senatum
607 509 719 545 agere
740 509 841 545 quae
868 497 1070 534 voluerant
1095 510 1173 534 non
1196 505 1417 546 potuerunt,
1442 498 1480 535 in

155 560 301 610 Syriam
319 560 357 597 in
379 573 540 608 regnum
562 560 729 610 patrium
755 562 917 609 profecti
945 568 1045 598 sunt.
1107 563 1253 599 Eorum
1284 563 1389 609 alter,
1413 565 1479 613 qui

153 625 374 663 Antiochus
395 633 565 670 vocatur,
590 627 660 663 iter
681 639 749 675 per
769 625 938 663 Siciliam
961 627 1086 664 facere
1100 628 1231 672 voluit,
1252 627 1383 677 itaque
1406 627 1482 665 isto

152 698 328 741 praetore
372 688 477 727 venit
515 691 731 738 Syracusas.
804 691 884 728 Hic
931 692 1071 729 Verres
1110 691 1366 730 hereditatem
1406 692 1538 731 sibi62

151 755 303 793 venisse
343 753 549 792 arbitratus
588 761 656 801 est,
698 756 807 804 quod
854 754 893 792 in
932 756 1014 794 eius
1053 769 1215 806 regnum
1255 770 1299 794 ac
1340 771 1478 795 manus

94 837 131 858 10
151 826 308 858 venerat
342 818 373 857 is
408 832 526 868 quern
565 817 637 856 iste
675 826 712 857 et
750 820 926 857 audierat
965 821 1087 858 multa
1121 833 1254 858 secum
1283 824 1479 871 praeclara

150 885 294 923 habere
328 892 365 923 et
397 883 676 934 suspicabatur.
737 884 861 922 Mittit
888 885 1038 922 homini
1066 899 1227 923 munera
1259 886 1350 924 satis
1375 889 1477 936 large

149 951 246 988 haec
291 951 342 988 ad
386 963 500 987 usum
540 950 814 996 domesticum,
851 950 937 996 olei,
975 950 1053 987 vini
1093 951 1201 999 quod
1240 950 1365 989 visum
1405 959 1473 998 est,

148 1017 265 1054 etiarn
304 1013 419 1053 tritici
457 1015 565 1064 quod
597 1014 688 1052 satis
719 1021 832 1060 esset,
865 1015 915 1052 de
950 1015 1027 1052 suis
1059 1014 1246 1052 decumis.
1320 1015 1475 1054 Deinde

148 1081 275 1130 ipsum
307 1092 435 1129 regem
465 1080 515 1117 ad
546 1092 684 1117 cenam
715 1078 878 1116 vocavit.
940 1081 1113 1117 Exornat
1142 1081 1271 1128 ample
1303 1080 1475 1129 magnisi-

92 1163 128 1195 15
147 1159 271 1196 ceque
304 1145 541 1191 triclinium3
570 1143 729 1194 exponit
761 1157 817 1190 ea,
853 1143 996 1192 quibus
1034 1144 1274 1191 abundabat,
1308 1144 1475 1194 plurima

146 1218 184 1249 et
215 1210 476 1261 pulcherrima
512 1222 603 1246 vasa
642 1216 984 1258 argentea‚-—nam
1015 1209 1112 1247 haec
1143 1223 1259 1247 aurea
1293 1211 1471 1248 nondum

146 1277 315 1322 fecerat3
345 1273 528 1312 omnibus
559 1281 667 1311 curat
693 1273 808 1311 rebus
838 1273 1070 1311 instructum
1098 1281 1135 1311 et
1162 1281 1340 1323 paratum
1363 1281 1404 1311 ut
1425 1274 1473 1312 sit

145 1340 379 1378 convivium.
454 1339 562 1387 Quid
601 1339 752 1376 multa?
795 1352 860 1376 rex
893 1338 946 1376 ita
984 1339 1162 1377 discessit
1198 1347 1239 1377 ut
1278 1347 1315 1377 et
1355 1341 1470 1377 istum

144 1405 303 1455 copiose
342 1412 522 1443 ornatum
561 1411 599 1442 et
638 1417 678 1442 se
718 1404 934 1442 honorifice
972 1411 1179 1453 acceptum
1211 1404 1469 1443 arbitraretur.

86 1490 126 1511 20
143 1472 270 1508 Vocat
314 1471 364 1508 ad
398 1482 536 1507 cenam
584 1469 730 1507 deinde
777 1468 859 1518 ipse
898 1476 1145 1517 praetorem3
1185 1469 1343 1519 exponit
1383 1483 1470 1507 suas

143 1535 274 1585 copias
305 1535 444 1578 omnis.
478 1535 645 1572 multum
677 1541 892 1584 argentum,
915 1547 995 1571 non
1026 1547 1150 1583 pauca
1174 1536 1298 1572 etiam
1328 1537 1470 1585 pocula

142 1613 188 1637 ex
225 1613 331 1646 auro,
371 1612 482 1648 quae,
524 1606 566 1636 ut
605 1612 690 1636 mos
729 1606 786 1637 est
825 1599 950 1648 regius
989 1606 1027 1637 et
1067 1598 1234 1637 maxime
1273 1600 1311 1637 in
1351 1601 1467 1647 Syria,

140 1666 305 1714 gemmis
335 1671 443 1703 erant
477 1663 661 1702 distincta
693 1663 924 1702 clarissimis.
986 1665 1078 1701 Erat
1113 1665 1229 1701 etiam
1261 1678 1327 1702 vas
1366 1664 1469 1702 vina-

142 1729 252 1776 rium,
285 1743 330 1768 ex
362 1742 439 1767 una
468 1742 624 1779 gemma
653 1728 857 1779 pergrandi
889 1729 1001 1766 trulla
1038 1735 1232 1775 excavata,
1261 1729 1469 1767 manubrio

83 1814 121 1844 25
142 1808 270 1841 aureo,
293 1795 342 1832 de
372 1807 459 1843 qua,
491 1795 620 1840 credo,
652 1793 743 1832 satis
773 1793 962 1832 idoneum
1008 1792 1099 1831 satis
1129 1807 1284 1843 gravem
1315 1802 1465 1841 testem,

143 1860 191 1907 Q.
216 1858 450 1905 Minucium,
473 1858 602 1896 dicere
622 1857 796 1896 audistis.
857 1860 937 1897 Iste
959 1872 1080 1896 unum
1112 1859 1300 1907 quodque
1330 1872 1395 1896 vas
1426 1859 1463 1897 in
1485 1868 1525 1908 63

141 1937 278 1961 manus
299 1936 462 1970 sumere,
484 1924 653 1969 laudare,
677 1924 803 1960 mirari
821 1939 827 1961 ς
859 1937 922 1961 rex
943 1924 1112 1973 gaudere
1133 1922 1299 1972 praetori
1330 1925 1464 1973 populi

140 1987 311 2026 Romani
350 1989 441 2026 satis
476 1989 693 2026 iucundum
728 1995 765 2026 et
796 1996 946 2037 gratum
982 1987 1078 2026 illud
1113 2001 1197 2026 esse
1227 1988 1460 2028 convivium.

140 2056 401 2103 Posteaquam
436 2054 528 2091 inde
561 2053 777 2091 discessum
811 2061 879 2099 est,
912 2054 1080 2102 cogitare
1116 2052 1211 2089 nihil
1244 2053 1314 2090 iste
1345 2053 1462 2101 aliud,

180 2168 199 2195 4
226 2157 251 2186 Ii
269 2155 360 2187 cdd.:
387 2155 429 2186 hii
449 2156 512 2188 R¹2
538 2156 569 2185 hi
588 2157 651 2195 ipsi
670 2156 762 2186 R'S:
790 2157 821 2185 hi
834 2158 897 2196 pq&
1008 2166 1027 2194 5
1053 2157 1083 2185 in
1103 2156 1233 2195 Syriam
1252 2155 1310 2187 dcl.
1329 2155 1461 2197 Lamb„

133 2233 257 2271 Jacoby
392 2243 425 2262 11
454 2233 579 2263 muneri
597 2233 749 2263 Heraeus
885 2243 921 2270 14
946 2234 1076 2263 vocavit
1106 2232 1210 2271 Rsp:
1248 2210 1377 2264 vocabait
1405 2235 1460 2266 H:

138 2281 233 2306 vocat
262 2277 277 2305 δ
412 2286 449 2314 15
473 2281 571 2314 atque
601 2276 739 2315 exponit
766 2277 805 2306 H
934 2287 975 2316 23
999 2287 1057 2306 vas
1083 2276 1240 2305 vinarium
1268 2277 1325 2306 del.
1354 2277 1457 2315 Kiehl,

137 2319 264 2358 Kayser
362 2330 402 2357 24
427 2320 523 2349 trulla
540 2319 597 2349 dcl.
618 2319 754 2352 Riclztma
773 2319 927 2350 Schwabe
1016 2329 1089 2350 cum
1107 2319 1277 2349 manubrio
1294 2322 1331 2349 πδ
1420 2331 1460 2361 :25

138 2363 237 2393 credo
254 2363 336 2393 satis
353 2362 464 2402 RHp:
489 2363 570 2393 satis
588 2363 689 2393 credo
706 2362 768 2392 ΞΨ
1357 2407 1373 2427 *

1313 2410 1351 2429 oo
