1715 2734
163 71 431 111 ACTIONIS
463 71 523 109 IN
554 71 598 109 C.
622 71 862 109 VERREM
894 71 1190 109 SECVNDAE
1222 72 1323 109 LIB.
1349 72 1391 109 II
1435 80 1484 119 73

161 180 193 220 si
213 171 314 231 quae
343 181 509 231 cognovi
539 181 578 218 in
607 180 748 227 Sicilia,
775 195 876 231 quae
902 181 1036 231 accepi
1065 181 1115 219 ab
1146 180 1250 230 ipsis,
1279 180 1485 230 diligenter

160 260 387 296 exposuero,
406 247 553 296 populo
575 247 760 284 Romano
780 247 811 284 si
832 247 975 285 nullius
996 246 1087 293 vim,
1104 245 1246 283 nullius
1266 245 1483 294 potentiam

159 311 406 360 pertimuere,
425 311 536 348 vobis
557 310 587 348 si
608 312 833 349 facultatem
850 325 938 350 vere
957 319 1076 361 atque
1097 311 1261 348 honeste
1282 310 1482 348 iudicandi

159 376 236 413 fide
275 383 312 413 et
351 375 550 425 diligentia
590 389 677 413 mea
715 378 855 423 fecero,
898 376 1076 414 mihimet
1117 375 1146 413 si
1187 388 1236 413 ne
1274 375 1482 413 minimum

119 456 135 486 5
157 441 318 490 quidem
357 442 407 478 de
446 454 535 478 meo
567 441 759 480 curriculo
791 441 902 488 vitae,
937 442 1044 490 quod
1080 440 1176 477 mihi
1211 453 1364 489 semper
1397 453 1482 489 pro—

156 505 327 555 positum
349 506 430 551 fuit,
454 507 670 543 decessero.
734 507 984 556 Quapropter
1004 505 1100 542 nihil
1122 512 1179 543 est
1200 506 1308 554 quod
1329 512 1480 543 metuas

154 584 204 607 ne
224 569 320 619 quid
340 570 378 606 in
401 577 438 607 te
458 571 680 619 confingam
698 586 703 607 :
733 570 851 608 etiam
872 571 980 620 quod
1000 571 1141 607 laetere
1162 569 1294 607 habes.
1352 571 1481 608 Multa

154 634 259 672 enim
281 648 381 684 quae
402 634 483 672 scio
503 648 525 671 a
547 642 584 672 te
605 648 690 673 esse
711 635 931 681 commissa,
950 636 1058 684 quod
1078 641 1145 672 aut
1165 634 1331 672 nimium
1352 634 1479 684 turpia

153 707 219 737 aut
249 712 385 748 parum
417 699 618 737 credibilia
648 708 748 745 sunt,
782 699 1097 750 praetermittam.
1157 701 1330 737 Tantum
1364 712 1477 748 agam

99 779 133 800 ιο
153 766 203 803 de
238 765 313 802 hoc
335 772 418 802 toto
447 766 608 804 nomine
638 766 843 804 societatis.
904 766 957 801 Vt
978 764 1053 801 iam
1083 763 1179 801 scire
1203 763 1340 813 possis,
1362 777 1477 813 quae-

152 842 232 866 ram
255 831 510 868 decretumne
533 831 590 868 sit.
643 832 743 869 Cum
767 830 806 867 id
827 830 1023 875 invenero,
1046 841 1230 878 quaeram
1252 836 1476 866 remotaene

151 894 228 932 sint
258 895 417 934 litterae.
483 897 585 934 Cum
614 895 654 933 id
679 908 838 944 quoque
867 893 1073 939 constabit,
1106 906 1174 931 vos
1204 892 1281 930 iam
1305 893 1382 930 hoc
1412 906 1475 931 me

151 959 270 997 tacito
303 960 556 1009 intellegetis:
592 960 623 997 si
655 959 708 996 illi
738 959 805 1008 qui
835 960 911 996 hoc
941 958 1050 996 istius
1077 971 1195 996 causa
1219 959 1475 996 decreverunt

149 1024 300 1074 equites
335 1025 505 1063 Romani
541 1038 645 1062 nunc
678 1024 782 1061 idem
813 1023 852 1060 in
882 1035 972 1060 eum
1003 1022 1153 1060 iudices
1182 1029 1323 1069 essent,
1355 1021 1473 1059 istum

94 1105 128 1135 15
149 1088 233 1127 sine
264 1090 388 1128 dubio
418 1091 737 1136 condemnarent,
771 1091 821 1127 de
851 1101 931 1138 quo
962 1089 1107 1127 litteras
1137 1102 1202 1127 eas
1232 1101 1332 1138 quae
1364 1088 1473 1127 istius

149 1155 250 1192 furta
287 1154 505 1193 indicarent
543 1163 580 1192 et
613 1156 664 1193 ad
696 1168 736 1193 se
770 1153 907 1192 missas
936 1161 974 1191 et
1009 1167 1080 1191 suo
1111 1155 1270 1192 decreto
1304 1160 1472 1191 remotas

149 1219 292 1259 scirent
327 1235 421 1259 esse.
481 1223 611 1270 Quem
641 1220 756 1270 igitur
784 1219 834 1258 ab
865 1219 910 1257 iis
940 1218 1138 1268 equitibus
1170 1217 1372 1263 Romanis,
1405 1217 1472 1266 qui

148 1285 257 1324 istius
282 1300 400 1324 causa
423 1286 585 1336 cupiunt
609 1286 756 1333 omnia,
777 1285 844 1335 qui
870 1284 920 1322 ab
947 1296 995 1322 eo
1020 1282 1299 1332 benignissime
1320 1282 1471 1320 tractati

148 1358 251 1398 sunt,
282 1351 537 1389 condemnari
563 1364 723 1389 necesse
747 1358 859 1396 esset,
884 1349 914 1386 is
935 1362 958 1386 a
978 1348 1100 1395 vobis,
1125 1347 1284 1394 iudices,
1313 1348 1390 1385 ulla
1411 1347 1472 1385 via

89 1432 128 1454 20
146 1423 213 1453 aut
234 1415 382 1454 ratione
402 1415 551 1453 absolvi
572 1417 729 1465 potest?

200 1482 258 1518 Ac
280 1495 328 1518 ne
350 1482 447 1518 forte
467 1494 525 1527 ea,
545 1493 646 1530 quae
670 1487 820 1518 remota
840 1479 890 1517 de
912 1478 1044 1517 medio
1064 1486 1181 1527 atque
1202 1484 1335 1527 erepta
1354 1476 1469 1515 nobis
1494 1481 1549 1510 181

86 1755 123 1785 25

145 1553 246 1591 sunt,
280 1546 413 1583 omnia
456 1545 508 1582 ita
545 1545 705 1583 condita
743 1545 862 1582 fuisse
899 1552 1018 1593 atque
1057 1543 1109 1581 ita
1142 1542 1277 1581 abdita
1311 1542 1469 1580 latuisse

144 1610 350 1650 videantur
380 1620 421 1650 ut
460 1613 556 1651 haec
589 1611 801 1661 diligentia,
838 1624 957 1660 quam
996 1622 1069 1659 ego
1102 1622 1124 1646 a
1158 1621 1221 1645 me
1254 1607 1468 1656 exspectari

144 1676 311 1714 maxime
327 1685 432 1727 puto,
451 1677 548 1714 nihil
568 1690 702 1715 eorum
724 1675 965 1724 investigare,
984 1673 1080 1711 nihil
1100 1671 1265 1721 adsequi
1285 1672 1465 1721 potuerit,

142 1754 297 1790 —quae
313 1742 477 1780 consilio
496 1742 628 1791 aliquo
647 1748 714 1779 aut
734 1739 883 1777 ratione
900 1738 1062 1776 inveniri
1082 1744 1293 1787 potuerunt
1309 1736 1466 1775 inventa

143 1814 244 1852 sunt,
282 1806 430 1844 iudices
448 1822 454 1844 z
496 1806 710 1844 manifestis
750 1805 789 1842 in
830 1805 945 1842 rebus
984 1802 1187 1841 hominem
1226 1801 1303 1839 iam
1343 1802 1464 1839 teneri

143 1871 336 1910 videbitis.
387 1873 490 1909 Nam
512 1872 619 1920 quod
640 1870 680 1908 in
701 1869 1001 1920 publicanorum
1024 1867 1149 1906 causis
1171 1868 1231 1905 vel
1251 1866 1463 1916 plurimum

164 1986 183 2006 2
208 1977 272 2006 vim
292 1975 416 2006 nullius
433 1986 499 2005 om.
520 1973 578 2004 CO
732 1984 750 2012 4
777 1973 928 2003 mihimet
946 1973 973 2003 si
994 1971 1116 2012 COpq:
1142 1970 1221 2001 mihi
1239 1970 1272 2000 in
1291 1980 1331 2000 eo
1348 1971 1376 2000 si
1395 1971 1459 2001 rell.

141 2021 162 2050 8
185 2031 204 2050 a
220 2026 252 2050 te
269 2019 328 2049 CO
345 2031 350 2049 :
375 2018 433 2049 abs
450 2023 482 2048 te
495 2024 519 2058 p
536 2017 601 2049 rell.
744 2028 782 2047 10
807 2017 941 2046 nomine
958 2015 1044 2046 codd.
1065 2027 1070 2044 1
1095 2015 1233 2045 crimine
1252 2013 1350 2052 Bake,
1372 2013 1466 2044 Cobet

142 2068 177 2093 ut
193 2064 257 2093 iam
276 2064 360 2094 scire
376 2063 486 2102 possis
504 2061 581 2092 CO:
608 2066 640 2092 ut
658 2071 730 2091 eam
749 2061 835 2091 scire
853 2059 988 2100 possitis
1001 2065 1023 2098 p
1043 2059 1109 2090 rell.
1193 2067 1350 2096 quaeram
1370 2081 1376 2088 .
1397 2082 1403 2088 .
1425 2081 1431 2087 .
1450 2081 1458 2088 .

142 2107 304 2137 invenero
321 2106 372 2137 s.l.
387 2106 424 2146 p²
559 2115 597 2135 12
621 2106 685 2135 iarn
703 2105 765 2134 hoc
783 2114 835 2133 me
852 2115 893 2133 π;
919 2104 979 2133 hoc
997 2113 1062 2134 om,
1081 2102 1100 2131 b
1117 2101 1194 2139 (vos
1212 2102 1274 2131 iam
1291 2103 1358 2133 mei
1377 2113 1384 2131 ι
1408 2112 1461 2131 me

142 2150 206 2180 iam
224 2151 285 2180 hoc
305 2150 364 2179 CO
498 2159 534 2186 14
561 2152 589 2178 et
609 2158 644 2187 17
670 2158 720 2186 eq.
742 2147 839 2177 Rom.
860 2146 928 2179 secl.
947 2146 1046 2183 Bake,
1067 2145 1169 2184 Kays.
1280 2146 1319 2173 16
1343 2144 1461 2174 missas

141 2204 217 2223 esse
234 2204 293 2224 suo
313 2193 372 2223 CO
506 2202 545 2230 19
570 2192 621 2221 via
640 2190 708 2230 Cpq
724 2202 730 2220 τ
755 2192 786 2221 vi
806 2190 872 2221 rell.
984 2200 1026 2219 20
1050 2193 1161 2228 potest
1174 2187 1217 2227 pb
1233 2188 1323 2227 vulg.
1346 2187 1457 2226 (prob.

141 2237 219 2268 Ziel.
234 2243 267 2277 p.
293 2236 364 2275 194)
382 2247 387 2265 :
413 2235 520 2274 potuit
539 2233 617 2264 CO:
643 2234 767 2274 poterit
785 2232 893 2263 Halm
910 2232 942 2271 (ξ
965 2242 1024 2271 ῐο5
1042 2234 1157 2271 supra)
1282 2241 1324 2261 22
1349 2230 1459 2261 abdite

142 2280 305 2320 Cb6‚sort.
323 2284 398 2310 recte
537 2288 578 2316 23
603 2278 685 2308 haec
705 2276 783 2306 CO:
809 2277 871 2306 hac
883 2282 906 2316 p
925 2276 992 2308 rell.
1134 2285 1175 2313 24
1201 2274 1398 2312 investigari
1417 2273 1461 2303 Ch

142 2325 184 2352 26
207 2324 317 2353 teneri
335 2322 489 2353 videbitis
499 2322 542 2362 ph
558 2321 646 2362 vulg.
666 2320 770 2361 (prob.
790 2318 870 2350 Ziel.
890 2319 955 2360 l.c.)
971 2331 977 2349 :
1002 2318 1157 2350 videbitis
1173 2318 1283 2348 teneri
1301 2317 1361 2348 CO

185 2395 247 2416 cte.
267 2395 345 2416 VER.
1333 2382 1373 2411 13

1506 82 1568 118 179

1505 512 1564 542 180
