1715 2734
204 142 472 181 ACTIONIS
502 142 562 180 IN
593 141 637 181 C.
660 141 901 179 VERREM
932 138 1228 179 SECVNDAE
1260 140 1362 177 LIB.
1385 140 1422 176 V
1496 141 1524 178 6
1547 153 1580 185 η

202 251 289 302 quis
310 266 351 290 se
372 265 620 291 commovere
635 253 806 299 auderet,
826 258 1017 301 quantum
1039 250 1190 289 terroris
1212 250 1367 288 iniecit!
1412 251 1528 290 Com-

201 316 340 365 prendi
370 316 506 363 iussit,
547 315 634 365 quis
664 330 745 354 non
780 315 1062 366 pertimescat?
1117 328 1275 352 causam
1297 315 1427 354 dicere
1461 317 1528 355 do-

201 381 354 428 minosg
393 382 489 431 quid
523 393 634 419 servo
673 388 752 419 tam
793 380 1122 418 formidolosum?
1180 380 1352 417 FECISSE
1381 392 1526 417 VIDERI

200 444 426 493 pronuntiat
442 459 454 491 3
500 452 673 483 exortam
713 444 865 483 videtur
904 445 1102 482 flammam
1144 456 1360 492 paucorum
1391 445 1528 482 dolore

162 522 245 553 5ac
285 517 409 548 morte
448 509 680 548 restinxisse.
752 509 861 556 Quid
900 509 1045 548 deinde
1093 507 1299 557 sequitur?
1354 509 1528 547 Verbera

199 580 318 623 atque
354 574 462 624 ignes
502 582 540 612 et
579 573 643 611 illa
682 581 854 612 extrema
884 575 936 612 ad
970 572 1207 623 supplicium
1235 574 1524 620 damnatorum,

199 646 348 677 metum
378 647 607 685 ceterorum,
632 639 827 677 cruciatus
857 647 895 678 et
925 652 1027 677 crux.
1089 637 1213 675 Hisce
1234 637 1419 676 omnibus
1441 651 1528 687 sup-

198 704 323 754 pliciis
353 713 443 743 sunt
477 704 638 743 liberati.
698 704 798 751 Quis
830 704 983 743 dubitet
1016 702 1110 752 quin
1144 716 1342 740 servorum
1374 703 1527 741 animos

198 783 352 807 summa
390 769 599 809 formidine
639 770 883 820 oppresserit,
924 782 1015 807 cum
1053 769 1229 806 viderent
1263 782 1309 806 ea
1343 768 1527 806 facilitate

141 848 180 870 10
198 842 418 883 praetorem
459 842 500 872 ut
540 835 591 872 ab
631 847 678 872 eo
726 847 925 872 servorum
972 833 1127 872 sceleris
1167 832 1527 882 coniurationisque

198 899 474 936 damnatorum
494 899 573 936 vita
591 900 650 936 vel
669 899 754 948 ipso
775 899 957 937 carnifice
979 898 1219 937 internuntio
1242 898 1526 936 redimeretur?

252 963 390 1009 Quid?
419 965 495 1001 hoc
516 963 555 1001 in
576 964 849 1013 Apolloniensi
868 963 1131 1008 Aristodamo,
1155 962 1283 1012 quid?
1311 962 1350 1000 in
1374 964 1525 1001 Leonte
1545 951 1567 989 7

197 1027 465 1066 Imacharensi
497 1041 577 1066 non
611 1028 717 1066 idem
751 1028 905 1066 fecisti?
962 1028 1101 1081 Quid?
1143 1027 1215 1066 iste
1250 1034 1380 1065 motus
1413 1011 1585 1066 servi-15

196 1091 338 1129 tiorum
353 1092 525 1142 bellique
541 1091 671 1130 subita
687 1092 857 1142 suspicio
875 1100 1000 1130 utrum
1021 1092 1091 1130 tibi
1108 1093 1267 1130 tandem
1282 1092 1524 1142 diligentiam

140 1171 175 1204 15
195 1156 480 1195 custodiendae
510 1156 734 1206 provinciae
763 1171 814 1194 an
844 1170 986 1195 novam
1020 1156 1210 1195 rationem
1246 1155 1524 1206 improbissimi

195 1229 380 1271 quaestus
401 1222 560 1260 attulit?
618 1221 868 1271 Halicyensis
898 1221 1154 1268 Eumenidae,
1179 1221 1322 1260 nobilis
1352 1221 1524 1260 hominis

195 1294 233 1324 et
263 1287 428 1334 honesti,
461 1301 625 1337 magnae
655 1287 846 1337 pecuniae
881 1287 1016 1325 vilicus
1049 1300 1139 1325 cum
1172 1286 1342 1336 impulsu
1373 1294 1441 1324 tuo
1470 1286 1524 1324 in-

194 1350 398 1388 simulatus
430 1359 541 1398 esset,
578 1353 648 1389 HS
681 1353 737 1389 131
767 1366 790 1389 a
821 1351 985 1390 domino
1017 1351 1213 1401 accepisti,
1254 1352 1361 1400 quod
1400 1365 1524 1401 nuper

194 1414 278 1464 ipse
316 1415 461 1453 iuratus
500 1416 635 1454 docuit
670 1430 788 1466 quem
820 1417 870 1454 ad
906 1417 1070 1454 modum
1102 1423 1255 1465 gestum
1287 1422 1399 1453 esset.
1458 1416 1522 1453 Ab

136 1496 176 1518 20
194 1478 325 1528 equite
357 1480 541 1518 Romano
563 1481 606 1519 C.
632 1480 820 1519 Matrinio
848 1481 1023 1528 absente,
1055 1494 1145 1518 cum
1176 1480 1207 1518 is
1232 1487 1333 1517 esset
1356 1481 1520 1526 Rornae,

194 1544 302 1592 quod
332 1543 415 1581 eius
444 1543 578 1582 vilicos
608 1552 862 1594 pastoresque
892 1544 963 1583 tibi
998 1545 1036 1582 in
1072 1544 1337 1594 suspicionem
1370 1544 1522 1582 venisse

193 1607 354 1654 dixeras,
389 1609 458 1646 HS
490 1611 543 1648 D—c
570 1610 774 1648 abstulisti.
836 1609 943 1648 Dixit
973 1611 1048 1648 hoc
1080 1612 1121 1648 L.
1156 1609 1321 1656 Flavius,
1354 1610 1421 1658 qui
1451 1610 1521 1648 tibi

192 1685 279 1710 eam
310 1673 518 1722 pecuniam
546 1674 775 1721 numeravit,
799 1682 1026 1723 procurator
1056 1675 1100 1713 C.
1126 1673 1298 1720 Matrini,
1322 1673 1418 1711 dixit
1439 1673 1521 1723 ipse

194 1737 415 1785 Matrinius,
447 1737 542 1776 dicit
571 1739 627 1776 vir
661 1738 907 1785 clarissimus,
945 1739 1017 1777 Cn.
1051 1739 1241 1776 Lentulus
1274 1750 1423 1784 censor,
1453 1738 1520 1787 qui

134 1819 173 1852 25
194 1801 355 1840 Matrini
383 1802 542 1840 honoris
577 1816 694 1841 causa
723 1802 869 1841 recenti
898 1802 1056 1852 negotio
1085 1803 1135 1840 ad
1171 1810 1208 1840 te
1237 1801 1380 1840 litteras
1416 1801 1520 1839 misit

193 1866 484 1916 mittendasque
509 1868 665 1905 curavit.

247 1931 389 1977 Quid?
436 1932 486 1969 de
526 1931 751 1982 Apollonio,
792 1930 923 1969 Diocli
961 1930 1051 1977 filio,
1095 1931 1414 1976 Panhormitano,
1456 1930 1519 1968 cui
1543 1938 1579 1969 16

194 1995 365 2034 Gemino
386 2008 607 2045 cognomen
629 2004 696 2043 est,
721 1984 917 2046 praeteriri
945 1998 1106 2045 potest?
1164 1995 1320 2045 Ecquid
1341 1997 1417 2033 hoc
1438 2002 1520 2034 tota

193 2059 323 2098 Sicilia
342 2059 492 2107 clarius,
516 2061 659 2111 ecquid
685 2060 895 2111 indignius,
916 2060 1058 2109 ecquid
1085 2060 1327 2099 manifestius
1358 2061 1518 2110 proferri

133 2145 174 2175 30
193 2126 354 2175 potest?
411 2125 553 2173 Quem,
586 2134 627 2164 ut
658 2127 925 2164 Panhormum
955 2125 1070 2171 venit,
1102 2126 1152 2163 ad
1182 2139 1223 2163 se
1252 2125 1381 2163 vocari
1411 2134 1449 2164 et
1469 2128 1519 2165 de

193 2189 377 2227 tribunali
412 2189 519 2228 citari
554 2190 663 2229 iussit
697 2203 890 2229 concursu
922 2204 1065 2240 magno
1100 2191 1398 2241 frequentiaque
1429 2205 1519 2230 con-

193 2261 343 2292 ventus.
391 2254 588 2293 Homines
610 2255 740 2293 statim
760 2254 890 2304 loqui:
925 2257 933 2274 ‘
952 2255 1123 2293 Mirabar
1144 2256 1252 2304 quod
1269 2256 1515 2305 Apollonius,

241 2358 253 2377 1
283 2348 476 2387 comprendi
499 2347 584 2379 RS:
619 2347 910 2388 comprehendis>
936 2347 1024 2387 vulg,
1166 2358 1181 2386 7
1208 2349 1374 2381 cruciatus
1392 2353 1456 2390 p6:
1484 2358 1518 2383 et

195 2401 285 2422 cruc.
304 2391 396 2422 st
550 2402 587 2431 13
614 2391 839 2423 Imacharensi
857 2390 955 2420 Prisc.
972 2402 977 2421 :
1004 2391 1211 2422 macharensi
1229 2393 1317 2424 codd.
1478 2407 1517 2426 22

196 2444 239 2464 Dc
260 2436 330 2464 sine
351 2435 468 2465 lineola
492 2435 556 2465 RS
573 2447 578 2465 ι
603 2436 732 2466 centies
744 2439 787 2477 p&
925 2444 966 2472 24
990 2435 1069 2463 dicit
1090 2444 1108 2472 q
1126 2446 1132 2463 z
1166 2435 1254 2465 dicet
1269 2438 1333 2474 pB:
1365 2447 1429 2469 om.
1455 2438 1517 2470 Rs

195 2487 235 2517 27
261 2478 444 2517 Dioclipfit
470 2479 599 2509 Dioclis
617 2479 708 2509 st
