1715 2734
145 103 188 140 14
211 109 249 141 35
580 95 636 132 M.
669 95 839 132 TVLLI
870 93 1178 133 CICERONIS

207 205 324 254 davit,
357 206 412 245 sic
444 220 513 245 eos
547 205 683 256 accepi
718 212 761 243 ut
796 218 858 243 me
888 204 1068 243 omnium
1101 204 1320 244 officiorum
1349 204 1540 256 obstringi

206 271 393 321 religione
417 271 621 309 arbitrarer
641 274 647 308 1
708 272 769 308 Ita
789 277 974 320 quaestor
995 283 1082 308 sum
1104 271 1229 309 factus
1249 278 1292 309 ut
1313 270 1409 308 mihi
1430 270 1540 309 illum

207 337 398 374 honorem
417 344 499 374 tum
516 350 595 374 non
614 337 740 374 solum
764 336 913 382 datum,
932 336 1003 374 sed
1023 335 1141 374 etiam
1163 336 1356 374 creditum
1377 343 1415 374 et
1435 349 1541 375 com—

206 402 368 440 missum
390 410 567 451 putarem
589 416 596 448 3
627 401 681 439 sic
696 400 850 440 obtinui
873 409 1125 451 quaesturam
1139 401 1179 440 in
1195 401 1325 440 Sicilia
1341 400 1542 452 provincia

206 474 248 504 ut
277 466 455 505 omnium
474 468 610 505 oculos
633 466 671 503 in
694 480 757 504 me
778 480 901 504 unum
924 466 1126 505 coniectos
1153 480 1238 505 esse
1262 466 1476 514 arbitrarer,
1499 474 1541 505 ut
1561 477 1577 508 5

207 545 270 570 me
302 539 634 581 quaesturamque
675 545 802 569 meam
834 531 946 581 quasi
976 531 1017 569 in
1046 531 1180 582 aliquo
1209 540 1396 571 terrarum
1435 532 1541 571 orbis

206 597 358 635 theatro
378 596 521 634 versari
541 595 816 643 existimarem,
839 605 881 634 ut
909 610 1064 647 semper
1085 597 1219 635 omnia
1239 611 1341 647 quae
1368 597 1542 637 iucunda

205 661 386 700 videntur
400 674 495 708 esse,
518 674 564 699 ea
585 674 664 699 non
687 663 809 700 modo
830 662 889 699 his
911 662 1225 701 extraordinariis
1246 662 1539 712 cupiditatibus,

143 733 183 772 36
204 728 274 765 sed
295 727 411 765 etiam
435 727 507 777 ipsi
529 734 692 765 naturae
706 740 752 765 ac
774 727 997 766 necessitati
1015 729 1262 778 denegarem.
1311 729 1349 766 N
1353 742 1430 767 unc
1453 743 1538 767 sum

140 1524 178 1558 37

140 1949 182 1987 15

141 2004 180 2038 3s

203 792 429 843 designatus
450 792 587 831 aedilis
606 807 615 841 ;
645 793 775 832 habeo
797 793 987 832 rationem
1010 793 1107 843 quid
1127 807 1150 831 a
1177 795 1325 844 populo
1355 795 1540 833 Romano
1562 809 1600 831 ῐο

203 857 450 907 acceperim3
481 857 577 895 mihi
607 859 722 897 ludos
753 858 1020 896 sanctissimos
1051 858 1220 896 maxima
1253 872 1344 896 cum
1377 872 1469 897 cura
1502 867 1540 898 et

203 923 442 962 caerimonia
492 923 636 971 Cereri,
687 923 842 971 Libero,
892 923 1137 974 Liberaeque
1185 923 1403 972 faciundos,
1443 924 1539 962 mihi

204 991 359 1028 Floram
392 996 556 1027 matrem
586 990 735 1039 populo
770 988 956 1039 plebique
993 991 1200 1028 Romanae
1229 991 1412 1028 ludorum
1443 991 1540 1028 cele-

204 1055 343 1093 britate
382 1055 629 1105 placandam,
670 1054 766 1092 mihi
813 1055 929 1093 ludos
972 1054 1278 1104 antiquissimos,
1318 1054 1385 1104 qui
1423 1054 1537 1105 prirni

205 1119 377 1159 Romani
407 1119 593 1170 appellati
623 1127 724 1167 sunt,
748 1133 838 1157 cum
870 1118 1060 1169 dignitate
1090 1119 1260 1157 maxima
1288 1126 1327 1157 et
1352 1118 1538 1169 religione
1560 1132 1596 1164 15

204 1186 302 1234 Iovi,
335 1185 492 1232 Iunoni,
526 1184 811 1235 Minervaeque
842 1199 927 1223 esse
958 1184 1177 1232 faciundos,
1213 1184 1310 1223 mihi
1341 1198 1536 1223 sacrarum

201 1251 361 1290 aedium
407 1249 736 1300 procurationem,
769 1249 865 1287 mihi
896 1257 1019 1288 totam
1052 1250 1192 1288 urbem
1231 1251 1421 1288 tuendam
1453 1263 1537 1288 esse

201 1315 480 1361 commissam;
518 1315 570 1353 ob
603 1328 735 1352 earum
775 1328 903 1353 rerum
946 1315 1121 1353 laborem
1155 1321 1193 1353 et
1231 1314 1536 1353 sollicitudinem

202 1383 347 1420 fructus
365 1380 450 1417 illos
466 1381 590 1426 datos,
615 1378 877 1428 antiquiorem
896 1378 936 1416 in
957 1387 1095 1417 senatu
1111 1379 1330 1418 sententiae
1344 1379 1537 1418 dicendae

201 1448 343 1492 locum,
367 1452 498 1495 togam
531 1451 781 1494 praetextam,
812 1445 947 1482 sellam
978 1445 1165 1490 curulem,
1189 1444 1248 1482 ius
1278 1443 1458 1494 imaginis
1486 1445 1537 1482 ad
1559 1456 1598 1478 20

202 1510 433 1549 memoriam
450 1509 804 1560 posteritatemque
820 1510 1060 1559 prodendae.
1113 1511 1172 1548 Ex
1186 1509 1245 1547 his
1263 1523 1336 1559 ego
1351 1509 1537 1548 omnibus

201 1576 329 1623 rebus,
366 1574 639 1621 iudices,—ita
681 1573 775 1611 mihi
815 1573 944 1612 omnis
984 1575 1080 1613 deos
1120 1574 1310 1625 propitios
1353 1574 1538 1621 velim‚——

201 1640 353 1680 etiamsi
386 1640 480 1678 mihi
511 1639 818 1678 iucundissimus
841 1647 898 1677 est
920 1641 1047 1677 honos
1068 1639 1215 1690 populi,
1240 1648 1372 1678 tamen
1393 1654 1535 1690 nequa-

201 1719 319 1756 quam
349 1705 462 1755 capio
488 1712 640 1743 tantum
669 1704 880 1754 voluptatis
908 1712 1100 1754 quantum
1130 1712 1167 1743 et
1195 1704 1469 1743 sollicitudinis
1498 1712 1536 1742 et

200 1771 355 1817 laboris,
379 1778 420 1809 ut
441 1772 538 1809 haec
560 1770 644 1820 ipsa
664 1770 854 1818 aedilitas,
876 1784 957 1808 non
978 1770 1070 1820 quia
1090 1784 1252 1809 necesse
1273 1770 1398 1817 fuerit,
1418 1769 1535 1809 alicui
1555 1784 1594 1816 ²5

201 1835 415 1874 candidato
447 1837 550 1882 data,
573 1836 653 1882 sed,
677 1835 769 1885 quia
789 1835 843 1873 sic
872 1835 1099 1885 oportuerit,
1129 1843 1232 1874 recte
1262 1837 1469 1874 conlocata
1497 1843 1536 1874 et

202 1900 348 1939 iudicio
371 1901 505 1951 populi
527 1900 566 1938 in
588 1902 676 1939 loco
697 1914 781 1938 esse
802 1900 930 1950 posita
950 1900 1138 1939 videatur.

256 1969 319 2004 Tu
345 1980 436 2004 cum
460 1980 564 2004 esses
593 1974 748 2016 praetor
769 1966 1013 2004 renuntiatus
1044 1980 1207 2017 quoquo
1229 1967 1535 2014 modo‚—-mitto

201 2032 307 2070 enim
346 2040 383 2070 et
416 2040 616 2082 praetereo
649 2031 744 2081 quid
784 2039 867 2070 tum
907 2032 955 2070 sit
995 2033 1267 2079 actum,—-sed
1306 2047 1397 2071 cum
1430 2046 1534 2071 esses

201 2097 455 2143 renuntiatus,
482 2105 523 2134 ut
554 2096 644 2143 dixi,
676 2111 756 2135 non
792 2096 875 2147 ipsa
903 2097 1107 2147 praeconis
1136 2111 1232 2135 voce
1262 2097 1451 2136 excitatus
1480 2111 1532 2144 es,
1555 2109 1594 2139 30

200 2163 267 2214 qui
297 2171 334 2202 te
368 2163 512 2201 totiens
542 2161 741 2201 seniorum
773 2162 1051 2212 iuniorumque
1080 2162 1266 2200 centuriis
1297 2161 1363 2200 illo
1384 2163 1534 2200 honore

245 2277 263 2296 2
288 2267 431 2297 arbitrer
450 2266 510 2296 RS
667 2275 686 2304 5
713 2276 812 2295 unum
832 2265 906 2305 Rp:
932 2276 995 2296 om.
1013 2266 1073 2296 Sw
1240 2267 1259 2295 8
1284 2275 1359 2296 esse
1378 2265 1535 2296 videntur

201 2310 260 2340 Sw
365 2321 404 2340 ca
422 2322 487 2341 om.
506 2311 546 2349 ρδ
703 2319 739 2346 15
767 2310 911 2339 Romani
929 2314 1007 2340 sunt
1026 2309 1188 2339 nominati
1202 2310 1244 2348 Ῐ>δ
1393 2319 1429 2338 21
1458 2318 1532 2347 pro-

202 2354 332 2384 dendae
354 2354 560 2383 Gronovius-2
585 2353 792 2391 prodendam
812 2352 898 2384 codd.
1017 2363 1058 2391 23
1083 2353 1214 2382 etiamsi
1233 2352 1294 2383 RS
1316 2363 1322 2382 ε
1348 2357 1382 2382 ut
1400 2351 1531 2382 tametsi

200 2403 224 2437 p
240 2397 309 2428 cdd.
329 2398 375 2437 (v,
395 2400 410 2434 §
429 2398 482 2437 81)
