1715 2734
148 76 198 122 78
227 84 283 114 182
586 79 642 115 M.
675 78 843 115 TVLLI
876 78 1182 117 CICERONIS

221 202 294 227 nus
315 189 469 236 habeat,
494 189 532 227 in
554 189 671 228 tantis
693 188 920 239 praesertim
948 188 1069 227 aerari
1090 189 1279 240 angustiis
1298 204 1308 237 ;
1335 189 1397 228 sin
1415 197 1549 228 autem

220 261 258 292 et
279 255 448 305 populus
472 256 677 293 Romanus
698 253 832 301 voluit,
856 261 894 292 et
914 267 1085 304 aequum
1107 262 1166 293 est
1193 253 1246 292 ita
1272 254 1369 292 solvi
1395 254 1550 292 aratori-

221 320 304 366 bUS,
342 327 431 358 tuus
465 319 663 370 apparitor
701 332 819 370 parva
859 321 1040 358 mercede
1075 319 1209 369 populi
1246 320 1468 357 conductus
1498 320 1550 357 de

219 393 416 423 aratorum
453 385 568 424 bonis
600 384 884 435 praedabitur?
942 386 993 422 Et
1016 384 1056 422 in
1086 386 1160 423 hac
1191 398 1309 422 causa
1336 383 1549 422 scribarum

219 450 399 489 ordinem
430 450 469 488 in
498 464 562 488 me
589 449 805 488 concitabit
834 449 1073 488 Hortensius
1103 457 1142 488 et
1172 463 1307 488 eorum
1339 450 1551 487 commoda
1571 465 1588 496 5

218 528 241 553 a
265 528 328 553 me
356 514 580 553 labefactari
609 521 729 565 atque
760 513 978 565 oppugnari
1007 513 1089 552 iura
1119 514 1255 553 dicet?
1315 513 1438 562 Quasi
1460 527 1550 551 vero

219 581 295 619 hoc
316 580 453 618 scribis
476 581 555 618 ullo
576 581 759 630 exemplo
779 579 827 618 sit
847 587 914 618 aut
935 580 1016 618 ullo
1037 579 1118 618 iure
1139 593 1383 618 concessum.
1441 578 1550 627 Quid

219 659 292 694 ego
312 653 442 683 vetera
472 652 647 695 repetam
676 651 743 682 aut
768 644 865 694 quid
895 658 1031 683 eorum
1059 644 1273 682 scribarum
1306 643 1547 682 mentionem

220 710 359 748 faciam
382 724 483 760 quos
513 717 667 748 constat
698 709 966 748 sanctissimos
998 709 1179 747 homines
1211 716 1329 759 atque
1365 709 1551 748 innocen-

219 774 390 813 tissimos
411 774 562 812 fuisse?
620 775 713 812 Non
734 788 797 812 me
818 773 928 823 fugit,
943 773 1104 819 iudices,
1128 781 1258 812 vetera
1279 775 1458 824 exempla
1479 787 1549 824 pro
1574 790 1611 812 10

219 839 319 878 fictis
354 839 496 878 fabulis
531 838 608 877 iarn
643 838 768 877 audiri
799 846 919 889 atque
950 839 1109 877 haberi:
1145 838 1185 877 in
1217 838 1277 877 his
1307 838 1550 889 temporibus

218 905 402 943 versabor
433 904 583 943 miseris
617 918 662 943 ac
694 904 868 954 perditis.
942 905 1089 954 Nuper,
1129 904 1333 951 Hortensi,
1367 912 1552 954 quaestor

217 969 337 1008 fuisti.
395 969 504 1019 Quid
533 969 588 1008 tui
619 968 769 1007 scribae
799 968 971 1015 fecerint,
1002 977 1044 1007 tu
1072 977 1183 1019 potes
1214 969 1368 1008 dicere:
1398 983 1471 1019 ego
1500 971 1551 1008 de

219 1035 316 1074 meis
355 1037 432 1073 hoc
467 1035 569 1082 dico,
607 1048 699 1073 cum
734 1035 774 1073 in
806 1035 946 1073 eadem
981 1034 1055 1073 ista
1087 1034 1217 1073 Sicilia
1252 1048 1322 1084 pro
1354 1036 1551 1073 frumento

218 1099 428 1150 pecuniam
450 1099 674 1139 civitatibus
696 1101 887 1139 solverem
910 1106 948 1138 et
969 1113 1125 1138 mecum
1148 1101 1248 1138 duos
1271 1099 1550 1150 frugalissimos
1577 1118 1585 1139 ι
1593 1118 1611 1149 5

218 1165 400 1204 homines
421 1165 567 1204 scribas
594 1165 793 1212 haberem,
818 1166 860 1203 L.
886 1164 1111 1203 Mamilium
1132 1172 1170 1203 et
1192 1166 1234 1203 L.
1258 1165 1447 1215 Sergium,
1469 1179 1550 1204 non

219 1232 341 1269 modo
375 1230 467 1269 istas
502 1232 600 1269 duas
640 1229 1000 1280 quinquagesimas,
1034 1231 1104 1268 sed
1144 1229 1309 1268 omnino
1342 1244 1550 1269 nummum

144 1307 198 1345 79
218 1297 370 1334 nullum
393 1296 578 1346 cuiquam
600 1308 686 1334 esse
711 1296 940 1334 deductum.
1002 1294 1186 1333 Dicerem
1209 1296 1285 1334 hoc
1307 1295 1402 1334 mihi
1424 1303 1550 1335 totum

219 1375 304 1400 esse
328 1360 637 1407 attribuendum,
661 1360 825 1408 iudices,
846 1359 877 1399 si
905 1359 959 1398 illi
981 1373 1171 1410 umquam
1197 1361 1272 1399 hoc
1293 1374 1315 1399 a
1336 1374 1400 1400 me
1421 1368 1551 1411 postu-

138 1432 199 1471 183
219 1428 375 1473 lassent,
412 1425 443 1464 si
479 1438 668 1475 umquam
704 1424 869 1463 omnino
903 1424 1151 1475 cogitassent.
1213 1427 1345 1475 Quam
1381 1426 1434 1464 ob
1468 1439 1549 1464 rem
1573 1443 1612 1464 κο

219 1491 325 1530 enim
361 1490 488 1530 scriba
522 1491 704 1536 deducat,
735 1503 781 1528 ac
811 1503 892 1528 non
925 1489 1055 1540 potius
1086 1490 1208 1529 mulio
1239 1490 1305 1540 qui
1338 1491 1546 1537 advexerit,

220 1556 443 1596 tabellarius
474 1555 585 1594 cuius
616 1557 788 1594 adventu
819 1555 1002 1594 certiores
1033 1555 1122 1594 facti
1155 1556 1385 1606 petiverunt,
1409 1570 1551 1607 praeco

220 1622 286 1672 qui
316 1621 424 1660 adire
454 1620 576 1667 iussit,
613 1620 738 1659 viator
766 1627 833 1658 aut
863 1620 1056 1659 Venerius
1087 1620 1153 1671 qui
1190 1622 1328 1659 fiscum
1365 1622 1552 1660 sustulit?

221 1690 335 1738 Quae
357 1702 443 1739 pars
466 1701 607 1738 operae
627 1696 694 1726 aut
715 1687 1018 1738 opportunitatis
1039 1687 1078 1726 in
1100 1688 1226 1727 scriba
1247 1696 1304 1727 est
1326 1702 1394 1727 cur
1414 1689 1448 1728 ei
1470 1703 1550 1728 non

220 1755 343 1793 modo
374 1767 522 1792 merces
544 1761 653 1791 tanta
673 1755 797 1800 detur,
821 1754 891 1792 sed
918 1767 987 1791 cur
1007 1766 1097 1792 cum
1126 1767 1173 1792 eo
1199 1762 1329 1793 tantae
1360 1755 1551 1805 pecuniae
1574 1768 1611 1799 ²5

221 1818 376 1869 partitio
407 1820 502 1856 fiat?
561 1822 569 1838 ‘
587 1819 697 1857 Ordo
723 1825 780 1856 est
810 1819 1024 1856 honestus.’
1093 1819 1193 1868 Quis
1221 1828 1346 1870 negat,
1367 1828 1434 1858 aut
1455 1820 1551 1870 quid

220 1899 267 1923 ea
298 1898 357 1923 res
391 1885 442 1922 ad
475 1885 577 1922 hanc
609 1897 690 1922 rem
725 1883 924 1934 pertinet?
982 1885 1053 1922 Est
1083 1897 1175 1923 vero
1207 1885 1407 1932 honestus,
1442 1886 1551 1935 quod

221 1963 357 1988 corum
388 1949 595 1988 hominum
628 1948 719 1988 fidei
753 1949 910 1988 tabulae
941 1948 1122 1999 publicae
1154 1950 1405 2000 periculaque
1435 1950 1552 2000 magi-

221 2022 413 2053 stratuum
433 2014 745 2052 committuntur.
794 2015 934 2063 Itaque
951 2027 996 2052 ex
1018 2013 1077 2051 his
1095 2014 1231 2052 scribis
1249 2014 1315 2064 qui
1332 2015 1439 2065 digni
1461 2023 1551 2053 sunt

267 2130 285 2150 2
310 2125 361 2150 est
380 2120 423 2149 ita
444 2119 474 2148 Ο
493 2131 498 2148 :
525 2119 568 2149 ita
587 2124 637 2149 cst
657 2119 723 2150 rell.
903 2129 922 2157 3
948 2119 1062 2158 populi
1082 2120 1236 2149 mercede.
1257 2119 1286 2149 O
1451 2129 1468 2158 7
1494 2124 1551 2150 aut

224 2164 290 2193 ullo
315 2164 386 2193 iure
412 2163 454 2192 sit
481 2162 511 2192 O
703 2164 723 2193 8
748 2173 811 2202 ego
832 2168 855 2203 j)
879 2167 907 2193 ct
926 2163 1023 2203 fletu:
1061 2172 1141 2201 ergo
1167 2162 1227 2191 l'O
1422 2172 1460 2193 10
1485 2173 1549 2193 non

224 2207 384 2246 praeterit
407 2207 438 2235 V
613 2208 650 2237 18
675 2210 781 2236 totum
801 2206 881 2238 mihi
900 2219 920 2235 π
1089 2216 1125 2235 21
1153 2216 1189 2235 ac
1215 2211 1262 2237 iet
1281 2205 1327 2236 O‘i
1353 2216 1419 2236 non
1440 2207 1550 2245 potius

224 2251 327 2279 mulio
345 2250 391 2280 cO
410 2262 415 2279 :
442 2261 507 2280 non
528 2250 628 2281 mulio
646 2250 720 2290 plus
738 2254 817 2285 (om.
833 2256 882 2281 ac*
906 2249 937 2279 V
1000 2249 1174 2280 advexerit
1191 2249 1238 2289 VJ>
1250 2249 1363 2289 ciple-r.
1383 2260 1390 2279 t
1414 2250 1550 2280 advexit

226 2294 256 2323 O
384 2305 423 2323 22
450 2305 516 2324 non
536 2294 649 2324 tabell.
671 2293 702 2323 V
831 2304 870 2332 24
897 2303 955 2323 cur
971 2293 1000 2323 ci
1024 2292 1120 2323 VcO:
1145 2293 1197 2323 cui
1215 2293 1300 2332 reip
1317 2292 1379 2323 rell.
1510 2303 1550 2330 25

225 2338 324 2368 modo
342 2349 406 2368 our.
428 2339 474 2367 cO
