1715 2734
139 108 404 148 ACTIONIS
437 107 497 144 IN
529 106 572 144 C.
596 106 837 143 VERREM
869 105 1167 144 SECVNDAE
1199 106 1301 143 LIB.
1328 106 1346 143 Ι
1393 113 1438 152 15
1456 118 1498 150 41

111 217 174 256 cui
190 230 260 267 pro
275 222 480 266 quaestore
493 217 627 261 fuerat,
643 215 956 253 inimicissimum
970 222 1088 264 atque
1103 214 1438 265 improbissimum

111 280 378 320 testimonium
399 280 504 318 dixit.
567 281 638 317 Ille
667 280 784 317 miser
811 293 902 317 cum
930 287 1031 318 esset
1064 281 1136 319 Cn.
1162 281 1439 328 Dolabella,—

110 359 199 385 cum
220 345 442 396 proditione
463 345 572 383 istius
593 345 748 391 nefaria,
768 352 852 382 tum
872 345 1055 394 improbo
1075 358 1121 383 ac
1141 346 1238 383 falso
1259 345 1438 385 eiusdem

110 410 487 457 testimonio‚—-tum
508 411 633 447 multo
663 424 709 448 ex
739 409 907 447 maxima
922 418 1030 460 parte
1052 410 1160 447 istius
1181 411 1371 449 furtorum
1392 425 1438 449 ac

72 489 89 521 5
109 475 342 525 flagitiorum
371 474 517 513 invidia
537 474 799 524 conflagravit.
861 474 969 523 Quid
998 476 1075 512 hoc
1099 474 1261 512 homine
1289 475 1437 514 faciatis

108 548 174 579 aut
193 541 244 578 ad
265 553 384 590 quam
398 553 508 590 spem
524 547 604 578 tam
625 539 891 590 perfidiosum,
909 547 989 577 tam
1007 539 1276 589 importunum
1293 540 1438 578 animal

108 605 338 644 reservetis?
380 605 447 655 qui
477 605 516 643 in
548 606 620 644 Cn.
653 606 837 645 Carbone
868 612 1024 651 sortem,
1059 604 1099 642 in
1131 605 1203 644 Cn.
1230 605 1439 643 Dolabella

108 673 349 710 voluntatem
384 671 594 722 neglexerit
617 685 663 710 ac
689 671 850 718 violarit,
883 684 1030 721 eosque
1049 670 1170 708 ambo
1201 684 1282 708 non
1317 673 1439 710 modo

107 736 321 775 deseruerit
352 738 421 775 sed
453 737 570 775 etiam
598 736 813 787 prodiderit
839 744 958 786 atque
984 735 1230 786 oppugnarit.
1292 736 1437 783 Nolite,

53 819 90 841 10
108 815 265 852 quaeso,
288 801 447 847 iudices,
471 801 660 839 brevitate
680 801 866 840 orationis
887 814 998 839 meae
1019 800 1149 851 potius
1171 814 1290 851 quam
1311 815 1439 855 rerum

108 868 279 918 ipsarum
311 867 582 917 magnitudine
617 867 781 905 crimina
810 868 1028 917 ponderare
1044 882 1053 915 ;
1092 866 1189 904 mihi
1220 866 1325 905 enim
1355 880 1441 917 pro-

108 933 326 982 perandum
347 932 568 970 necessario
589 940 658 979 est,
682 940 723 971 ut
744 932 879 971 omnia
908 931 1020 970 vobis
1048 945 1149 982 quae
1170 931 1267 969 mihi
1297 931 1439 970 consti-

108 1005 191 1035 tuta
220 1005 309 1035 sunt
335 997 483 1047 possim
510 1010 715 1047 exponere.
769 997 901 1045 Quam
922 997 976 1035 ob
996 1010 1077 1035 rem
1099 1004 1308 1046 quaestura
1329 996 1440 1035 istius
1459 1011 1501 1045 43

108 1063 376 1101 demonstrata
422 1061 616 1112 primique
673 1062 920 1112 magistratus
963 1069 1000 1099 et
1057 1063 1159 1099 furto
1207 1069 1244 1099 et
1293 1063 1439 1100 scelere

54 1144 90 1176 15
109 1136 324 1178 perspecto,
344 1127 492 1178 reliqua
517 1128 719 1167 attendite.
780 1129 829 1166 In
853 1127 996 1178 quibus
1024 1127 1121 1165 illud
1143 1135 1298 1177 tempus
1320 1129 1441 1165 Sulla-

109 1206 246 1230 narum
273 1193 602 1243 proscriptionum
630 1207 676 1232 ac
703 1193 927 1244 rapinarum
948 1192 1281 1243 praetermittam3
1311 1206 1441 1242 neque

109 1270 181 1307 ego
211 1257 327 1296 istum
357 1258 431 1297 sibi
461 1272 507 1297 ex
536 1258 739 1296 communi
766 1258 988 1296 calamitate
1018 1258 1290 1296 defensionem
1321 1259 1440 1296 ullam

109 1321 234 1360 sinam
255 1336 419 1370 sumere,
448 1323 527 1361 suis
552 1336 643 1361 eum
668 1323 782 1361 certis
812 1323 1056 1373 propriisque
1077 1322 1306 1361 criminibus
1329 1336 1441 1360 accu-

110 1387 216 1425 sabo.
277 1388 408 1436 Quam
429 1388 482 1426 ob
502 1401 583 1426 rem
605 1389 681 1426 hoc
701 1388 811 1426 omni
832 1396 1009 1437 tempore
1036 1389 1198 1426 Sullano
1219 1401 1265 1426 ex
1286 1401 1439 1426 accusa-

53 1469 94 1491 20
111 1451 218 1490 tione
233 1452 527 1502 circumscripto
548 1453 783 1503 legationem
801 1453 883 1491 eius
897 1454 1135 1503 praeclaram
1157 1452 1398 1502 cognoscite.

164 1519 426 1567 Posteaquam
463 1518 535 1557 Cn.
567 1518 798 1557 Dolabellae
825 1518 1026 1568 provincia
1054 1518 1193 1557 Cilicia
1227 1518 1440 1556 constituta

110 1590 177 1629 est,
196 1596 219 1620 o
240 1582 280 1621 di
301 1582 551 1630 immortales,
576 1592 723 1633 quanta
750 1583 822 1622 iste
855 1583 1081 1633 cupiditate,
1110 1584 1253 1633 quibus
1287 1584 1440 1633 adlega-

110 1647 282 1686 tionibus
320 1648 426 1686 illam
462 1648 536 1686 sibi
576 1648 810 1698 legationem
843 1648 1101 1698 expugnavit!
1144 1649 1184 1687 id
1224 1649 1332 1698 quod
1364 1649 1436 1687 Cn.

112 1713 343 1751 Dolabellae
373 1713 608 1763 principium
640 1713 832 1751 maximae
865 1713 1095 1751 calamitatis
1128 1713 1208 1752 fuit.
1261 1715 1365 1751 Nam
1396 1721 1438 1751 ut

55 1794 92 1825 25
113 1786 169 1815 est
190 1779 396 1828 profectus,
424 1792 675 1828 quacumque
706 1779 777 1816 iter
808 1778 909 1824 fecit,
929 1778 1012 1816 eius
1037 1778 1146 1817 modi
1176 1778 1256 1825 fuit,
1286 1792 1366 1816 non
1397 1786 1440 1816 ut

112 1843 259 1892 legatus
289 1844 423 1893 populi
465 1844 647 1889 Romani,
671 1845 741 1881 sed
775 1851 816 1881 ut
851 1844 1045 1893 quaedam
1076 1842 1276 1880 calamitas
1310 1856 1440 1892 perva-

111 1908 202 1945 dere
228 1907 432 1946 videretur.
486 1909 532 1945 In
566 1908 1079 1958 Achaia—praetermittam
1113 1907 1265 1946 minora
1293 1908 1436 1956 omnia,

1457 445 1504 483 16

1457 515 1497 547 42

1458 1499 1501 1538 17

1458 1561 1502 1593 44

153 2022 171 2041 2
196 2013 258 2043 Cn.
286 2012 458 2043 Dolabella
485 2012 543 2043 del.
569 2013 768 2053 Naugerius,
798 2013 896 2053 Iord„
926 2013 1055 2053 Kays.:
1098 2014 1215 2043 malim
1249 2013 1307 2043 Ille
1338 2013 1441 2044 miser

113 2055 149 2094 (i,
170 2059 184 2092 ξ
204 2058 256 2094 74Ἲ
278 2067 352 2087 cum
376 2061 466 2086 esset
486 2056 699 2095 cwzflz'ctalus,
718 2067 792 2086 curn
807 2061 858 2087 etc.
953 2068 972 2095 3
999 2068 1070 2087 cum
1095 2058 1207 2096 prodit
1226 2056 1280 2096 Dp
1296 2060 1324 2087 et
1333 2058 1411 2096 pler.
1433 2068 1440 2087 z

110 2103 179 2129 tum
197 2100 307 2138 prodit
326 2099 421 2138 G2K5
490 2105 558 2129 tum
577 2100 673 2139 impr.
692 2099 728 2129 K
748 2100 789 2131 al.
808 2112 814 2130 :
840 2111 913 2130 cum
929 2102 1024 2139 impr.
1039 2100 1094 2139 Dp
1111 2104 1140 2130 et
1151 2101 1228 2139 plvr.
1322 2112 1341 2139 4
1366 2110 1439 2130 cum

111 2143 215 2173 multo
235 2143 289 2181 G2.
396 2143 444 2183 Cf.
462 2143 536 2174 Act.
556 2142 613 2174 Pr.
636 2147 650 2180 ξ
673 2154 712 2181 34
732 2155 739 2180 3
764 2145 782 2176 i.
805 2147 840 2179 ,ἓξ
860 2146 911 2181 65,
936 2154 1018 2182 119:
1044 2144 1088 2181 iii,
1112 2145 1127 2179 5
1151 2144 1209 2173 188
1354 2154 1373 2181 5
1398 2145 1439 2173 de

110 2185 172 2215 hoc
190 2197 229 2225 qr
372 2197 388 2225 7
415 2186 570 2216 Carbone
589 2213 594 2218 .
613 2211 619 2217 .
640 2211 646 2216 .
671 2187 845 2216 Dolabella
862 2187 1040 2217 Mummius
1057 2198 1063 2216 z
1090 2197 1156 2216 -em
1175 2211 1181 2217 .
1204 2211 1210 2216 .
1230 2211 1235 2216 .
1254 2197 1320 2217 —am
1349 2186 1439 2217 codd.

110 2229 131 2258 8
153 2229 346 2260 amboDal.
360 2242 379 2258 π
396 2242 402 2260 :
426 2230 543 2260 ambos
556 2228 720 2267 bGQLKZ
822 2241 862 2261 22
887 2230 931 2260 dii
950 2229 1007 2270 Dp
1141 2240 1181 2268 25
1207 2234 1258 2260 est
1276 2230 1332 2269 Dp
1352 2230 1438 2260 rell.:

112 2271 174 2302 iste
199 2272 281 2311 G15:
306 2278 356 2303 est
381 2273 443 2304 iste
468 2272 584 2313 Kays.‚
611 2272 722 2303 Muell.
771 2273 803 2302 A
829 2274 921 2303 verbo
946 2273 1165 2313 quacunsque
1196 2284 1300 2312 usque
1331 2273 1377 2303 ad
1400 2274 1439 2304 C.

111 2313 249 2345 Verrem
274 2316 293 2355 i,
322 2319 336 2352 ξ
363 2326 403 2355 45
426 2320 709 2346 commemoratur
721 2316 958 2356 fragmentum
976 2316 1190 2356 Palimpsesti
1213 2317 1438 2355 Taurinensfis,

113 2359 269 2388 mutilum
288 2360 399 2399 {psum
428 2359 503 2400 (T.)
626 2361 668 2389 26
692 2361 898 2399 persuadere
920 2360 965 2390 Tb
1076 2370 1116 2398 27
1140 2360 1303 2390 Achaiam
1327 2360 1356 2390 T
