1715 2734
0 513 4 641 1
81 503 99 535 5

62 826 101 848 10

0 1062 18 1108 ,ἓν

4 1147 20 1190 l}
61 1149 99 1181 15

11 1234 20 1245 v}

12 1289 22 1334 l

11 1332 22 1357 Γὶ

19 1362 22 1371 .

4 1447 24 1510 ’ίξ
60 1473 100 1495 20

12 1765 29 1834 ju,
59 1796 99 1829 25

27 1910 31 1940 ί

28 1948 32 2010 ἰ

17 2115 34 2152 ,55
59 2122 99 2154 30

120 114 389 154 ACTIONIS
410 115 471 153 IN
494 114 537 154 C.
561 115 803 153 VERREM
824 113 1122 155 SECVNDAE
1144 118 1246 155 LIB.
1271 119 1330 156 IV
1392 129 1448 166 39
1468 127 1510 167 84

120 241 239 277 quem
270 229 321 266 ad
356 228 530 274 modum,
567 227 607 266 di
646 227 909 267 immortales!
949 240 1068 277 quam
1099 227 1294 274 audacter,
1329 241 1447 278 quam

120 291 339 337 libidinose,
356 305 475 342 quarn
491 291 764 342 impudenter!
812 291 988 330 Audistis
1003 304 1126 341 nuper
1150 291 1279 330 dicere
1301 294 1448 343 legatos

119 356 419 405 Tyndaritanos,
443 356 624 395 homines
650 356 948 396 honestissimos
975 368 1021 393 ac
1052 355 1247 406 principes
1269 357 1446 405 civitatis,

121 421 377 469 Mercurium,
405 421 471 471 qui
501 421 617 460 sacris
646 421 915 460 anniversariis
953 422 1059 471 apud
1098 434 1165 459 eos
1208 435 1255 459 ac
1295 436 1448 460 summa

119 486 305 536 religione
345 487 546 532 coleretur,
588 499 706 535 quem
746 488 787 524 P.
820 485 1028 524 Africanus
1059 486 1295 536 Carthagine
1334 495 1448 537 capta

119 550 395 600 Tyndaritanis
427 564 507 588 non
539 552 666 588 solum
710 564 803 590 suae
833 549 1015 589 victoriae
1045 552 1115 588 sed
1145 551 1262 589 etiam
1292 551 1447 589 illorum

119 615 211 653 fidei
241 614 516 664 societatisque
541 623 844 654 monumentum
883 623 1000 665 atque
1032 615 1221 654 indicium
1261 616 1445 662 dedisset,

118 679 233 717 huius
254 679 291 717 vi
312 681 456 718 scelere
478 679 722 729 imperioque
743 694 828 718 esse
849 681 1057 718 sublatum.
1116 680 1195 729 Qui
1217 688 1256 718 ut
1277 681 1446 730 primurn

119 743 159 782 in
179 744 275 783 illud
296 744 488 794 oppidum
508 745 625 791 venit,
649 745 790 792 statim,
814 753 1015 795 tamquam
1044 745 1095 783 ita
1116 747 1197 784 fieri
1218 759 1298 784 non
1320 748 1447 784 solum

119 817 316 859 oporteret
343 811 412 848 sed
449 810 566 848 etiarn
603 824 764 849 necesse
796 818 908 857 esset,
941 818 1142 860 tamquam
1183 811 1259 848 hoc
1289 818 1447 859 senatus

120 875 345 914 mandasset
394 877 643 925 populusque
691 877 896 914 Romanus
942 875 1126 922 iussisset,
1167 875 1220 913 ita
1257 876 1448 915 continuo

119 939 273 990 signum
295 947 337 978 ut
357 940 639 978 demolirentur
661 948 699 979 et
718 942 944 979 Messanam
962 942 1214 990 deportarent
1230 940 1443 990 imperavit.

119 1006 241 1053 Quod
273 1018 363 1043 cum
395 1005 468 1043 illis
502 1005 569 1054 qui
603 1007 765 1044 aderant
797 1006 1013 1056 indignum,
1051 1006 1118 1056 qui
1149 1006 1364 1044 audiebant
1393 1006 1448 1044 in-
1466 1013 1506 1053 85

118 1069 305 1108 credibile
350 1069 555 1116 videretur,
590 1083 669 1108 non
714 1078 771 1108 est
811 1071 861 1108 ab
901 1071 976 1108 isto
1016 1071 1142 1121 primo
1177 1071 1243 1109 illo
1273 1072 1446 1110 adventu

118 1142 418 1184 perseveratum.
479 1134 699 1173 Discedens
724 1136 885 1173 mandat
915 1148 1106 1185 proagoro
1136 1137 1312 1185 Sopatro,
1336 1135 1446 1173 cuius

118 1200 236 1238 verba
269 1199 442 1246 audistis,
480 1207 522 1238 ut
554 1199 815 1247 demoliatur·
845 1213 934 1237 cum
963 1207 1167 1246 recusarffet
1194 1201 1447 1238 vehementer

119 1264 287 1303 minatur
313 1272 351 1303 et
377 1264 507 1303 statim
534 1278 580 1303 ex
607 1265 673 1302 illo
701 1231 849 1314 oppido
876 1265 1142 1314 proficiscitur.
1204 1266 1338 1303 Refert
1364 1278 1445 1302 rem

118 1328 182 1367 ille
220 1331 271 1368 ad
310 1337 514 1377 senatum,
558 1330 811 1368 vehementer
850 1329 1025 1379 undique
1065 1331 1304 1368 reclamatur.
1383 1331 1446 1367 Ne

119 1395 251 1440 multa,
286 1393 426 1432 iterum
466 1394 538 1432 iste
568 1395 618 1432 ad
654 1394 740 1431 illos
779 1393 980 1443 aliquanto
1019 1402 1107 1444 post
1146 1394 1262 1440 venit,
1296 1394 1446 1443 quaerit

119 1460 308 1497 continuo
346 1460 397 1498 de
431 1459 552 1509 signo.
623 1460 903 1509 Respondetur
941 1459 976 1497 ei
1020 1467 1199 1498 senatum
1240 1472 1320 1497 non
1365 1473 1447 1509 per-

119 1523 300 1571 mittere,
338 1537 508 1574 poenam
549 1523 685 1574 capitis
725 1523 990 1570 constitutam,
1031 1524 1061 1561 si
1100 1524 1249 1562 iniussu
1287 1531 1445 1562 senatus

117 1588 327 1638 quisquam
365 1589 578 1639 attigisset,
621 1589 737 1627 simul
776 1589 910 1639 religio
940 1597 1281 1628 commemoratur.
1340 1591 1444 1627 Tum

117 1652 201 1700 iste,
226 1654 379 1701 ‘Quam
411 1653 507 1691 mihi
536 1653 762 1703 religionem
793 1667 934 1701 narras,
966 1667 1085 1704 quam
1114 1667 1295 1703 poenam,
1327 1668 1445 1704 quem

118 1722 331 1758 senatum?
372 1719 503 1758 vivum
542 1727 580 1758 te
613 1732 693 1757 non
728 1719 970 1768 relinquam,
1017 1719 1181 1757 moriere
1218 1719 1332 1769 virgis
1372 1719 1445 1757 nisi

120 1783 216 1821 mihi
248 1784 401 1834 signum
436 1784 622 1823 traditur.’
680 1785 844 1834 Sopater
875 1783 1014 1821 iterum
1046 1785 1144 1821 flens
1175 1785 1226 1821 ad
1264 1791 1444 1821 senatum

118 1862 200 1887 rem
220 1850 356 1896 defert,
379 1849 488 1887 istius
511 1849 765 1900 cupiditatem
789 1849 995 1898 minasque
1016 1849 1269 1887 demonstrat
1329 1851 1445 1888 Sena-

117 1921 179 1952 tus
209 1915 374 1964 Sopatro
404 1928 635 1965 responsum
667 1916 819 1953 nullum
849 1915 926 1960 dat,
950 1915 1019 1952 sed
1049 1921 1272 1951 commotus
1301 1922 1446 1964 pertur-

117 1979 325 2029 batusque·
348 1980 526 2018 discedit.
605 1982 676 2019 Ille
715 1979 903 2030 praetoris
941 1978 1146 2017 arcessitus
1185 1978 1324 2017 nuntio
1363 1993 1444 2018 rem

115 2044 369 2090 demonstrat,
400 2051 514 2094 negat
544 2045 624 2082 ullo
654 2046 775 2083 modo
805 2043 886 2082 fieri
916 2057 1041 2093 posse.

170 2111 303 2159 Atque
323 2108 573 2148 haec—nihil
605 2109 709 2148 enirn
738 2109 1127 2159 praetermittendum
1163 2109 1214 2146 de
1240 2107 1349 2145 istius
1377 2108 1444 2145 im-
1463 2096 1520 2133 4⁰

116 2173 306 2223 pudentia
334 2173 757 2224 videtur-agebantur
785 2173 824 2211 in
845 2180 1043 2211 conventu
1064 2174 1191 2223 palam
1214 2173 1264 2211 de
1285 2174 1378 2210 sella
1397 2186 1443 2210 ac

163 2287 198 2307 11
228 2277 435 2316 populusque
455 2276 546 2316 Rpr:
571 2276 715 2316 populus
734 2276 827 2308 SDW
974 2286 1010 2315 14
1038 2275 1094 2305 illo
1114 2275 1219 2314 primo
1238 2287 1259 2305 π
1405 2286 1441 2315 17

117 2320 219 2351 refert
238 2321 301 2351 RS
319 2321 380 2351 rell.
397 2334 401 2351 :
430 2321 538 2351 defert
556 2321 666 2353 Muell.
685 2320 754 2352 edd.
776 2331 846 2351 recc.
959 2321 998 2350 18
1025 2319 1078 2349 ille
1094 2330 1160 2350 om.
1179 2331 1200 2348 π
1303 2321 1345 2349 26
1371 2330 1440 2350 rem

116 2364 224 2394 desert
240 2363 273 2393 R
287 2364 351 2394 rell.
368 2377 372 2395 :
400 2364 503 2395 refert
519 2375 540 2393 π
