1715 2734
129 68 180 105 34
199 67 240 106 83
533 83 535 85 .
570 60 624 97 M.
657 60 826 98 TVLLI
855 60 1165 100 CICERONIS

198 171 470 211 delectationis
518 185 636 210 causa
687 185 806 222 quam
854 173 905 210 ad
954 171 1204 211 invitationes
1253 173 1527 223 adventusque

197 244 420 276 nostrorum
447 237 667 284 hominum,
695 234 894 289 [suorum]
924 237 1141 276 amicorum
1166 245 1285 288 atque
1311 237 1523 287 hospitum.

136 310 178 350 84
197 303 311 351 Quae
345 310 602 352 posteaquam
639 302 710 340 iste
745 301 879 340 omnia
911 302 1083 350 abstulit,
1119 304 1194 341 alia
1227 303 1414 353 rogandO,
1452 302 1527 340 alia

195 368 410 416 poscendo,
459 366 535 405 alia
583 367 789 414 sumendo,
840 367 988 405 ferebat
1035 367 1221 405 Sthenius
1265 375 1307 405 ut
1350 374 1526 417 poterat3

193 432 410 482 angebatur
443 431 564 469 animi
594 431 814 470 necessario
849 433 958 482 quod
988 433 1153 471 domurn
1183 432 1267 471 eius
1297 440 1524 471 exornatam

193 504 231 535 et
279 496 508 535 instructam
558 497 636 535 fere
684 496 761 534 iam
814 495 886 534 iste
933 496 1157 535 reddiderat
1205 498 1352 535 nudam
1406 505 1525 548 atque

192 561 376 610 inanem,-
410 575 545 600 verum
568 570 699 599 tamen
728 563 906 600 dolorem
936 575 1051 600 suum
1080 562 1229 600 nemini
1250 562 1525 612 impertiebat}

192 627 379 677 praetoris
414 626 571 665 iniurias
607 627 733 674 tacite,
770 627 937 678 hospitis
968 627 1123 678 placide
1157 629 1337 666 serendas
1366 628 1524 666 arbitra-

131 697 171 737 85
192 693 315 731 batur.
377 694 532 731 Interea
565 692 638 731 iste
677 692 892 742 cupiditate
927 692 992 731 illa
1030 707 1101 731 sua
1139 700 1233 731 nota
1263 701 1382 743 atque
1414 695 1521 744 apud

190 757 319 796 omnis
358 765 579 808 pervagata,
611 771 701 795 cum
734 757 844 807 signa
878 759 1072 807 quaedam
1108 757 1370 808 pulcherrima
1403 766 1522 808 atque

189 822 463 872 antiquissima
489 821 673 860 Thermis
703 822 742 859 in
764 821 924 872 publico
952 821 1080 872 posita
1101 822 1272 869 vidisset,
1299 823 1522 871 adamavit,

188 901 211 925 a
243 887 408 926 Sthenio
441 894 575 938 petere
607 886 737 937 coepit
769 894 812 924 ut
842 887 894 925 ad
928 900 974 925 ea
1004 888 1179 925 tollenda
1213 900 1374 937 operam
1410 901 1520 926 suam

162 953 436 1002 <profiteretur
474 966 596 1002 seque
633 951 845 989 adiuvaret.
916 951 1102 990 Sthenius
1142 965 1233 990 vero
1272 965 1353 990 non
1392 954 1519 991 solum

116 1254 167 1292 35

123 1305 166 1335 86
200 1306 211 1318 ·-

189 1018 354 1069 negavit,
387 1019 457 1057 sed
489 1018 607 1056 etiam
638 1017 811 1056 ostendit
841 1016 923 1055 fieri
956 1016 996 1055 id
1028 1018 1138 1055 nullo
1171 1018 1294 1056 modo
1328 1031 1444 1068 posse
1478 1026 1521 1056 ut

188 1084 299 1134 signa
341 1084 629 1134 antiquissima,
669 1090 930 1121 monumenta
973 1084 1014 1120 P.
1057 1082 1244 1129 Africani,
1285 1097 1331 1121 ex
1369 1083 1520 1135 oppido

187 1149 535 1188 Thermitanorum
575 1148 764 1187 incolumi
802 1148 868 1186 illa
903 1147 1062 1187 civitate
1098 1147 1345 1199 imperioque
1383 1149 1518 1199 populi

188 1216 251 1253 Ro
296 1213 360 1252 ani
381 1215 619 1253 tollerentur.

212 1228 401 1329 ¹sfirsptezninr
428 1286 470 1316 ut
492 1278 607 1316 simul
629 1277 804 1316 Africani
831 1291 992 1328 quoque
1017 1278 1302 1316 humanitatem
1330 1285 1369 1317 et
1388 1278 1519 1329 aequi-

187 1351 307 1382 tatem
361 1343 618 1394 cognoscatis,
669 1343 860 1393 oppidum
916 1342 1123 1382 Himeram
1173 1343 1517 1394 Carthaginienses

186 1410 389 1459 quondam
421 1416 616 1459 ceperant,
650 1409 759 1458 quod
791 1409 915 1446 fuerat
946 1408 985 1446 in
1020 1408 1155 1458 primis
1185 1408 1340 1447 Siciliae
1368 1411 1516 1447 clarum

185 1482 224 1512 et
263 1482 455 1512 ornatum.
527 1473 673 1524 Scipio,
712 1473 779 1523 qui
819 1474 894 1511 hoc
939 1473 1103 1523 dignum
1143 1475 1291 1523 populo
1332 1475 1518 1513 Romano

184 1539 444 1586 arbitraretur,
463 1539 567 1577 bello
588 1539 770 1576 confecto
792 1537 920 1576 socios
941 1551 1011 1576 sua
1031 1552 1099 1588 per
1119 1546 1293 1576 nostram
1314 1538 1517 1577 victoriam

186 1619 424 1655 recuperare,
455 1604 595 1643 Siculis
627 1603 812 1642 omnibus
848 1602 1085 1654 Carthagine
1115 1612 1229 1654 capta
1259 1618 1360 1654 quae
1390 1604 1518 1655 potuit

185 1670 426 1709 restituenda
454 1669 611 1708 curavit.
674 1668 841 1707 Himera
870 1670 1000 1707 deleta
1033 1682 1134 1719 quos
1166 1668 1261 1707 civis
1293 1669 1385 1707 belli
1420 1671 1518 1708 cala·

186 1735 299 1773 mitas
329 1734 499 1784 reliquos
526 1735 680 1780 fecerat,
704 1733 729 1771 ii
757 1747 798 1772 se
827 1734 1011 1772 Thermis
1041 1735 1295 1772 conlocarant
1326 1734 1365 1772 in
1390 1733 1516 1773 isdem

183 1801 262 1852 agri
291 1800 434 1839 finibus
465 1813 594 1849 neque
621 1801 738 1849 longe
765 1799 816 1837 ab
843 1799 993 1849 oppido
1019 1799 1194 1849 antiquo,
1225 1807 1264 1838 et
1294 1813 1335 1838 se
1362 1807 1516 1849 patrum

184 1868 360 1904 fortunas
392 1872 430 1904 et
465 1864 698 1914 dignitatem
733 1877 962 1913 recuperare
1000 1864 1288 1903 arbitrabantur
1326 1878 1417 1903 cum
1452 1864 1517 1902 illa

184 1930 377 1970 maiorum
430 1936 662 1968 ornamenta
713 1928 753 1966 in
805 1942 942 1966 eorum
993 1928 1143 1979 oppido
1191 1930 1513 1968 conlocabantur.

227 2046 246 2065 2
272 2044 406 2065 suorum
422 2044 488 2064 om.
505 2031 564 2063 cO¹
581 2033 613 2072 (ξ,
626 2042 666 2071 54
682 2032 797 2071 snpra)
902 2041 922 2071 5
949 2032 1066 2071 angeb.
1081 2032 1182 2062 animi
1200 2032 1303 2067 xxomni
1318 2032 1361 2071 O)
1382 2043 1513 2064 necess.

188 2079 283 2109 VcO:
309 2077 430 2116 augeb.
452 2076 669 2116 (tangebatur
686 2076 736 2108 ὁδὶ
755 2081 867 2106 tamen
885 2075 984 2106 animi
1003 2076 1118 2106 dolore
1137 2086 1265 2108 necess.
1279 2076 1384 2116 quba
1495 2078 1517 2107 6

184 2128 217 2152 et
239 2122 307 2151 VO¹
326 2133 332 2152 ε
359 2127 458 2160 atque
473 2126 496 2161 p
513 2120 578 2150 rell.
679 2130 700 2155 9
728 2119 790 2149 iste
809 2119 919 2158 cupid.
941 2118 1011 2149 VO¹
1028 2130 1034 2149 ι
1059 2119 1168 2158 cupid.
1188 2120 1288 2160 istep
1307 2120 1373 2150 rell.
1478 2130 1516 2159 13

183 2176 326 2204 seseque
351 2165 382 2194 V
468 2174 532 2194 non
548 2163 654 2193 solum
677 2162 737 2192 VO
753 2171 760 2192 ·.
786 2173 850 2193 non
868 2163 975 2193 solum
993 2163 1024 2192 id
1043 2168 1062 2196 s>
1079 2162 1146 2193 rell.
1300 2164 1339 2193 18
1364 2163 1515 2194 Africani

188 2208 265 2239 VO:
298 2209 333 2238 P.
353 2207 504 2238 Africani
520 2212 543 2247 p
561 2206 627 2236 rell.
721 2210 753 2235 et
771 2207 976 2245 aequitatem
997 2205 1077 2235 VO:
1106 2216 1171 2236 om.
1193 2205 1259 2236 rell.
1396 2216 1436 2236 22
1462 2217 1515 2236 ar-

185 2252 371 2282 bitrabatur
390 2251 420 2281 O
531 2259 571 2288 25
598 2259 635 2280 se
657 2248 717 2278 VO
734 2260 739 2278 :
765 2259 840 2280 sese
858 2249 899 2278 πί)
917 2249 1014 2288 (Am.
1029 2248 1065 2287 J.
1084 2248 1147 2279 Ph.
1168 2249 1260 2282 xxvi.
1279 2250 1359 2288 415)
1473 2250 1514 2279 26

184 2306 246 2325 nec
267 2295 298 2324 V
381 2302 412 2325 et
434 2295 479 2327 O:
505 2296 525 2325 ii
548 2294 622 2335 V(§
646 2305 703 2334 ¹55
723 2295 826 2334 infra)
845 2306 851 2325 ε
878 2295 910 2324 hi
925 2295 991 2334 pb:
1017 2294 1058 2324 ibi
1074 2294 1108 2332 J.
1123 2294 1158 2332 J.
1176 2294 1350 2325 Hartman
1471 2304 1511 2333 27

183 2339 335 2369 fortunas
354 2344 386 2369 ct
408 2340 456 2369 V:
481 2339 645 2369 fortunam
666 2343 740 2379 acp
757 2338 839 2379 ng.
857 2348 864 2367 ε
891 2339 1021 2379 (mnam
1039 2343 1073 2368 et
1089 2337 1121 2378 b)

1546 449 1563 480 5

1545 775 1583 797 10

1545 1098 1579 1130 ¹5

1539 1424 1580 1446 20

1539 1748 1576 1780 25
