<?xml version="1.0" encoding="UTF-8"?>
<!DOCTYPE html PUBLIC "-//W3C//DTD XHTML 1.0 Transitional//EN"
    "http://www.w3.org/TR/xhtml1/DTD/xhtml1-transitional.dtd">
<html xmlns="http://www.w3.org/1999/xhtml" xml:lang="en" lang="en">
 <head>
  <title>
</title>
<meta http-equiv="Content-Type" content="text/html;charset=utf-8" />
  <meta name='ocr-system' content='tesseract 3.04.00' />
  <meta name='ocr-capabilities' content='ocr_page ocr_carea ocr_par ocr_line ocrx_word'/>
</head>
<body>
  <div class='ocr_page' id='page_1' title='image "./orationesrecogno03ciceuoft/orationesrecogno03ciceuoft_0080.png"; bbox 0 0 1715 2734; ppageno 0'>
   <div class='ocr_carea' id='block_1_1' title="bbox 271 63 1284 103">
    <p class='ocr_par' dir='ltr' id='par_1_1' title="bbox 271 63 1284 103">
     <span class='ocr_line' id='line_1_1' title="bbox 271 63 1284 103; baseline 0.002 -3"><span class='ocrx_word' id='word_1_1' title='bbox 271 63 295 100; x_wconf 94' lang='lat'>8</span> <span class='ocrx_word' id='word_1_2' title='bbox 317 79 355 100; x_wconf 89' lang='lat'>21</span> <span class='ocrx_word' id='word_1_3' title='bbox 692 64 749 101; x_wconf 94' lang='lat' dir='ltr'>M.</span> <span class='ocrx_word' id='word_1_4' title='bbox 780 64 948 101; x_wconf 95' lang='lat' dir='ltr'>TVLLI</span> <span class='ocrx_word' id='word_1_5' title='bbox 978 64 1284 103; x_wconf 88' lang='lat' dir='ltr'>CICERONIS</span> 
     </span>
    </p>
   </div>
   <div class='ocr_carea' id='block_1_2' title="bbox 236 174 1699 1989">
    <p class='ocr_par' dir='ltr' id='par_1_2' title="bbox 236 174 1699 1989">
     <span class='ocr_line' id='line_1_2' title="bbox 315 174 1644 226; baseline 0.002 -13"><span class='ocrx_word' id='word_1_6' title='bbox 315 175 411 225; x_wconf 91' lang='lat' dir='ltr'>quid</span> <span class='ocrx_word' id='word_1_7' title='bbox 441 182 521 214; x_wconf 86' lang='lat' dir='ltr'>tam</span> <span class='ocrx_word' id='word_1_8' title='bbox 551 189 572 214; x_wconf 92' lang='lat' dir='ltr'>e</span> <span class='ocrx_word' id='word_1_9' title='bbox 602 189 642 214; x_wconf 90' lang='lat' dir='ltr'>re</span> <span class='ocrx_word' id='word_1_10' title='bbox 676 174 836 226; x_wconf 86' lang='lat' dir='ltr'>publica</span> <span class='ocrx_word' id='word_1_11' title='bbox 864 188 983 224; x_wconf 87' lang='lat' dir='ltr'>quam</span> <span class='ocrx_word' id='word_1_12' title='bbox 1018 175 1058 213; x_wconf 93' lang='lat' dir='ltr'>in</span> <span class='ocrx_word' id='word_1_13' title='bbox 1092 183 1201 215; x_wconf 86' lang='lat' dir='ltr'>tanta</span> <span class='ocrx_word' id='word_1_14' title='bbox 1233 176 1380 215; x_wconf 84' lang='lat' dir='ltr'>invidia</span> <span class='ocrx_word' id='word_1_15' title='bbox 1409 177 1644 217; x_wconf 89' lang='lat' dir='ltr'>iudiciorum</span> 
     </span>
     <span class='ocr_line' id='line_1_3' title="bbox 312 239 1643 281; baseline 0.003 -4"><span class='ocrx_word' id='word_1_16' title='bbox 312 241 509 279; x_wconf 82' lang='lat' dir='ltr'>adducere</span> <span class='ocrx_word' id='word_1_17' title='bbox 557 240 761 279; x_wconf 85' lang='lat' dir='ltr'>hominem</span> <span class='ocrx_word' id='word_1_18' title='bbox 810 239 921 278; x_wconf 86' lang='lat' dir='ltr'>cuius</span> <span class='ocrx_word' id='word_1_19' title='bbox 965 241 1220 279; x_wconf 81' lang='lat' dir='ltr'>damnatione</span> <span class='ocrx_word' id='word_1_20' title='bbox 1264 249 1368 280; x_wconf 85' lang='lat' dir='ltr'>totus</span> <span class='ocrx_word' id='word_1_21' title='bbox 1412 243 1510 281; x_wconf 90' lang='lat' dir='ltr'>ordo</span> <span class='ocrx_word' id='word_1_22' title='bbox 1551 256 1643 281; x_wconf 89' lang='lat' dir='ltr'>cum</span> 
     </span>
     <span class='ocr_line' id='line_1_4' title="bbox 311 305 1643 356; baseline 0.003 -14"><span class='ocrx_word' id='word_1_23' title='bbox 311 307 460 355; x_wconf 92' lang='lat' dir='ltr'>populo</span> <span class='ocrx_word' id='word_1_24' title='bbox 503 307 690 344; x_wconf 85' lang='lat' dir='ltr'>Romano</span> <span class='ocrx_word' id='word_1_25' title='bbox 728 312 766 343; x_wconf 87' lang='lat' dir='ltr'>et</span> <span class='ocrx_word' id='word_1_26' title='bbox 806 305 845 342; x_wconf 89' lang='lat' dir='ltr'>in</span> <span class='ocrx_word' id='word_1_27' title='bbox 885 306 1001 343; x_wconf 89' lang='lat' dir='ltr'>laude</span> <span class='ocrx_word' id='word_1_28' title='bbox 1040 313 1078 343; x_wconf 90' lang='lat' dir='ltr'>et</span> <span class='ocrx_word' id='word_1_29' title='bbox 1117 305 1156 343; x_wconf 90' lang='lat' dir='ltr'>in</span> <span class='ocrx_word' id='word_1_30' title='bbox 1195 306 1315 356; x_wconf 87' lang='lat' dir='ltr'>gratia</span> <span class='ocrx_word' id='word_1_31' title='bbox 1354 315 1487 356; x_wconf 88' lang='lat' dir='ltr'>posset</span> <span class='ocrx_word' id='word_1_32' title='bbox 1525 309 1643 346; x_wconf 90' lang='lat' dir='ltr'>esse?</span> 
     </span>
     <span class='ocr_line' id='line_1_5' title="bbox 311 370 1642 420; baseline 0.002 -12"><span class='ocrx_word' id='word_1_33' title='bbox 311 372 519 409; x_wconf 85' lang='lat' dir='ltr'>ostendere</span> <span class='ocrx_word' id='word_1_34' title='bbox 557 384 603 408; x_wconf 86' lang='lat' dir='ltr'>ac</span> <span class='ocrx_word' id='word_1_35' title='bbox 643 371 878 420; x_wconf 84' lang='lat' dir='ltr'>persuadere</span> <span class='ocrx_word' id='word_1_36' title='bbox 922 370 1124 409; x_wconf 87' lang='lat' dir='ltr'>hominem</span> <span class='ocrx_word' id='word_1_37' title='bbox 1170 379 1381 409; x_wconf 84' lang='lat' dir='ltr'>nocentem</span> <span class='ocrx_word' id='word_1_38' title='bbox 1424 373 1642 410; x_wconf 86' lang='lat' dir='ltr'>adductum</span> 
     </span>
     <span class='ocr_line' id='line_1_6' title="bbox 310 435 1679 487; baseline 0.001 -14"><span class='ocrx_word' id='word_1_39' title='bbox 310 448 419 474; x_wconf 90' lang='lat' dir='ltr'>esse:</span> <span class='ocrx_word' id='word_1_40' title='bbox 451 435 538 485; x_wconf 89' lang='lat' dir='ltr'>quis</span> <span class='ocrx_word' id='word_1_41' title='bbox 570 442 628 473; x_wconf 88' lang='lat' dir='ltr'>est</span> <span class='ocrx_word' id='word_1_42' title='bbox 659 435 700 473; x_wconf 92' lang='lat' dir='ltr'>in</span> <span class='ocrx_word' id='word_1_43' title='bbox 732 436 882 484; x_wconf 91' lang='lat' dir='ltr'>populo</span> <span class='ocrx_word' id='word_1_44' title='bbox 914 436 1099 473; x_wconf 88' lang='lat' dir='ltr'>Romano</span> <span class='ocrx_word' id='word_1_45' title='bbox 1129 436 1196 485; x_wconf 89' lang='lat' dir='ltr'>qui</span> <span class='ocrx_word' id='word_1_46' title='bbox 1226 437 1302 474; x_wconf 89' lang='lat' dir='ltr'>hoc</span> <span class='ocrx_word' id='word_1_47' title='bbox 1333 450 1413 475; x_wconf 92' lang='lat' dir='ltr'>non</span> <span class='ocrx_word' id='word_1_48' title='bbox 1440 450 1487 475; x_wconf 86' lang='lat' dir='ltr'>ex</span> <span class='ocrx_word' id='word_1_49' title='bbox 1516 437 1643 487; x_wconf 89' lang='lat' dir='ltr'>priore</span> <span class='ocrx_word' id='word_1_50' title='bbox 1663 454 1679 484; x_wconf 83' lang='lat'>5</span> 
     </span>
     <span class='ocr_line' id='line_1_7' title="bbox 308 499 1643 550; baseline 0.001 -11"><span class='ocrx_word' id='word_1_51' title='bbox 308 500 465 539; x_wconf 84' lang='lat' dir='ltr'>actione</span> <span class='ocrx_word' id='word_1_52' title='bbox 489 500 702 547; x_wconf 84' lang='lat' dir='ltr'>abstulerit,</span> <span class='ocrx_word' id='word_1_53' title='bbox 727 499 905 538; x_wconf 90' lang='lat' dir='ltr'>omnium</span> <span class='ocrx_word' id='word_1_54' title='bbox 932 508 1024 538; x_wconf 87' lang='lat' dir='ltr'>ante</span> <span class='ocrx_word' id='word_1_55' title='bbox 1045 501 1321 538; x_wconf 87' lang='lat' dir='ltr'>damnatorum</span> <span class='ocrx_word' id='word_1_56' title='bbox 1350 503 1506 548; x_wconf 83' lang='lat' dir='ltr'>scelera,</span> <span class='ocrx_word' id='word_1_57' title='bbox 1530 503 1643 550; x_wconf 72' lang='lat' dir='ltr'>furta,</span> 
     </span>
     <span class='ocr_line' id='line_1_8' title="bbox 308 566 1643 617; baseline 0 -13"><span class='ocrx_word' id='word_1_58' title='bbox 308 567 467 617; x_wconf 72' lang='lat' dir='ltr'>flagitia,</span> <span class='ocrx_word' id='word_1_59' title='bbox 487 567 517 605; x_wconf 91' lang='lat' dir='ltr'>si</span> <span class='ocrx_word' id='word_1_60' title='bbox 539 580 662 604; x_wconf 91' lang='lat' dir='ltr'>unum</span> <span class='ocrx_word' id='word_1_61' title='bbox 689 566 729 603; x_wconf 95' lang='lat' dir='ltr'>in</span> <span class='ocrx_word' id='word_1_62' title='bbox 758 567 889 603; x_wconf 88' lang='lat' dir='ltr'>locum</span> <span class='ocrx_word' id='word_1_63' title='bbox 911 567 1171 613; x_wconf 82' lang='lat' dir='ltr'>conserantur,</span> <span class='ocrx_word' id='word_1_64' title='bbox 1195 567 1256 604; x_wconf 83' lang='lat' dir='ltr'>vix</span> <span class='ocrx_word' id='word_1_65' title='bbox 1277 580 1367 604; x_wconf 92' lang='lat' dir='ltr'>cum</span> <span class='ocrx_word' id='word_1_66' title='bbox 1389 567 1504 605; x_wconf 91' lang='lat' dir='ltr'>huius</span> <span class='ocrx_word' id='word_1_67' title='bbox 1525 580 1643 617; x_wconf 84' lang='lat' dir='ltr'>parva</span> 
     </span>
     <span class='ocr_line' id='line_1_9' title="bbox 247 631 1640 682; baseline 0.001 -14"><span class='ocrx_word' id='word_1_68' title='bbox 247 647 285 668; x_wconf 85' lang='lat'>22</span> <span class='ocrx_word' id='word_1_69' title='bbox 307 639 416 682; x_wconf 88' lang='lat' dir='ltr'>parte</span> <span class='ocrx_word' id='word_1_70' title='bbox 449 631 607 682; x_wconf 85' lang='lat' dir='ltr'>aequari</span> <span class='ocrx_word' id='word_1_71' title='bbox 643 631 890 680; x_wconf 85' lang='lat' dir='ltr'>conferrique</span> <span class='ocrx_word' id='word_1_72' title='bbox 922 633 1066 680; x_wconf 83' lang='lat' dir='ltr'>posse?</span> <span class='ocrx_word' id='word_1_73' title='bbox 1128 633 1210 669; x_wconf 88' lang='lat' dir='ltr'>Vos</span> <span class='ocrx_word' id='word_1_74' title='bbox 1245 633 1354 681; x_wconf 88' lang='lat' dir='ltr'>quod</span> <span class='ocrx_word' id='word_1_75' title='bbox 1388 633 1438 670; x_wconf 84' lang='lat' dir='ltr'>ad</span> <span class='ocrx_word' id='word_1_76' title='bbox 1473 639 1640 670; x_wconf 84' lang='lat' dir='ltr'>vestram</span> 
     </span>
     <span class='ocr_line' id='line_1_10' title="bbox 306 696 1636 746; baseline 0 -11"><span class='ocrx_word' id='word_1_77' title='bbox 306 699 451 736; x_wconf 86' lang='lat' dir='ltr'>famam</span> <span class='ocrx_word' id='word_1_78' title='bbox 491 696 821 735; x_wconf 80' lang='lat' dir='ltr'>existimationem</span> <span class='ocrx_word' id='word_1_79' title='bbox 869 697 1117 745; x_wconf 76' lang='lat' dir='ltr'>salutemque</span> <span class='ocrx_word' id='word_1_80' title='bbox 1161 710 1415 735; x_wconf 85' lang='lat' dir='ltr'>communem</span> <span class='ocrx_word' id='word_1_81' title='bbox 1459 697 1636 746; x_wconf 87' lang='lat' dir='ltr'>pertinet,</span> 
     </span>
     <span class='ocr_line' id='line_1_11' title="bbox 305 761 1699 812; baseline -0.002 -11"><span class='ocrx_word' id='word_1_82' title='bbox 305 763 465 810; x_wconf 88' lang='lat' dir='ltr'>iudices,</span> <span class='ocrx_word' id='word_1_83' title='bbox 495 761 706 812; x_wconf 85' lang='lat' dir='ltr'>prospicite</span> <span class='ocrx_word' id='word_1_84' title='bbox 730 768 850 811; x_wconf 86' lang='lat' dir='ltr'>atque</span> <span class='ocrx_word' id='word_1_85' title='bbox 874 762 1091 799; x_wconf 87' lang='lat' dir='ltr'>consulite:</span> <span class='ocrx_word' id='word_1_86' title='bbox 1121 763 1308 810; x_wconf 87' lang='lat' dir='ltr'>splendor</span> <span class='ocrx_word' id='word_1_87' title='bbox 1328 770 1454 800; x_wconf 84' lang='lat' dir='ltr'>vester</span> <span class='ocrx_word' id='word_1_88' title='bbox 1480 762 1571 800; x_wconf 88' lang='lat' dir='ltr'>facit</span> <span class='ocrx_word' id='word_1_89' title='bbox 1597 770 1639 800; x_wconf 91' lang='lat' dir='ltr'>ut</span> <span class='ocrx_word' id='word_1_90' title='bbox 1663 778 1699 799; x_wconf 92' lang='lat'>10</span> 
     </span>
     <span class='ocr_line' id='line_1_12' title="bbox 304 826 1638 878; baseline -0.001 -12"><span class='ocrx_word' id='word_1_91' title='bbox 304 841 467 878; x_wconf 84' lang='lat' dir='ltr'>peccare</span> <span class='ocrx_word' id='word_1_92' title='bbox 499 827 583 865; x_wconf 88' lang='lat' dir='ltr'>sine</span> <span class='ocrx_word' id='word_1_93' title='bbox 617 840 777 865; x_wconf 90' lang='lat' dir='ltr'>summo</span> <span class='ocrx_word' id='word_1_94' title='bbox 811 826 864 864; x_wconf 90' lang='lat' dir='ltr'>rei</span> <span class='ocrx_word' id='word_1_95' title='bbox 899 826 1081 876; x_wconf 85' lang='lat' dir='ltr'>publicae</span> <span class='ocrx_word' id='word_1_96' title='bbox 1113 826 1350 865; x_wconf 87' lang='lat' dir='ltr'>detrimento</span> <span class='ocrx_word' id='word_1_97' title='bbox 1384 841 1429 866; x_wconf 80' lang='lat' dir='ltr'>ac</span> <span class='ocrx_word' id='word_1_98' title='bbox 1465 827 1638 877; x_wconf 88' lang='lat' dir='ltr'>periculo</span> 
     </span>
     <span class='ocr_line' id='line_1_13' title="bbox 303 892 1637 943; baseline 0 -12"><span class='ocrx_word' id='word_1_99' title='bbox 303 907 383 931; x_wconf 89' lang='lat' dir='ltr'>non</span> <span class='ocrx_word' id='word_1_100' title='bbox 412 893 580 943; x_wconf 88' lang='lat' dir='ltr'>possitis.</span> <span class='ocrx_word' id='word_1_101' title='bbox 642 894 736 931; x_wconf 91' lang='lat' dir='ltr'>Non</span> <span class='ocrx_word' id='word_1_102' title='bbox 765 892 871 930; x_wconf 91' lang='lat' dir='ltr'>enim</span> <span class='ocrx_word' id='word_1_103' title='bbox 899 900 1028 942; x_wconf 88' lang='lat' dir='ltr'>potest</span> <span class='ocrx_word' id='word_1_104' title='bbox 1056 906 1210 942; x_wconf 81' lang='lat' dir='ltr'>sperare</span> <span class='ocrx_word' id='word_1_105' title='bbox 1235 895 1404 943; x_wconf 91' lang='lat' dir='ltr'>populus</span> <span class='ocrx_word' id='word_1_106' title='bbox 1431 895 1637 931; x_wconf 82' lang='lat' dir='ltr'>Romanus</span> 
     </span>
     <span class='ocr_line' id='line_1_14' title="bbox 302 957 1636 1007; baseline -0.001 -10"><span class='ocrx_word' id='word_1_107' title='bbox 302 973 387 997; x_wconf 88' lang='lat' dir='ltr'>esse</span> <span class='ocrx_word' id='word_1_108' title='bbox 413 959 511 997; x_wconf 83' lang='lat' dir='ltr'>alios</span> <span class='ocrx_word' id='word_1_109' title='bbox 539 958 579 996; x_wconf 89' lang='lat' dir='ltr'>in</span> <span class='ocrx_word' id='word_1_110' title='bbox 610 966 748 996; x_wconf 90' lang='lat' dir='ltr'>senatu</span> <span class='ocrx_word' id='word_1_111' title='bbox 777 957 844 1007; x_wconf 84' lang='lat' dir='ltr'>qui</span> <span class='ocrx_word' id='word_1_112' title='bbox 875 965 980 995; x_wconf 86' lang='lat' dir='ltr'>recte</span> <span class='ocrx_word' id='word_1_113' title='bbox 1010 957 1161 1007; x_wconf 88' lang='lat' dir='ltr'>possint</span> <span class='ocrx_word' id='word_1_114' title='bbox 1189 958 1371 1005; x_wconf 89' lang='lat' dir='ltr'>iudicare,</span> <span class='ocrx_word' id='word_1_115' title='bbox 1396 972 1464 996; x_wconf 82' lang='lat' dir='ltr'>vos</span> <span class='ocrx_word' id='word_1_116' title='bbox 1495 958 1525 996; x_wconf 89' lang='lat' dir='ltr'>si</span> <span class='ocrx_word' id='word_1_117' title='bbox 1556 971 1636 996; x_wconf 91' lang='lat' dir='ltr'>non</span> 
     </span>
     <span class='ocr_line' id='line_1_15' title="bbox 302 1023 1636 1075; baseline -0.001 -12"><span class='ocrx_word' id='word_1_118' title='bbox 302 1024 505 1075; x_wconf 90' lang='lat' dir='ltr'>potueritis</span> <span class='ocrx_word' id='word_1_119' title='bbox 525 1039 532 1062; x_wconf 92' lang='lat'>:</span> <span class='ocrx_word' id='word_1_120' title='bbox 564 1037 725 1062; x_wconf 90' lang='lat' dir='ltr'>necesse</span> <span class='ocrx_word' id='word_1_121' title='bbox 746 1030 815 1070; x_wconf 90' lang='lat' dir='ltr'>est,</span> <span class='ocrx_word' id='word_1_122' title='bbox 835 1036 926 1061; x_wconf 88' lang='lat' dir='ltr'>cum</span> <span class='ocrx_word' id='word_1_123' title='bbox 947 1023 998 1060; x_wconf 91' lang='lat' dir='ltr'>de</span> <span class='ocrx_word' id='word_1_124' title='bbox 1019 1030 1103 1060; x_wconf 81' lang='lat' dir='ltr'>toto</span> <span class='ocrx_word' id='word_1_125' title='bbox 1123 1023 1261 1061; x_wconf 87' lang='lat' dir='ltr'>ordine</span> <span class='ocrx_word' id='word_1_126' title='bbox 1282 1023 1506 1073; x_wconf 82' lang='lat' dir='ltr'>desperarit,</span> <span class='ocrx_word' id='word_1_127' title='bbox 1528 1023 1636 1062; x_wconf 88' lang='lat' dir='ltr'>aliud</span> 
     </span>
     <span class='ocr_line' id='line_1_16' title="bbox 299 1088 1694 1140; baseline -0.001 -12"><span class='ocrx_word' id='word_1_128' title='bbox 299 1104 423 1140; x_wconf 87' lang='lat' dir='ltr'>genus</span> <span class='ocrx_word' id='word_1_129' title='bbox 451 1089 659 1128; x_wconf 89' lang='lat' dir='ltr'>hominum</span> <span class='ocrx_word' id='word_1_130' title='bbox 688 1096 807 1138; x_wconf 85' lang='lat' dir='ltr'>atque</span> <span class='ocrx_word' id='word_1_131' title='bbox 834 1088 950 1126; x_wconf 86' lang='lat' dir='ltr'>aliam</span> <span class='ocrx_word' id='word_1_132' title='bbox 980 1088 1171 1126; x_wconf 85' lang='lat' dir='ltr'>rationem</span> <span class='ocrx_word' id='word_1_133' title='bbox 1197 1088 1431 1126; x_wconf 91' lang='lat' dir='ltr'>iudiciorum</span> <span class='ocrx_word' id='word_1_134' title='bbox 1453 1088 1633 1138; x_wconf 82' lang='lat' dir='ltr'>requirat.</span> <span class='ocrx_word' id='word_1_135' title='bbox 1660 1103 1694 1133; x_wconf 84' lang='lat'>¹5</span> 
     </span>
     <span class='ocr_line' id='line_1_17' title="bbox 302 1153 1635 1204; baseline -0.001 -11"><span class='ocrx_word' id='word_1_136' title='bbox 302 1157 395 1194; x_wconf 91' lang='lat' dir='ltr'>Hoc</span> <span class='ocrx_word' id='word_1_137' title='bbox 429 1155 460 1193; x_wconf 90' lang='lat' dir='ltr'>si</span> <span class='ocrx_word' id='word_1_138' title='bbox 490 1155 602 1193; x_wconf 89' lang='lat' dir='ltr'>vobis</span> <span class='ocrx_word' id='word_1_139' title='bbox 637 1154 729 1192; x_wconf 88' lang='lat' dir='ltr'>ideo</span> <span class='ocrx_word' id='word_1_140' title='bbox 764 1153 887 1192; x_wconf 89' lang='lat' dir='ltr'>levius</span> <span class='ocrx_word' id='word_1_141' title='bbox 917 1153 1070 1192; x_wconf 86' lang='lat' dir='ltr'>videtur</span> <span class='ocrx_word' id='word_1_142' title='bbox 1102 1155 1211 1203; x_wconf 87' lang='lat' dir='ltr'>quod</span> <span class='ocrx_word' id='word_1_143' title='bbox 1241 1154 1385 1204; x_wconf 81' lang='lat' dir='ltr'>putatis</span> <span class='ocrx_word' id='word_1_144' title='bbox 1416 1167 1516 1192; x_wconf 88' lang='lat' dir='ltr'>onus</span> <span class='ocrx_word' id='word_1_145' title='bbox 1550 1167 1635 1192; x_wconf 86' lang='lat' dir='ltr'>esse</span> 
     </span>
     <span class='ocr_line' id='line_1_18' title="bbox 298 1218 1633 1271; baseline -0.002 -12"><span class='ocrx_word' id='word_1_146' title='bbox 298 1234 414 1271; x_wconf 84' lang='lat' dir='ltr'>grave</span> <span class='ocrx_word' id='word_1_147' title='bbox 438 1228 476 1258; x_wconf 91' lang='lat' dir='ltr'>et</span> <span class='ocrx_word' id='word_1_148' title='bbox 504 1220 806 1258; x_wconf 89' lang='lat' dir='ltr'>incommodum</span> <span class='ocrx_word' id='word_1_149' title='bbox 835 1218 1019 1264; x_wconf 84' lang='lat' dir='ltr'>iudicare,</span> <span class='ocrx_word' id='word_1_150' title='bbox 1045 1218 1268 1269; x_wconf 86' lang='lat' dir='ltr'>intellegere</span> <span class='ocrx_word' id='word_1_151' title='bbox 1289 1219 1443 1257; x_wconf 91' lang='lat' dir='ltr'>debetis</span> <span class='ocrx_word' id='word_1_152' title='bbox 1464 1218 1633 1268; x_wconf 90' lang='lat' dir='ltr'>primurn</span> 
     </span>
     <span class='ocr_line' id='line_1_19' title="bbox 298 1285 1634 1335; baseline -0.002 -10"><span class='ocrx_word' id='word_1_153' title='bbox 298 1287 484 1325; x_wconf 87' lang='lat' dir='ltr'>interesse</span> <span class='ocrx_word' id='word_1_154' title='bbox 520 1295 649 1324; x_wconf 90' lang='lat' dir='ltr'>utrum</span> <span class='ocrx_word' id='word_1_155' title='bbox 686 1286 726 1323; x_wconf 92' lang='lat' dir='ltr'>id</span> <span class='ocrx_word' id='word_1_156' title='bbox 757 1299 856 1323; x_wconf 88' lang='lat' dir='ltr'>onus</span> <span class='ocrx_word' id='word_1_157' title='bbox 887 1292 1039 1323; x_wconf 86' lang='lat' dir='ltr'>vosmet</span> <span class='ocrx_word' id='word_1_158' title='bbox 1074 1285 1147 1335; x_wconf 90' lang='lat' dir='ltr'>ipsi</span> <span class='ocrx_word' id='word_1_159' title='bbox 1179 1285 1401 1330; x_wconf 80' lang='lat' dir='ltr'>reieceritis,</span> <span class='ocrx_word' id='word_1_160' title='bbox 1431 1299 1491 1330; x_wconf 90' lang='lat' dir='ltr'>an,</span> <span class='ocrx_word' id='word_1_161' title='bbox 1524 1285 1634 1335; x_wconf 90' lang='lat' dir='ltr'>quod</span> 
     </span>
     <span class='ocr_line' id='line_1_20' title="bbox 298 1350 1632 1402; baseline -0.001 -13"><span class='ocrx_word' id='word_1_162' title='bbox 298 1352 462 1402; x_wconf 90' lang='lat' dir='ltr'>probare</span> <span class='ocrx_word' id='word_1_163' title='bbox 492 1353 641 1402; x_wconf 87' lang='lat' dir='ltr'>populo</span> <span class='ocrx_word' id='word_1_164' title='bbox 672 1352 857 1389; x_wconf 89' lang='lat' dir='ltr'>Romano</span> <span class='ocrx_word' id='word_1_165' title='bbox 888 1351 1006 1388; x_wconf 84' lang='lat' dir='ltr'>fidem</span> <span class='ocrx_word' id='word_1_166' title='bbox 1036 1357 1202 1388; x_wconf 84' lang='lat' dir='ltr'>vestram</span> <span class='ocrx_word' id='word_1_167' title='bbox 1230 1358 1267 1388; x_wconf 83' lang='lat' dir='ltr'>et</span> <span class='ocrx_word' id='word_1_168' title='bbox 1295 1350 1522 1400; x_wconf 82' lang='lat' dir='ltr'>religionem</span> <span class='ocrx_word' id='word_1_169' title='bbox 1551 1362 1632 1388; x_wconf 92' lang='lat' dir='ltr'>non</span> 
     </span>
     <span class='ocr_line' id='line_1_21' title="bbox 296 1414 1694 1467; baseline -0.003 -12"><span class='ocrx_word' id='word_1_170' title='bbox 296 1417 510 1467; x_wconf 84' lang='lat' dir='ltr'>potueritis,</span> <span class='ocrx_word' id='word_1_171' title='bbox 545 1430 592 1455; x_wconf 92' lang='lat' dir='ltr'>eo</span> <span class='ocrx_word' id='word_1_172' title='bbox 623 1415 735 1454; x_wconf 88' lang='lat' dir='ltr'>vobis</span> <span class='ocrx_word' id='word_1_173' title='bbox 773 1415 974 1453; x_wconf 87' lang='lat' dir='ltr'>iudicandi</span> <span class='ocrx_word' id='word_1_174' title='bbox 1010 1423 1182 1465; x_wconf 78' lang='lat' dir='ltr'>potestas</span> <span class='ocrx_word' id='word_1_175' title='bbox 1215 1423 1347 1465; x_wconf 87' lang='lat' dir='ltr'>erepta</span> <span class='ocrx_word' id='word_1_176' title='bbox 1379 1415 1453 1462; x_wconf 77' lang='lat' dir='ltr'>sit;</span> <span class='ocrx_word' id='word_1_177' title='bbox 1485 1414 1632 1453; x_wconf 88' lang='lat' dir='ltr'>deinde</span> <span class='ocrx_word' id='word_1_178' title='bbox 1653 1428 1694 1450; x_wconf 89' lang='lat'>20</span> 
     </span>
     <span class='ocr_line' id='line_1_22' title="bbox 296 1479 1631 1530; baseline -0.002 -10"><span class='ocrx_word' id='word_1_179' title='bbox 296 1482 413 1520; x_wconf 89' lang='lat' dir='ltr'>etiam</span> <span class='ocrx_word' id='word_1_180' title='bbox 441 1482 537 1520; x_wconf 92' lang='lat' dir='ltr'>illud</span> <span class='ocrx_word' id='word_1_181' title='bbox 566 1481 747 1530; x_wconf 82' lang='lat' dir='ltr'>cogitare,</span> <span class='ocrx_word' id='word_1_182' title='bbox 773 1487 922 1529; x_wconf 81' lang='lat' dir='ltr'>quanto</span> <span class='ocrx_word' id='word_1_183' title='bbox 950 1479 1124 1529; x_wconf 89' lang='lat' dir='ltr'>periculo</span> <span class='ocrx_word' id='word_1_184' title='bbox 1152 1480 1304 1518; x_wconf 80' lang='lat' dir='ltr'>venturi</span> <span class='ocrx_word' id='word_1_185' title='bbox 1335 1480 1457 1518; x_wconf 89' lang='lat' dir='ltr'>simus</span> <span class='ocrx_word' id='word_1_186' title='bbox 1485 1480 1537 1517; x_wconf 82' lang='lat' dir='ltr'>ad</span> <span class='ocrx_word' id='word_1_187' title='bbox 1563 1492 1631 1517; x_wconf 89' lang='lat' dir='ltr'>eos</span> 
     </span>
     <span class='ocr_line' id='line_1_23' title="bbox 295 1545 1631 1596; baseline -0.003 -10"><span class='ocrx_word' id='word_1_188' title='bbox 295 1547 445 1586; x_wconf 89' lang='lat' dir='ltr'>iudices</span> <span class='ocrx_word' id='word_1_189' title='bbox 481 1560 580 1596; x_wconf 88' lang='lat' dir='ltr'>quos</span> <span class='ocrx_word' id='word_1_190' title='bbox 619 1553 777 1596; x_wconf 89' lang='lat' dir='ltr'>propter</span> <span class='ocrx_word' id='word_1_191' title='bbox 807 1545 943 1583; x_wconf 91' lang='lat' dir='ltr'>odium</span> <span class='ocrx_word' id='word_1_192' title='bbox 979 1545 1100 1583; x_wconf 89' lang='lat' dir='ltr'>nostri</span> <span class='ocrx_word' id='word_1_193' title='bbox 1137 1547 1306 1595; x_wconf 88' lang='lat' dir='ltr'>populus</span> <span class='ocrx_word' id='word_1_194' title='bbox 1343 1547 1549 1583; x_wconf 91' lang='lat' dir='ltr'>Romanus</span> <span class='ocrx_word' id='word_1_195' title='bbox 1581 1546 1631 1583; x_wconf 85' lang='lat' dir='ltr'>de</span> 
     </span>
     <span class='ocr_line' id='line_1_24' title="bbox 236 1609 1631 1660; baseline -0.004 -9"><span class='ocrx_word' id='word_1_196' title='bbox 236 1627 273 1658; x_wconf 86' lang='lat'>23</span> <span class='ocrx_word' id='word_1_197' title='bbox 294 1613 409 1651; x_wconf 91' lang='lat' dir='ltr'>nobis</span> <span class='ocrx_word' id='word_1_198' title='bbox 439 1611 603 1650; x_wconf 88' lang='lat' dir='ltr'>voluerit</span> <span class='ocrx_word' id='word_1_199' title='bbox 638 1610 820 1649; x_wconf 87' lang='lat' dir='ltr'>iudicare.</span> <span class='ocrx_word' id='word_1_200' title='bbox 882 1612 1029 1648; x_wconf 87' lang='lat' dir='ltr'>Verum</span> <span class='ocrx_word' id='word_1_201' title='bbox 1060 1610 1171 1648; x_wconf 88' lang='lat' dir='ltr'>vobis</span> <span class='ocrx_word' id='word_1_202' title='bbox 1202 1610 1331 1648; x_wconf 85' lang='lat' dir='ltr'>dicam</span> <span class='ocrx_word' id='word_1_203' title='bbox 1363 1610 1402 1649; x_wconf 88' lang='lat' dir='ltr'>id</span> <span class='ocrx_word' id='word_1_204' title='bbox 1433 1611 1542 1660; x_wconf 84' lang='lat' dir='ltr'>quod</span> <span class='ocrx_word' id='word_1_205' title='bbox 1578 1609 1631 1647; x_wconf 91' lang='lat' dir='ltr'>in-</span> 
     </span>
     <span class='ocr_line' id='line_1_25' title="bbox 293 1675 1629 1725; baseline -0.004 -9"><span class='ocrx_word' id='word_1_206' title='bbox 293 1678 432 1724; x_wconf 88' lang='lat' dir='ltr'>tellexi,</span> <span class='ocrx_word' id='word_1_207' title='bbox 454 1677 613 1715; x_wconf 88' lang='lat' dir='ltr'>iudices.</span> <span class='ocrx_word' id='word_1_208' title='bbox 668 1675 865 1713; x_wconf 89' lang='lat' dir='ltr'>Homines</span> <span class='ocrx_word' id='word_1_209' title='bbox 887 1675 1026 1713; x_wconf 82' lang='lat' dir='ltr'>scitote</span> <span class='ocrx_word' id='word_1_210' title='bbox 1042 1689 1127 1714; x_wconf 89' lang='lat' dir='ltr'>esse</span> <span class='ocrx_word' id='word_1_211' title='bbox 1143 1677 1337 1725; x_wconf 84' lang='lat' dir='ltr'>quosdam</span> <span class='ocrx_word' id='word_1_212' title='bbox 1354 1689 1454 1725; x_wconf 87' lang='lat' dir='ltr'>quos</span> <span class='ocrx_word' id='word_1_213' title='bbox 1475 1682 1629 1713; x_wconf 89' lang='lat' dir='ltr'>tantum</span> 
     </span>
     <span class='ocr_line' id='line_1_26' title="bbox 293 1740 1687 1791; baseline -0.004 -9"><span class='ocrx_word' id='word_1_214' title='bbox 293 1743 429 1783; x_wconf 90' lang='lat' dir='ltr'>odium</span> <span class='ocrx_word' id='word_1_215' title='bbox 455 1743 576 1781; x_wconf 86' lang='lat' dir='ltr'>nostri</span> <span class='ocrx_word' id='word_1_216' title='bbox 606 1741 754 1780; x_wconf 89' lang='lat' dir='ltr'>ordinis</span> <span class='ocrx_word' id='word_1_217' title='bbox 781 1748 913 1779; x_wconf 86' lang='lat' dir='ltr'>teneat</span> <span class='ocrx_word' id='word_1_218' title='bbox 941 1749 983 1779; x_wconf 92' lang='lat' dir='ltr'>ut</span> <span class='ocrx_word' id='word_1_219' title='bbox 1011 1742 1087 1780; x_wconf 90' lang='lat' dir='ltr'>hoc</span> <span class='ocrx_word' id='word_1_220' title='bbox 1112 1743 1240 1791; x_wconf 80' lang='lat' dir='ltr'>palam</span> <span class='ocrx_word' id='word_1_221' title='bbox 1270 1741 1346 1779; x_wconf 90' lang='lat' dir='ltr'>iam</span> <span class='ocrx_word' id='word_1_222' title='bbox 1371 1740 1563 1787; x_wconf 86' lang='lat' dir='ltr'>dictitent,</span> <span class='ocrx_word' id='word_1_223' title='bbox 1587 1753 1629 1778; x_wconf 92' lang='lat' dir='ltr'>se</span> <span class='ocrx_word' id='word_1_224' title='bbox 1650 1754 1687 1785; x_wconf 88' lang='lat'>²5</span> 
     </span>
     <span class='ocr_line' id='line_1_27' title="bbox 292 1806 1628 1858; baseline -0.002 -12"><span class='ocrx_word' id='word_1_225' title='bbox 292 1808 421 1855; x_wconf 89' lang='lat' dir='ltr'>istum,</span> <span class='ocrx_word' id='word_1_226' title='bbox 446 1822 564 1858; x_wconf 87' lang='lat' dir='ltr'>quern</span> <span class='ocrx_word' id='word_1_227' title='bbox 588 1807 711 1845; x_wconf 83' lang='lat' dir='ltr'>sciant</span> <span class='ocrx_word' id='word_1_228' title='bbox 734 1820 819 1844; x_wconf 82' lang='lat' dir='ltr'>esse</span> <span class='ocrx_word' id='word_1_229' title='bbox 847 1806 1050 1844; x_wconf 89' lang='lat' dir='ltr'>hominem</span> <span class='ocrx_word' id='word_1_230' title='bbox 1080 1806 1427 1856; x_wconf 89' lang='lat' dir='ltr'>improbissimum,</span> <span class='ocrx_word' id='word_1_231' title='bbox 1450 1807 1526 1844; x_wconf 87' lang='lat' dir='ltr'>hoc</span> <span class='ocrx_word' id='word_1_232' title='bbox 1547 1818 1628 1842; x_wconf 91' lang='lat' dir='ltr'>uno</span> 
     </span>
     <span class='ocr_line' id='line_1_28' title="bbox 293 1869 1626 1921; baseline -0.003 -10"><span class='ocrx_word' id='word_1_233' title='bbox 293 1874 454 1912; x_wconf 89' lang='lat' dir='ltr'>nornine</span> <span class='ocrx_word' id='word_1_234' title='bbox 481 1873 630 1911; x_wconf 84' lang='lat' dir='ltr'>absolvi</span> <span class='ocrx_word' id='word_1_235' title='bbox 662 1873 760 1909; x_wconf 86' lang='lat' dir='ltr'>velle</span> <span class='ocrx_word' id='word_1_236' title='bbox 788 1879 830 1909; x_wconf 86' lang='lat' dir='ltr'>ut</span> <span class='ocrx_word' id='word_1_237' title='bbox 857 1872 909 1909; x_wconf 84' lang='lat' dir='ltr'>ab</span> <span class='ocrx_word' id='word_1_238' title='bbox 936 1879 1073 1909; x_wconf 86' lang='lat' dir='ltr'>senatu</span> <span class='ocrx_word' id='word_1_239' title='bbox 1102 1871 1246 1910; x_wconf 88' lang='lat' dir='ltr'>iudicia</span> <span class='ocrx_word' id='word_1_240' title='bbox 1276 1885 1344 1921; x_wconf 88' lang='lat' dir='ltr'>per</span> <span class='ocrx_word' id='word_1_241' title='bbox 1371 1869 1626 1921; x_wconf 81' lang='lat' dir='ltr'>ignominiam</span> 
     </span>
     <span class='ocr_line' id='line_1_29' title="bbox 293 1934 1624 1989; baseline -0.003 -12"><span class='ocrx_word' id='word_1_242' title='bbox 293 1939 656 1989; x_wconf 83' lang='lat' dir='ltr'>turpitudinemque</span> <span class='ocrx_word' id='word_1_243' title='bbox 708 1938 943 1974; x_wconf 79' lang='lat' dir='ltr'>auferantur.</span> <span class='ocrx_word' id='word_1_244' title='bbox 1010 1939 1124 1974; x_wconf 87' lang='lat' dir='ltr'>Haec</span> <span class='ocrx_word' id='word_1_245' title='bbox 1170 1950 1232 1975; x_wconf 86' lang='lat' dir='ltr'>me</span> <span class='ocrx_word' id='word_1_246' title='bbox 1271 1936 1447 1986; x_wconf 87' lang='lat' dir='ltr'>pluribus</span> <span class='ocrx_word' id='word_1_247' title='bbox 1485 1934 1624 1980; x_wconf 84' lang='lat' dir='ltr'>verbis,</span> 
     </span>
    </p>
   </div>
   <div class='ocr_carea' id='block_1_3' title="bbox 293 2039 1626 2385">
    <p class='ocr_par' dir='ltr' id='par_1_3' title="bbox 293 2039 1626 2385">
     <span class='ocr_line' id='line_1_30' title="bbox 340 2039 1626 2083; baseline -0.005 -9"><span class='ocrx_word' id='word_1_248' title='bbox 340 2054 352 2073; x_wconf 84' lang='lat'>1</span> <span class='ocrx_word' id='word_1_249' title='bbox 373 2045 452 2083; x_wconf 89' lang='lat' dir='ltr'>quid</span> <span class='ocrx_word' id='word_1_250' title='bbox 471 2049 536 2073; x_wconf 86' lang='lat' dir='ltr'>tarn</span> <span class='ocrx_word' id='word_1_251' title='bbox 556 2054 574 2073; x_wconf 91' lang='lat' dir='ltr'>e</span> <span class='ocrx_word' id='word_1_252' title='bbox 593 2053 627 2073; x_wconf 85' lang='lat' dir='ltr'>re</span> <span class='ocrx_word' id='word_1_253' title='bbox 646 2041 777 2082; x_wconf 82' lang='lat' dir='ltr'>publica</span> <span class='ocrx_word' id='word_1_254' title='bbox 797 2041 876 2071; x_wconf 78' lang='lat' dir='ltr'>coni.</span> <span class='ocrx_word' id='word_1_255' title='bbox 897 2040 1044 2078; x_wconf 50' lang='lat' dir='ltr'>Madvig.</span> <span class='ocrx_word' id='word_1_256' title='bbox 1065 2053 1071 2072; x_wconf 87' lang='lat'>:</span> <span class='ocrx_word' id='word_1_257' title='bbox 1096 2042 1175 2081; x_wconf 85' lang='lat' dir='ltr'>quid</span> <span class='ocrx_word' id='word_1_258' title='bbox 1194 2047 1306 2072; x_wconf 84' lang='lat' dir='ltr'>tamen</span> <span class='ocrx_word' id='word_1_259' title='bbox 1326 2051 1362 2070; x_wconf 84' lang='lat' dir='ltr'>rc</span> <span class='ocrx_word' id='word_1_260' title='bbox 1377 2059 1383 2065; x_wconf 91' lang='lat'><em>-</em></span> <span class='ocrx_word' id='word_1_261' title='bbox 1396 2050 1434 2078; x_wconf 85' lang='lat' dir='ltr'>p·</span> <span class='ocrx_word' id='word_1_262' title='bbox 1449 2039 1626 2069; x_wconf 83' lang='lat' dir='ltr'>honestius</span> 
     </span>
     <span class='ocr_line' id='line_1_31' title="bbox 294 2082 1626 2126; baseline -0.005 -10"><span class='ocrx_word' id='word_1_263' title='bbox 294 2087 381 2117; x_wconf 76' lang='grc' dir='ltr'>Βψπ</span> <span class='ocrx_word' id='word_1_264' title='bbox 413 2093 493 2123; x_wconf 51' lang='lat' dir='ltr'>itam</span> <span class='ocrx_word' id='word_1_265' title='bbox 519 2098 561 2126; x_wconf 84' lang='lat' dir='ltr'>q:</span> <span class='ocrx_word' id='word_1_266' title='bbox 595 2087 658 2116; x_wconf 87' lang='lat' dir='ltr'>iam</span> <span class='ocrx_word' id='word_1_267' title='bbox 677 2086 755 2115; x_wconf 77' lang='grc' dir='ltr'>ὸνδε</span> <span class='ocrx_word' id='word_1_268' title='bbox 789 2086 820 2114; x_wconf 91' lang='lat' dir='ltr'>in</span> <span class='ocrx_word' id='word_1_269' title='bbox 847 2094 881 2113; x_wconf 88' lang='lat' dir='ltr'>re</span> <span class='ocrx_word' id='word_1_270' title='bbox 903 2085 981 2125; x_wconf 91' lang='lat' dir='ltr'>pub.</span> <span class='ocrx_word' id='word_1_271' title='bbox 1005 2084 1072 2121; x_wconf 48' lang='grc' dir='ltr'>ΖΜ</span> <span class='ocrx_word' id='word_1_272' title='bbox 1100 2085 1187 2123; x_wconf 83' lang='lat' dir='ltr'>Quid</span> <span class='ocrx_word' id='word_1_273' title='bbox 1214 2085 1347 2115; x_wconf 85' lang='lat' dir='ltr'>tandem</span> <span class='ocrx_word' id='word_1_274' title='bbox 1375 2083 1452 2113; x_wconf 75' lang='lat' dir='ltr'>coni.</span> <span class='ocrx_word' id='word_1_275' title='bbox 1479 2082 1626 2121; x_wconf 83' lang='lat' dir='ltr'>Zumpt:</span> 
     </span>
     <span class='ocr_line' id='line_1_32' title="bbox 293 2125 1625 2170; baseline -0.004 -10"><span class='ocrx_word' id='word_1_276' title='bbox 293 2141 338 2160; x_wconf 80' lang='lat' dir='ltr'>cm</span> <span class='ocrx_word' id='word_1_277' title='bbox 356 2130 443 2168; x_wconf 84' lang='lat' dir='ltr'>Quid</span> <span class='ocrx_word' id='word_1_278' title='bbox 462 2136 574 2160; x_wconf 86' lang='lat' dir='ltr'>tamen</span> <span class='ocrx_word' id='word_1_279' title='bbox 596 2130 746 2170; x_wconf 77' lang='lat' dir='ltr'>(tandem</span> <span class='ocrx_word' id='word_1_280' title='bbox 760 2130 784 2159; x_wconf 55' lang='lat' dir='ltr'>Ti</span> <span class='ocrx_word' id='word_1_281' title='bbox 806 2129 838 2157; x_wconf 89' lang='lat' dir='ltr'>in</span> <span class='ocrx_word' id='word_1_282' title='bbox 859 2138 893 2157; x_wconf 78' lang='lat' dir='ltr'>re</span> <span class='ocrx_word' id='word_1_283' title='bbox 908 2128 1039 2167; x_wconf 83' lang='lat' dir='ltr'>publica</span> <span class='ocrx_word' id='word_1_284' title='bbox 1053 2129 1247 2159; x_wconf 55' lang='lat' dir='ltr'>honestius}</span> <span class='ocrx_word' id='word_1_285' title='bbox 1342 2137 1379 2156; x_wconf 88' lang='lat'>12</span> <span class='ocrx_word' id='word_1_286' title='bbox 1401 2125 1538 2165; x_wconf 84' lang='lat' dir='ltr'>possitis</span> <span class='ocrx_word' id='word_1_287' title='bbox 1549 2125 1603 2155; x_wconf 79' lang='lat' dir='ltr'>Kb</span> <span class='ocrx_word' id='word_1_288' title='bbox 1619 2149 1625 2155; x_wconf 91' lang='lat'><strong>.</strong></span> 
     </span>
     <span class='ocr_line' id='line_1_33' title="bbox 293 2171 1624 2214; baseline -0.005 -10"><span class='ocrx_word' id='word_1_289' title='bbox 293 2175 437 2214; x_wconf 80' lang='lat' dir='ltr'>possetis</span> <span class='ocrx_word' id='word_1_290' title='bbox 454 2174 540 2204; x_wconf 78' lang='grc' dir='ltr'>ΒΨπ</span> <span class='ocrx_word' id='word_1_291' title='bbox 680 2177 791 2212; x_wconf 87' lang='lat' dir='ltr'>potest</span> <span class='ocrx_word' id='word_1_292' title='bbox 809 2181 949 2210; x_wconf 82' lang='lat' dir='ltr'>sperare</span> <span class='ocrx_word' id='word_1_293' title='bbox 968 2171 1021 2211; x_wconf 80' lang='lat' dir='ltr'>Dp</span> <span class='ocrx_word' id='word_1_294' title='bbox 1035 2172 1079 2202; x_wconf 81' lang='lat' dir='ltr'>al.</span> <span class='ocrx_word' id='word_1_295' title='bbox 1100 2183 1106 2201; x_wconf 70' lang='grc' dir='ltr'><em>τ</em></span> <span class='ocrx_word' id='word_1_296' title='bbox 1132 2181 1268 2211; x_wconf 81' lang='lat' dir='ltr'>sperare</span> <span class='ocrx_word' id='word_1_297' title='bbox 1287 2175 1398 2210; x_wconf 84' lang='lat' dir='ltr'>potest</span> <span class='ocrx_word' id='word_1_298' title='bbox 1414 2181 1453 2210; x_wconf 83' lang='lat' dir='ltr'>qr</span> <span class='ocrx_word' id='word_1_299' title='bbox 1587 2179 1624 2207; x_wconf 86' lang='lat'>15</span> 
     </span>
     <span class='ocr_line' id='line_1_34' title="bbox 293 2212 1625 2257; baseline -0.005 -9"><span class='ocrx_word' id='word_1_300' title='bbox 293 2219 441 2257; x_wconf 85' lang='lat' dir='ltr'>requirat</span> <span class='ocrx_word' id='word_1_301' title='bbox 455 2217 653 2247; x_wconf 86' lang='lat' dir='ltr'>iudiciorum</span> <span class='ocrx_word' id='word_1_302' title='bbox 674 2217 704 2256; x_wconf 81' lang='lat' dir='ltr'>q¹</span> <span class='ocrx_word' id='word_1_303' title='bbox 851 2216 890 2244; x_wconf 84' lang='lat'>18</span> <span class='ocrx_word' id='word_1_304' title='bbox 916 2215 1145 2255; x_wconf 83' lang='lat' dir='ltr'>reiceretisp:</span> <span class='ocrx_word' id='word_1_305' title='bbox 1170 2214 1354 2245; x_wconf 85' lang='lat' dir='ltr'>reiiceretis</span> <span class='ocrx_word' id='word_1_306' title='bbox 1368 2225 1408 2254; x_wconf 83' lang='lat' dir='ltr'>q:</span> <span class='ocrx_word' id='word_1_307' title='bbox 1434 2212 1625 2251; x_wconf 83' lang='lat' dir='ltr'>relegeritis</span> 
     </span>
     <span class='ocr_line' id='line_1_35' title="bbox 294 2256 1626 2300; baseline -0.005 -10"><span class='ocrx_word' id='word_1_308' title='bbox 294 2260 357 2291; x_wconf 77' lang='grc' dir='ltr'>ΒΨ</span> <span class='ocrx_word' id='word_1_309' title='bbox 455 2271 496 2300; x_wconf 84' lang='lat'>23</span> <span class='ocrx_word' id='word_1_310' title='bbox 519 2261 609 2290; x_wconf 73' lang='lat' dir='ltr'>vern</span> <span class='ocrx_word' id='word_1_311' title='bbox 629 2259 746 2290; x_wconf 88' lang='lat' dir='ltr'>euobis</span> <span class='ocrx_word' id='word_1_312' title='bbox 758 2263 782 2298; x_wconf 79' lang='lat' dir='ltr'>p</span> <span class='ocrx_word' id='word_1_313' title='bbox 798 2269 803 2287; x_wconf 84' lang='lat'>:</span> <span class='ocrx_word' id='word_1_314' title='bbox 823 2258 948 2288; x_wconf 80' lang='lat' dir='ltr'>Verum</span> <span class='ocrx_word' id='word_1_315' title='bbox 967 2263 1000 2288; x_wconf 86' lang='lat' dir='ltr'>et</span> <span class='ocrx_word' id='word_1_316' title='bbox 1016 2259 1113 2289; x_wconf 82' lang='lat' dir='ltr'>vobis</span> <span class='ocrx_word' id='word_1_317' title='bbox 1125 2269 1176 2298; x_wconf 79' lang='lat' dir='ltr'>qr:</span> <span class='ocrx_word' id='word_1_318' title='bbox 1195 2268 1310 2288; x_wconf 83' lang='lat' dir='ltr'>verum</span> <span class='ocrx_word' id='word_1_319' title='bbox 1329 2263 1363 2287; x_wconf 85' lang='lat' dir='ltr'>ut</span> <span class='ocrx_word' id='word_1_320' title='bbox 1380 2257 1476 2287; x_wconf 85' lang='lat' dir='ltr'>vobis</span> <span class='ocrx_word' id='word_1_321' title='bbox 1498 2256 1626 2294; x_wconf 81' lang='lat' dir='ltr'>Kayser</span> 
     </span>
     <span class='ocr_line' id='line_1_36' title="bbox 294 2299 1620 2342; baseline -0.005 -8"><span class='ocrx_word' id='word_1_322' title='bbox 294 2306 336 2335; x_wconf 83' lang='lat'>28</span> <span class='ocrx_word' id='word_1_323' title='bbox 362 2304 457 2334; x_wconf 77' lang='lat' dir='ltr'>Haec</span> <span class='ocrx_word' id='word_1_324' title='bbox 476 2314 528 2334; x_wconf 88' lang='lat' dir='ltr'>me</span> <span class='ocrx_word' id='word_1_325' title='bbox 547 2314 601 2334; x_wconf 84' lang='lat' dir='ltr'>res</span> <span class='ocrx_word' id='word_1_326' title='bbox 621 2303 690 2342; x_wconf 80' lang='lat' dir='ltr'>Dp</span> <span class='ocrx_word' id='word_1_327' title='bbox 707 2302 771 2333; x_wconf 88' lang='lat' dir='ltr'>rell.</span> <span class='ocrx_word' id='word_1_328' title='bbox 937 2301 1087 2340; x_wconf 89' lang='lat' dir='ltr'>pluribus</span> <span class='ocrx_word' id='word_1_329' title='bbox 1109 2302 1221 2332; x_wconf 87' lang='lat' dir='ltr'>verbis</span> <span class='ocrx_word' id='word_1_330' title='bbox 1245 2301 1374 2332; x_wconf 88' lang='lat' dir='ltr'>iudices</span> <span class='ocrx_word' id='word_1_331' title='bbox 1394 2300 1501 2331; x_wconf 70' lang='lat' dir='ltr'>DWrr:</span> <span class='ocrx_word' id='word_1_332' title='bbox 1539 2299 1620 2339; x_wconf 89' lang='lat' dir='ltr'>plur.</span> 
     </span>
     <span class='ocr_line' id='line_1_37' title="bbox 294 2345 872 2385; baseline -0.005 -6"><span class='ocrx_word' id='word_1_333' title='bbox 294 2349 362 2379; x_wconf 87' lang='lat' dir='ltr'>iud.</span> <span class='ocrx_word' id='word_1_334' title='bbox 382 2348 474 2378; x_wconf 87' lang='lat' dir='ltr'>verb.</span> <span class='ocrx_word' id='word_1_335' title='bbox 492 2347 532 2376; x_wconf 85' lang='lat' dir='ltr'>b:</span> <span class='ocrx_word' id='word_1_336' title='bbox 558 2347 623 2376; x_wconf 91' lang='lat' dir='ltr'>iud.</span> <span class='ocrx_word' id='word_1_337' title='bbox 645 2347 729 2385; x_wconf 89' lang='lat' dir='ltr'>plur.</span> <span class='ocrx_word' id='word_1_338' title='bbox 745 2345 835 2376; x_wconf 87' lang='lat' dir='ltr'>verb.</span> <span class='ocrx_word' id='word_1_339' title='bbox 855 2347 872 2375; x_wconf 90' lang='grc' dir='ltr'>δ</span> 
     </span>
    </p>
   </div>
  </div>
 </body>
</html>
