1715 2734
121 446 139 478 5

101 772 140 794 10

101 1098 136 1129 Ι5

101 1423 139 1445 20

160 65 427 104 ACTIONIS
458 64 519 102 IN
549 64 593 103 C.
616 64 858 101 VERREM
888 63 1187 103 SECVNDAE
1217 64 1321 102 LIB.
1346 65 1388 102 II
1436 64 1480 102 18
1498 69 1542 110 46

160 174 247 221 clio,
278 175 479 225 aliquanto
511 181 603 212 ante
633 187 753 224 quam
784 181 842 213 est
876 181 1063 221 mortuus,
1095 173 1229 212 omnia
1261 176 1410 214 utenda
1437 189 1483 213 ac

160 239 399 290 possidenda
425 238 648 285 tradiderat,
670 238 781 277 cuius
808 238 1045 284 hereditatis,
1069 252 1159 276 cum
1189 238 1253 277 ille
1281 239 1483 289 aliquanto

159 312 250 342 ante
271 312 308 343 te
335 311 553 354 praetorem
578 311 680 341 esset
707 311 894 350 mortuus,
917 303 1182 342 controversia
1211 305 1334 342 fuerat
1364 306 1480 351 nulla,

160 368 401 406 mentionem
422 369 565 406 fecerat
585 381 714 406 nemo.
764 370 912 406 Verum
933 375 1028 406 esto.
1086 368 1204 418 Eripe
1224 368 1482 407 hereditatem
1502 378 1549 416 19

160 432 400 483 propinquiS,
423 434 474 470 da
494 432 735 482 palaestritis,
759 435 945 482 praedare
972 432 1011 470 in
1036 432 1151 470 bonis
1171 433 1307 471 alienis
1323 434 1484 472 nomine

160 496 337 544 civitatis,
368 504 497 534 everte
535 498 649 546 leges,
691 504 935 543 testamenta,
968 498 1188 536 voluntates
1228 505 1482 546 mortuorum,

159 561 242 599 iura
274 562 473 600 vivorum:
515 575 611 599 num
641 561 759 600 etiam
789 562 921 612 patriis
953 562 1183 600 Heraclium
1214 562 1328 601 bonis
1363 571 1486 602 extur-

159 627 250 665 bare
279 625 483 675 oportuit?
540 625 620 674 Qui
650 626 767 664 simul
796 640 841 664 ac
871 626 1051 677 profugit,
1074 640 1192 677 quam
1223 627 1483 678 impudenter,

158 705 276 741 quam
298 693 438 741 palam,
462 705 579 741 quam
601 692 751 736 acerbe,
774 693 813 730 di
835 692 1085 739 immortales,
1110 692 1174 730 illa
1202 693 1308 731 bona
1334 694 1487 744 direpta

158 760 273 794 sunt!
304 770 422 806 quam
443 756 508 794 illa
534 770 593 794 res
623 756 851 795 calamitosa
881 757 1081 805 Heraclio,
1104 766 1341 807 quaestuosa
1360 759 1483 806 Verri,

158 820 280 871 turpis
315 821 575 871 Syracusanis,
613 821 835 860 miseranda
873 821 1058 860 omnibus
1093 822 1322 862 videbatur!
1379 825 1483 862 Nam

158 886 254 924 illud
274 885 436 936 quidem
458 886 588 924 statim
608 895 774 934 curatur,
797 894 839 925 ut
860 887 1049 937 quicquid
1074 887 1212 926 caelati
1238 888 1387 938 argenti
1414 889 1486 927 fuit

160 950 199 988 in
230 950 304 989 illis
340 951 453 990 bonis
484 952 535 989 ad
570 952 687 989 istum
721 953 926 998 deferatur,
960 952 1150 1002 quicquid
1189 953 1483 993 Corinthiorum

160 1029 356 1063 vasorum,
374 1017 565 1066 stragulae
594 1016 735 1054 vestis:
770 1018 867 1055 haec
897 1030 1015 1055 nemo
1044 1017 1252 1056 dubitabat
1281 1018 1376 1068 quin
1403 1033 1484 1058 non

159 1082 281 1119 modo
310 1095 356 1119 ex
385 1081 450 1119 illa
478 1082 600 1120 domo
624 1089 738 1132 capta
766 1090 804 1120 et
834 1095 1031 1132 oppressa,
1053 1097 1186 1121 verum
1217 1097 1264 1122 ex
1290 1091 1372 1122 tota
1400 1098 1485 1135 pro-

158 1145 286 1184 vincia
314 1147 365 1184 ad
394 1146 512 1184 istum
542 1147 779 1197 comportari
806 1161 967 1186 necesse
988 1156 1100 1186 esset.
1161 1149 1363 1199 Mancipia
1383 1164 1484 1200 quae

158 1211 279 1250 voluit
308 1212 483 1258 abduxit,
504 1212 580 1250 alia
609 1212 766 1260 divisit3
799 1214 931 1251 auctio
960 1214 1061 1251 facta
1088 1221 1156 1260 est,
1180 1213 1219 1252 in
1244 1228 1322 1264 qua
1341 1216 1483 1254 cohors

157 1275 267 1314 istius
298 1276 442 1315 invicta
472 1277 674 1315 dominata
703 1284 772 1316 est.
829 1279 978 1316 Verum
1010 1277 1106 1317 illud
1140 1286 1197 1317 est
1228 1281 1480 1329 praeclarum.
1503 1288 1543 1324 47

158 1342 387 1391 Syracusani
409 1342 477 1392 qui
506 1344 752 1392 praefuerant
781 1342 841 1381 his
874 1343 1049 1382 Heraclii
1074 1343 1190 1382 bonis
1212 1345 1332 1383 verbo
1362 1345 1484 1396 redig-

158 1406 282 1453 endis,
305 1421 344 1445 re
370 1407 657 1457 dispertiendis,
681 1408 901 1446 reddebant
928 1422 1063 1446 eorum
1094 1409 1342 1459 negotiorum
1372 1410 1483 1449 ratio-

157 1485 249 1509 nem
270 1472 309 1510 in
331 1480 468 1510 senatu
483 1487 493 1519 3
522 1472 708 1511 dicebant
724 1474 960 1523 scyphorum
977 1473 1083 1523 paria
1098 1476 1311 1524 complura,
1328 1475 1483 1525 hydrias

158 1544 360 1586 argenteas
403 1536 603 1586 pretiosas,
639 1545 787 1576 vestem
827 1540 1035 1588 stragulam
1075 1540 1250 1586 multam,
1288 1540 1484 1591 mancipia

158 1602 327 1652 pretiosa
360 1603 452 1641 data
481 1616 566 1641 esse
599 1604 735 1650 Verri3
774 1602 960 1642 dicebant
993 1611 1184 1653 quantum
1219 1604 1362 1654 cuique
1399 1605 1483 1644 eius

159 1667 265 1704 iussu
286 1680 537 1705 nummorum
558 1675 660 1706 esset
686 1668 834 1706 datum.
894 1669 1118 1706 Gemebant
1148 1670 1389 1718 Syracusani,
1413 1672 1482 1709 sed

98 1748 114 1770 2
120 1748 137 1781 5
158 1739 290 1770 tamen
310 1732 567 1782 patiebantur.
628 1734 809 1782 Repente
829 1732 1011 1771 recitatur
1031 1747 1111 1772 uno
1131 1734 1292 1773 nomine
1314 1736 1384 1774 HS
1406 1736 1482 1775 556

157 1797 263 1835 iussu
295 1797 481 1847 praetoris
512 1798 604 1835 data
634 1811 729 1836 esse.
790 1797 850 1835 Fit
882 1798 1072 1836 maximus
1110 1800 1258 1837 clamor
1288 1800 1482 1849 omnium,

155 1876 236 1901 non
257 1864 378 1901 modo
402 1861 541 1913 optimi
567 1862 758 1912 cuiusque
785 1875 913 1912 neque
937 1876 1073 1901 eorum
1100 1863 1243 1913 quibus
1274 1865 1479 1916 indignum

203 1975 216 1995 1
242 1965 318 2004 aliq.
336 1969 414 1995 ante
433 1975 530 2003 quarn
548 1964 703 1995 nkArns.
721 1965 818 1995 Mass.
840 1977 847 1995 :
871 1970 949 1995 ante
972 1965 1143 2005 aliquanto
1160 1971 1239 1998 ante
1255 1978 1354 2007 quam
1373 1968 1403 1999 Ο
1419 1969 1475 2008 (cf.

155 2008 198 2047 iii,
220 2011 235 2046 ξ
256 2010 316 2048 178
332 2009 389 2039 ubi
409 2009 503 2038 habet
519 2007 550 2038 O
565 2009 698 2038 videtur
723 2009 803 2038 mihi
827 2009 962 2039 videtur
986 2014 1095 2040 contra
1118 2011 1181 2040 rell.
1208 2011 1287 2041 mihi
1306 2012 1477 2052 videtur):

154 2057 234 2082 ante
251 2053 421 2091 aliquanto
439 2062 537 2090 quam
554 2051 642 2092 vulg.
663 2051 852 2091 (aliquanto
869 2063 936 2084 om.
954 2052 989 2082 ὸδ
1000 2054 1077 2083 Ραν.
1098 2055 1193 2093 7786)
1296 2065 1332 2085 11
1360 2055 1428 2086 Iam
1449 2056 1478 2086 O

157 2097 196 2126 16
221 2096 399 2134 Mancupia
417 2094 447 2125 Ο
582 2105 618 2133 17
643 2096 792 2125 voluerat
811 2095 852 2126 0¹
993 2107 1035 2127 20
1059 2097 1296 2136 dispertiendis
1315 2098 1375 2138 Op
1389 2100 1476 2131 rell.:

153 2139 357 2178 dissipandis
373 2139 461 2179 vulg.
594 2149 636 2168 22
662 2139 826 2177 pretiosas
841 2139 909 2169 cO:
935 2141 1117 2178 pretiosam
1135 2141 1198 2171 rell.
1288 2142 1425 2173 multam
1442 2154 1476 2173 c:

154 2193 220 2212 om.
242 2182 272 2213 O
375 2181 556 2220 pretiosam
573 2187 703 2211 vestem
720 2182 912 2221 stragulam,
932 2184 1035 2214 multa
1053 2185 1219 2223 mancipia
1236 2186 1325 2226 vulg.
1433 2196 1476 2225 23

154 2226 230 2255 data
247 2236 323 2256 esse
339 2225 437 2255 Verri
454 2226 501 2256 cO
516 2237 523 2255 ε
547 2225 645 2254 Verri
664 2226 742 2255 data
759 2235 835 2255 esse
847 2226 947 2265 prell.
970 2226 1062 2259 (Ziel.
1078 2231 1111 2266 p.
1130 2230 1205 2267 193)
1351 2238 1392 2268 25
1416 2239 1475 2259 ccc

155 2269 187 2306 (ξ
207 2278 248 2307 5ο
264 2269 365 2307 infra)
386 2269 433 2299 cO
448 2280 454 2298 :
476 2278 536 2299 ccc
551 2268 798 2307 quinquaginta
813 2269 902 2300 milia
917 2270 1004 2310 vulg.
1026 2271 1168 2311 (etfalso
1187 2271 1243 2303 ‘N
1254 2271 1281 2313 ⁷)
1434 2273 1476 2302 26

154 2321 229 2341 esse
245 2310 298 2344 O:
322 2322 388 2342 orn.
406 2311 472 2343 rell.
