1715 2734
170 119 219 157 27
239 116 282 158 69
611 111 668 148 M.
690 110 859 147 TVLLI
900 108 1207 148 CICERONIS

236 223 445 271 Syracusas
493 229 595 260 totas
633 223 754 268 timet,
799 222 985 259 amandat
1032 219 1403 270 hominem—quo?
1471 221 1571 270 Lily-

237 287 379 326 baeum
414 289 605 326 fortasse?
662 288 820 334 Vide03
858 293 990 324 tamen
1025 286 1207 324 homines
1241 284 1457 323 maritimos
1489 298 1570 322 non

235 354 351 402 plane
381 352 619 391 reformidat.
690 351 869 398 Minime,
904 352 1065 390 iudices.
1124 352 1393 389 Panhormum
1425 350 1571 400 igitur?

234 417 370 456 Audio
386 432 396 465 ,-
434 430 676 467 quamquam
707 418 921 466 Syracusis,
945 415 1134 466 quoniam
1165 416 1204 454 in
1237 415 1480 465 Syracusano
1511 429 1570 454 ca-

235 489 324 532 ptus
359 490 450 529 erat,
482 481 662 529 maxime,
691 481 722 519 si
755 481 884 519 minus
918 481 1112 531 supplicio
1145 480 1274 527 adfici,
1308 488 1347 518 at
1382 480 1569 519 custodiri

233 548 451 597 oportebat.
526 548 589 585 Ne
622 548 889 584 Panhormum
924 546 1096 596 quidem.
1169 548 1262 594 Quo
1300 545 1443 595 igitur?
1490 559 1570 595 quo

234 612 408 662 putatis?
478 613 543 651 Ad
584 611 766 650 homines
801 625 824 649 a
864 611 1073 661 piratarum
1115 618 1222 649 metu
1262 618 1299 648 et
1345 610 1569 660 suspicione

231 677 504 725 alienissimos,
526 691 549 715 a
570 677 792 727 navigando
822 677 1017 726 rebusque
1042 675 1245 713 maritimis
1272 675 1566 722 remotissimos,

231 744 282 781 ad
317 742 610 792 Centuripinos,
640 741 821 780 homines
852 741 1019 780 maxime
1046 740 1363 787 mediterraneos,
1392 753 1569 778 summos

231 815 411 855 aratores,
429 807 495 858 qui
512 820 658 845 nomen
675 820 892 857 numquam
910 807 1130 844 timuissent
1147 805 1328 843 maritimi
1345 797 1565 855 praedonis,

232 886 355 911 unum
391 880 429 911 te
464 880 641 922 praetore
671 873 912 910 horruissent
938 870 1170 921 Apronium,
1201 878 1419 908 terrestrem
1447 869 1570 908 archi—

232 938 410 988 piratam.
472 939 522 975 Et
552 944 594 975 ut
622 936 748 987 quivis
777 938 890 975 facile
917 936 1153 986 perspiceret
1188 935 1228 974 id
1257 936 1306 974 ab
1336 937 1410 974 isto
1434 942 1566 974 actum

232 1017 318 1042 esse
350 1010 391 1041 ut
424 1003 487 1041 ille
520 1003 746 1052 suppositus
778 1001 890 1040 facile
915 1009 953 1040 et
987 1001 1153 1039 libenter
1178 1014 1219 1039 se
1253 1000 1362 1039 illum
1391 1002 1458 1050 qui
1486 1014 1567 1039 non

232 1075 313 1107 erat
361 1081 446 1106 esse
494 1067 708 1115 simularet,
755 1066 920 1117 imperat
968 1065 1236 1116 Centuripinis
1284 1073 1326 1104 ut
1373 1065 1405 1104 is
1462 1066 1568 1105 victu

233 1133 452 1183 ceterisque
504 1133 620 1171 rebus
682 1146 802 1182 quam
848 1131 1118 1170 liberalissime
1164 1131 1568 1182 commodissimeque

232 1198 494 1237 adhiberetur.

288 1265 444 1302 Interea
478 1262 718 1313 Syracusani,
754 1262 936 1301 homines
963 1262 1075 1313 periti
1110 1270 1148 1301 et
1182 1263 1358 1310 humani,
1388 1263 1454 1314 qui
1486 1277 1565 1302 non

232 1330 355 1367 modo
376 1343 421 1367 ea
442 1342 543 1378 quae
565 1328 771 1379 perspicua
800 1336 931 1367 essent
952 1328 1084 1367 videre
1103 1342 1238 1367 verum
1260 1330 1380 1367 etiam
1409 1332 1567 1367 occulta

232 1394 419 1444 suspicari
456 1401 626 1444 possent,
659 1393 860 1432 habebant
900 1393 1090 1432 rationem
1126 1408 1264 1432 omnes
1296 1394 1441 1433 cotidie
1470 1396 1566 1445 pira-

232 1466 359 1497 tarum
381 1459 447 1509 qui
469 1459 593 1497 securi
616 1458 844 1506 ferirentur3
874 1473 993 1508 quam
1017 1461 1160 1497 multos
1182 1474 1267 1498 esse
1287 1468 1495 1510 oporteret,
1519 1475 1565 1499 ex

232 1524 319 1575 ipso
357 1524 513 1574 navigio
551 1525 660 1573 quod
699 1531 779 1562 erat
818 1532 977 1574 captum
1013 1532 1051 1563 et
1085 1539 1132 1562 ex
1163 1538 1360 1563 remorum
1401 1539 1566 1564 numero

232 1589 494 1628 coniciebant.
554 1591 644 1636 Iste,
675 1590 783 1639 quod
814 1589 942 1627 omnis
974 1590 1040 1639 qui
1072 1590 1208 1628 artifici
1240 1590 1389 1640 aliquid
1422 1591 1567 1629 habue-

232 1663 317 1694 rant
347 1663 414 1693 aut
439 1656 588 1693 formae
618 1662 834 1693 removerat
861 1662 980 1705 atque
1008 1655 1234 1702 abduxerat,
1258 1655 1429 1705 reliquos
1457 1655 1500 1702 si,
1523 1663 1565 1694 ut

232 1721 482 1760 consuetudo
520 1727 589 1767 est,
624 1719 825 1758 universos
859 1721 909 1758 ad
942 1721 1075 1770 palum
1114 1720 1321 1769 alligasset,
1351 1722 1563 1759 clamorem

232 1786 367 1836 populi
398 1787 480 1823 fore
514 1784 795 1835 suspicabatur,
818 1799 908 1823 cum
940 1793 1049 1823 tanto
1080 1787 1210 1836 plures
1241 1786 1402 1824 abducti
1434 1793 1564 1825 essent

233 1865 352 1901 quam
384 1850 507 1889 relicti
523 1865 533 1898 3
573 1857 729 1900 propter
761 1851 863 1889 hanc
895 1864 1053 1889 causam
1088 1865 1178 1889 cum
1207 1851 1438 1890 instituisset
1468 1852 1565 1890 alios

233 1916 311 1955 alio
345 1924 522 1966 tempore
557 1916 783 1965 producere,
818 1923 950 1954 tamen
982 1916 1022 1953 in
1061 1924 1171 1955 tanto
1210 1925 1408 1955 conventu
1448 1930 1566 1955 nemo

234 1988 314 2020 erat
346 1981 441 2030 quin
470 1980 660 2018 rationem
692 1994 980 2031 numerumque
1010 1982 1181 2029 haberet,
1212 1990 1250 2021 et
1281 1982 1451 2032 reliquos
1485 1996 1565 2021 non

235 2045 474 2085 desideraret
508 2047 636 2083 solum
671 2046 740 2083 sed
775 2046 892 2084 etiam
921 2055 1099 2097 posceret
1133 2055 1172 2086 et
1203 2047 1402 2097 flagitaret.
1461 2049 1565 2087 Cum

257 2160 294 2195 ΙΙ
315 2150 472 2179 amendat
493 2149 545 2189 Rp
561 2148 603 2179 al.
688 2159 703 2187 7
730 2150 873 2187 putastis
892 2149 956 2179 RS
1031 2151 1051 2180 8
1076 2161 1094 2180 a
1114 2151 1304 2190 navigando
1323 2141 1566 2182 rgmotissimos

237 2189 405 2231 rebusque
424 2193 598 2223 maritimis
614 2192 720 2231 suppl.
738 2204 763 2223 s,
780 2193 798 2223 l.
816 2193 854 2232 p‘2
871 2205 878 2223 ε
902 2194 972 2223 sine
987 2194 1090 2234 signis
1108 2198 1230 2234 transf).
1248 2205 1289 2234 qr
1424 2206 1434 2225 1
1446 2207 1457 2225 1
1486 2200 1563 2226 terr.

236 2237 406 2267 hominem
423 2236 513 2266 arch.
537 2249 554 2264 π
650 2245 687 2273 14
714 2240 747 2265 ut
768 2237 794 2265 is
818 2238 945 2278 xhisprji
965 2237 1056 2267 victu
1069 2238 1153 2277 pha:
1180 2243 1214 2268 ut
1233 2239 1263 2268 ei
1280 2239 1388 2269 victus
1406 2238 1491 2269 RS:
1518 2239 1563 2269 uti

237 2281 324 2309 victu
343 2279 450 2309 Halm
564 2280 602 2309 16
627 2279 810 2309 haberetur
829 2281 869 2310 rtk
904 2291 907 2293 ·
963 2291 1001 2319 19
1024 2282 1171 2311 omnium
1189 2280 1284 2318 Erm,
1305 2282 1423 2312 Eberh.
1523 2292 1565 2320 23

238 2327 427 2353 removerat
444 2328 543 2362 atquc
552 2324 611 2362 pff:
636 2332 700 2352 om.
719 2321 781 2351 RS
862 2323 890 2353 si
910 2328 943 2353 ut
957 2323 1028 2355 edd.
1048 2335 1054 2353 :
1080 2325 1164 2355 sicut
1183 2324 1287 2364 RSp:
1314 2326 1340 2355 si
1359 2326 1445 2355 sicut
1458 2324 1565 2355 Halm

237 2367 278 2396 28
303 2367 381 2405 quin
404 2365 509 2405 VRp:
535 2366 592 2405 qui
611 2375 676 2395 non
694 2364 767 2395 Sal.
902 2377 945 2405 29
969 2372 1003 2397 ct
1021 2367 1185 2406 flagitaret
1203 2378 1267 2398 om.
1293 2368 1324 2398 V

1592 819 1630 841 10

1587 1474 1628 1496 20

1586 1797 1626 1827 25
