1715 2734
185 96 240 143 98
267 104 330 134 228
359 98 415 135 M.
434 98 590 135 TVLL.
611 98 716 136 CIC.
734 98 857 136 ACT.
878 98 938 135 IN
955 98 1001 137 C.
1017 98 1261 135 VERREM
1276 97 1386 136 SEC.
1404 98 1507 135 LIB.
1527 98 1592 136 III

260 206 377 256 gratis
417 207 540 245 dare?
581 206 753 245 etiamne
788 206 827 244 in
862 207 1001 244 cellam
1038 220 1129 244 cum
1163 205 1324 255 cupiant
1355 206 1471 256 gratis
1502 208 1595 246 dare

262 273 364 310 ultro
399 271 609 321 pecuniam
641 272 831 321 grandem
860 271 1040 310 addere?
1068 270 1238 309 etiamne
1268 272 1366 309 haee
1395 278 1453 309 tot
1482 271 1594 309 detri-

264 344 396 375 menta
425 344 544 386 atque
574 337 721 374 damna
750 349 842 374 curn
877 335 1056 374 maximis
1086 335 1234 373 iniuriis
1266 335 1595 386 contumeliisque

261 403 458 452 perferre?
534 402 674 450 Itaque
713 402 822 448 haec,
864 400 1028 448 iudices,
1063 414 1164 451 quae
1202 400 1282 450 pati
1325 401 1434 438 nullo
1473 402 1596 439 modo

262 474 473 516 potuerunt
503 479 583 504 non
614 467 867 515 pertulerunt.
939 466 1148 504 Arationes
1188 465 1317 503 omnis
1347 473 1430 503 tota
1465 465 1596 504 Sicilia
1615 480 1632 511 5

262 533 433 571 desertas
462 539 581 581 atque
610 545 633 569 a
662 531 834 569 dominis
864 531 1016 570 relictas
1047 545 1131 570 esse
1161 531 1425 582 cognosciti33
1465 544 1594 581 neque

261 596 473 646 quicquam
519 596 626 634 aliud
663 596 789 647 agitur
830 598 906 635 hoc
945 596 1093 635 iudicio
1137 596 1211 634 nisi
1250 604 1291 634 ut
1333 596 1594 646 antiquissimi

262 661 356 700 socii
398 669 435 700 et
475 661 704 709 fidelissimi,
740 661 872 709 Siculi,
914 661 1046 700 coloni
1084 661 1220 712 populi
1266 661 1437 700 Romani
1475 669 1594 712 atque

260 735 440 774 aratores,
482 734 609 765 vestra
647 727 852 766 severitate
890 735 927 766 et
976 727 1178 777 diligentia
1226 740 1288 765 me
1336 728 1438 765 duce
1474 734 1593 776 atque

261 800 419 830 anctore
451 792 490 829 in
520 806 632 842 agros
661 800 781 842 atque
810 792 850 830 in
880 794 995 831 sedes
1025 806 1114 831 suas
1143 800 1392 830 revertantur.
1614 804 1652 825 10

307 907 326 926 2
349 897 473 927 addere
491 897 538 927 cO
556 909 562 927 :
587 897 666 927 dare
680 902 703 937 p
720 897 785 928 rell.
901 906 920 935 5
945 907 1062 927 omnes
1084 896 1182 926 VcO:
1207 907 1272 926 om.
1286 901 1311 935 p
1329 896 1392 926 rell.
1502 906 1518 934 7
1543 896 1590 926 uti

265 940 294 969 O
385 941 404 970 8
428 945 462 970 et
479 940 664 971 fidelissimi
686 940 746 970 VO
766 952 773 970 :
798 940 1051 980 fidelissimique
1069 946 1091 981 p
1105 938 1173 970 rell.
1270 949 1292 978 9
1315 944 1348 969 et
1365 944 1499 969 auctore
1521 939 1553 969 V
