1715 2734
122 58 146 84 2
165 64 186 95 4
530 47 586 85 M.
617 47 786 85 TVLLI
818 47 1125 87 CICERONIS

164 159 271 211 gium
293 159 466 200 libidinis
490 166 698 210 appareat:
729 159 863 198 omnia
883 167 1082 210 postremo
1103 173 1204 210 quae
1224 159 1432 199 vindicaris
1452 159 1492 198 in

163 227 286 264 altero
324 225 395 264 tibi
430 225 503 276 ipsi
538 226 791 264 vehementer
829 225 1014 275 fugienda
1052 233 1153 263 sunt.
1214 225 1373 264 Etenim
1411 239 1493 264 non

165 291 287 328 modo
319 298 535 336 accusator,
571 291 641 328 sed
680 303 730 328 ne
768 289 992 340 obiurgator
1025 289 1187 340 quidem
1219 291 1404 329 ferendus
1434 298 1493 328 est

164 355 194 394 is
219 355 302 405 qui,
321 357 430 405 quod
458 355 495 393 in
521 356 644 393 altero
664 353 802 392 vitium
832 354 1094 405 reprehendit,
1117 354 1157 393 in
1184 368 1233 393 eo
1256 354 1339 405 ipse
1369 368 1493 405 repre-

127 437 144 467 5
164 420 358 459 henditur.
419 423 505 470 Ego
526 420 565 458 in
591 433 671 458 uno
692 419 854 458 homine
878 419 1013 459 omnia
1032 420 1123 458 vitia
1144 434 1245 470 quae
1266 428 1431 470 possunt
1451 419 1490 458 in
1511 431 1528 463 5

164 485 325 524 homine
359 485 513 535 perdito
543 484 772 534 nefarioque
806 498 891 523 esse
920 486 1190 535 reprehendo,
1225 486 1376 523 nullum
1407 498 1492 524 esse

162 551 254 590 dico
278 550 468 589 indicium
494 549 669 589 libidinis
693 549 848 588 sceleris
868 549 1056 588 audaciae
1077 551 1186 600 quod
1213 563 1293 589 non
1321 550 1361 588 in
1382 549 1492 588 istius

163 616 278 654 unius
299 615 377 653 vita
398 614 616 666 perspicere
641 614 809 665 possitis.
870 616 974 665 Ergo
994 614 1035 653 in
1055 614 1130 653 isto
1151 628 1217 653 reo
1238 616 1363 665 legem
1389 616 1492 654 hanc

164 681 273 728 mihi,
302 680 463 727 iudices,
497 687 640 727 statuo,
670 680 883 719 vivendum
905 679 959 718 ita
988 693 1073 718 esse
1098 688 1139 718 ut
1170 679 1232 718 isti
1257 693 1338 718 non
1368 681 1490 719 modo

162 746 273 785 factis
300 745 494 796 dictisque
526 745 723 792 omnibus,
755 746 825 784 sed
855 745 972 784 etiam
1002 745 1078 784 oris
1108 746 1392 796 oculorumque
1427 745 1491 784 illa
1513 761 1552 783 ιο

162 811 411 851 contumacia
431 825 477 850 ac
505 810 688 861 superbia
715 824 834 861 quam
855 810 1005 857 videtis,
1030 810 1313 849 dissimillimus
1340 825 1425 850 esse
1445 825 1491 850 ac

162 892 316 928 semper
336 877 454 916 fuisse
470 876 613 915 videar.
657 876 800 923 Patior,
821 890 901 915 non
924 878 1087 915 moleste
1109 877 1201 923 fero,
1225 876 1388 925 iudices,
1404 891 1491 915 eam

162 943 280 981 vitam
312 956 412 992 quae
434 941 529 980 mihi
559 955 629 979 sua
649 949 790 991 sponte
810 948 927 979 antea
955 941 1129 979 iucunda
1150 941 1263 980 fuerit
1284 955 1390 980 nunc
1413 941 1490 980 iam

162 1022 249 1046 mea
269 1009 353 1058 lege
374 1014 411 1045 et
432 1006 670 1045 condicione
691 1005 951 1045 necessariam
973 1020 1133 1056 quoque
1155 1008 1335 1045 futuram.

117 1060 141 1141 Ξ
217 1075 267 1111 Et
291 1072 330 1110 in
360 1074 437 1110 hoc
467 1071 630 1111 homine
658 1085 775 1122 saepe
795 1085 818 1109 a
846 1085 910 1110 me
931 1071 1096 1121 quaeris,
1122 1072 1323 1119 Hortensi,
1348 1072 1492 1122 quibus
1517 1087 1551 1119 ¹5

160 1137 373 1176 inimicitiis
407 1146 473 1176 aut
512 1151 591 1187 qua
629 1137 769 1176 iniuria
806 1138 1003 1176 adductus
1042 1138 1093 1176 ad
1127 1139 1395 1177 accusandum
1427 1139 1492 1177 de-

159 1202 409 1242 scenderim?
448 1202 568 1241 Mitto
589 1202 666 1241 iam
683 1202 872 1241 rationem
895 1202 998 1240 offici
1019 1201 1095 1241 mei
1111 1202 1491 1253 necessitudinisque

160 1268 402 1307 Siculorum:
452 1269 502 1306 de
541 1267 634 1318 ipsis
674 1267 745 1305 tibi
784 1267 998 1305 inimicitiis
1043 1268 1277 1318 respondeo.
1346 1270 1410 1306 An
1449 1276 1490 1306 tu

161 1334 326 1373 maiores
347 1335 445 1372 ullas
471 1332 695 1371 inimicitias
725 1340 839 1383 putas
870 1346 954 1372 esse
984 1346 1103 1383 quarn
1126 1333 1339 1372 contrarias
1366 1333 1489 1372 homi-

159 1413 254 1438 num
270 1399 482 1438 sententias
499 1412 544 1437 ac
561 1397 899 1437 dissimilitudines
917 1398 1136 1437 studiorum
1153 1411 1198 1436 ac
1214 1400 1489 1437 voluntatum?
1512 1417 1551 1438 20

160 1465 298 1504 Fidem
325 1463 611 1503 sanctissimam
647 1463 686 1501 in
720 1463 798 1502 vita
828 1463 895 1513 qui
926 1471 1047 1514 putat,
1080 1472 1209 1514 potest
1239 1464 1274 1503 ei
1307 1478 1386 1503 non
1422 1464 1490 1502 ini-

160 1530 283 1569 micus
304 1543 389 1569 esse
410 1529 477 1580 qui
498 1537 682 1579 quaestor
697 1530 901 1567 consulem
923 1542 1039 1567 suurn
1060 1529 1233 1568 consiliis
1255 1529 1486 1576 commissis,

158 1595 325 1646 pecunia
352 1595 503 1642 tradita,
526 1595 642 1633 rebus
667 1594 853 1633 omnibus
877 1594 1035 1633 creditis
1056 1594 1232 1645 spoliare,
1256 1594 1485 1644 relinquere,

159 1662 333 1711 prodere,
357 1672 586 1710 oppugnare
610 1672 727 1697 ausus
748 1658 826 1697 sit?
883 1660 1080 1698 Pudorem
1101 1673 1147 1698 ac
1168 1659 1399 1710 pudicitiam
1422 1659 1487 1710 qui

158 1726 262 1773 colit,
288 1733 418 1776 potest
447 1725 580 1764 animo
609 1738 738 1774 aequo
769 1723 878 1762 istius
908 1724 1108 1763 cotidiana
1136 1725 1338 1772 adulteria,
1370 1739 1489 1764 mere·
1512 1742 1549 1773 ²5

158 1792 307 1830 triciam
338 1791 602 1841 disciplinam,
630 1790 894 1829 domesticum
922 1790 1163 1830 lenocinium
1191 1790 1352 1830 videre?
1409 1790 1489 1840 Qui

159 1856 364 1907 religiones
399 1857 565 1895 deorum
601 1855 880 1894 immortalium
917 1855 1082 1895 retinere
1112 1857 1204 1902 vult,
1237 1855 1272 1894 ei
1304 1855 1371 1906 qui
1401 1857 1491 1894 fana

159 1922 332 1973 spoliarit
356 1921 499 1968 omnia,
524 1920 591 1971 qui
619 1935 664 1959 ex
694 1928 891 1959 tensarum
918 1920 1053 1959 orbitis
1084 1921 1259 1971 praedari
1287 1921 1335 1960 sit
1359 1935 1487 1967 ausus,

159 1988 340 2026 inimicus
362 2001 441 2025 non
465 2000 549 2026 esse
571 1986 638 2036 qui
659 1988 818 2037 potest?
875 1986 955 2035 Qui
977 1986 1059 2025 iure
1080 2000 1209 2036 aequo
1229 1986 1358 2025 omnis
1379 1994 1490 2037 putat

159 2066 244 2090 csse
278 2060 470 2102 oportere,
506 2051 537 2089 is
577 2050 646 2089 tibi
686 2063 766 2089 non
806 2050 1080 2092 infestissimus
1119 2050 1178 2097 sit,
1215 2064 1305 2089 cum
1345 2050 1489 2101 cogitet
1511 2065 1550 2096 30

198 2166 215 2193 4
242 2156 269 2185 is
283 2166 347 2185 om.
366 2154 406 2183 0¹
495 2153 756 2193 reprelienditur
767 2153 895 2184 HcOk:
920 2154 1061 2193 depreh.
1074 2159 1118 2194 pr
1132 2154 1242 2194 (prob.
1259 2154 1486 2191 Luterbacher)

157 2209 172 2237 7
201 2200 295 2228 istius
313 2199 410 2228 nnius
428 2197 513 2227 HcO
529 2197 579 2236 tii,
602 2200 615 2233 ᾗ
634 2199 673 2234 67
691 2208 697 2234 ;
725 2199 739 2233 §
759 2207 799 2236 23
817 2197 943 2237 t't1sra):
969 2197 1066 2227 unius
1085 2198 1181 2228 istius
1194 2204 1217 2238 p
1235 2198 1298 2228 rell.
1467 2199 1487 2228 8

156 2242 245 2280 Ergo
266 2242 417 2272 Ernesti:
445 2252 508 2279 ego
524 2240 612 2270 codd.
747 2251 768 2279 9
793 2241 872 2270 milii
899 2240 1026 2271 iudices
1046 2241 1098 2271 Οπ
1116 2253 1122 2271 ;
1147 2242 1274 2272 iudices
1292 2241 1370 2271 mihi
1387 2241 1428 2270 H
1442 2241 1483 2271 al.

159 2296 196 2315 12
223 2285 334 2315 Patiar
348 2290 371 2324 p
462 2285 532 2314 sero
553 2283 651 2314 llcO¹
669 2294 674 2312 :
700 2294 764 2313 om.
779 2289 802 2324 p
822 2284 884 2314 rell.
1001 2294 1038 2323 13
1063 2295 1121 2315 sua
1140 2296 1206 2316 om.
1224 2285 1266 2315 nk
1390 2294 1432 2316 20
1447 2295 1485 2316 ac

156 2328 249 2359 HO:
274 2334 307 2359 ct
325 2328 388 2359 rcll.
525 2337 564 2366 24
590 2337 626 2358 ac
643 2326 758 2357 IIOrr:
783 2333 816 2357 ct
835 2327 898 2359 rell.
