1715 2734
223 100 492 140 ACTIONIS
522 102 582 139 IN
613 102 656 140 C.
680 102 921 140 VERREM
951 102 1250 141 SECVNDAE
1282 102 1384 140 LIB.
1407 103 1444 139 V
1504 111 1548 147 13
1569 115 1607 146 3²

223 211 396 262 aspiciat,
431 226 477 250 ex
508 212 715 251 mulierum
755 226 887 251 morsu
918 212 1079 263 vestigia
1117 212 1290 251 libidinis
1327 220 1447 263 atque
1484 226 1548 252 ne-

221 276 378 326 quitiae.
439 277 491 315 Di
525 277 669 316 faciant
703 285 745 316 ut
776 278 829 316 rei
867 277 1053 325 militaris,
1093 284 1135 315 ut
1173 277 1265 316 belli
1305 278 1547 317 mentionem
1569 291 1608 322 33

13 346 18 388 3'
222 343 348 380 facere
378 343 548 381 audeas!
606 344 906 392 Cognoscentur
934 342 1039 381 enim
1069 341 1202 380 omnia
1231 341 1340 380 istius
1369 356 1457 381 aera
1484 342 1549 380 illa

13 404 18 441 ι’
221 414 361 454 vetera,
383 414 425 445 ut
456 421 536 446 non
557 409 683 446 solum
705 408 744 446 in
776 407 938 457 imperio
966 421 1098 446 verum
1125 407 1241 446 etiam
1271 407 1310 444 in
1343 406 1547 457 stipendiis

14 495 17 515 ς
183 471 346 522 5qualis
376 471 489 510 fuerit
518 472 761 522 intellegatis.
822 472 1092 511 Renovabitur
1131 472 1256 523 prima
1294 472 1358 509 illa
1396 471 1543 518 militia,

220 550 311 574 cum
347 536 417 574 iste
449 551 470 574 e
503 538 586 575 foro
616 536 772 584 abduci,
812 550 904 583 non,
941 544 983 575 ut
1021 537 1103 587 ipse
1142 536 1351 587 praedicat,
1385 536 1546 586 perduci

220 602 397 648 solebat;
428 601 606 640 aleatoris
640 601 857 640 Placentini
889 609 1013 640 castra
1044 601 1471 648 commemorabuntur,
1506 600 1545 638 in

220 666 363 716 quibus
384 680 474 705 cum
495 668 678 717 frequens
700 668 834 705 fuisset
860 674 992 705 tamen
1017 680 1105 705 aere
1133 666 1283 705 dirutus
1311 673 1369 704 est
1384 680 1394 713 ,-
1424 667 1547 704 multa

7 743 17 772 '2
220 731 302 770 eius
332 732 371 770 in
401 731 605 782 stipendiis
635 734 780 771 damna
809 734 1062 782 proferentur,
1088 745 1190 782 quae
1218 732 1269 770 ab
1300 731 1375 770 isto
1408 731 1545 770 aetatis

165 812 201 833 10
220 797 347 835 fructu
381 797 571 835 dissoluta
603 805 640 835 et
674 804 929 847 compensata
963 803 1064 834 sunt.
1125 798 1210 834 Iam
1245 810 1348 843 vero,
1382 809 1473 834 cum
1505 797 1545 835 in
1567 813 1607 844 34

219 861 302 899 eius
337 862 445 900 modi
483 862 671 912 patientia
709 861 960 911 turpitudinis
998 861 1126 900 aliena
1159 875 1239 900 non
1272 875 1342 900 sua
1368 858 1545 901 satietate

218 927 479 974 obduruisset,
518 927 586 977 qui
623 927 680 965 vir
718 927 841 974 fuerit,
871 934 966 977 quot
1004 926 1208 977 praesidia,
1241 940 1359 976 quam
1395 927 1545 965 munita

6 985 24 1037 is
218 992 378 1042 pudoris
405 1000 443 1031 et
473 992 685 1043 pudicitiae
705 992 741 1030 vi
762 1000 800 1031 et
827 992 992 1031 audacia
1019 993 1176 1042 ceperit,
1198 992 1295 1042 quid
1323 1005 1386 1030 me
1405 992 1545 1031 attinet

0 1052 3 1062 ”
218 1057 348 1096 dicere
381 1066 448 1096 aut
483 1058 719 1108 coniungere
744 1072 834 1096 curn
865 1057 974 1096 istius
1005 1057 1150 1107 flagitio
1175 1057 1407 1107 cuiusquam
1440 1072 1545 1108 prae-

0 1130 18 1163 5¹
162 1140 198 1171 15
219 1130 322 1160 terea
343 1124 538 1161 dedecus?
587 1124 681 1161 Non
698 1122 849 1169 faciam,
873 1122 1022 1162 iudices
1038 1137 1048 1170 3
1078 1122 1211 1160 omnia
1231 1130 1360 1161 vetera
1380 1131 1544 1172 praeter-

0 1187 15 1191 ”
218 1187 381 1234 mittam,
403 1189 484 1226 duo
514 1189 596 1226 sola
624 1187 794 1226 recentia
821 1187 905 1226 sine
935 1188 1167 1237 cuiusquam
1196 1187 1357 1226 infamia
1385 1202 1542 1238 ponam,

17 1292 18 1295 ,
216 1266 261 1290 ex
291 1252 434 1302 quibus
464 1253 730 1291 coniecturam
760 1255 886 1291 facere
911 1254 960 1292 de
989 1253 1173 1292 omnibus
1194 1253 1542 1303 possitis‚—unum

15 1324 17 1351 ε
215 1316 322 1365 illud,
357 1319 464 1367 quod
498 1318 552 1356 ita
584 1318 657 1356 fuit
690 1318 851 1357 inlustre
883 1326 1102 1368 notumque
1133 1318 1318 1356 omnibus
1350 1326 1392 1356 ut
1424 1333 1542 1358 nemo

216 1390 293 1420 tam
321 1383 538 1422 rusticanus
566 1385 688 1422 homo
717 1386 759 1421 L.
784 1385 950 1422 Lucullo
981 1381 1054 1436 [et]
1086 1385 1140 1421 M.
1166 1384 1284 1423 Cotta
1313 1384 1542 1424 consulibus

157 1463 196 1485 20
216 1450 387 1487 Romam
420 1464 465 1488 ex
497 1450 577 1487 ullo
613 1449 828 1500 municipio
866 1448 1067 1487 vadimoni
1106 1462 1223 1487 causa
1254 1449 1412 1496 venerit,
1445 1450 1541 1499 quin

214 1514 328 1552 sciret
348 1515 430 1553 iura
450 1514 584 1553 omnia
604 1515 790 1565 praetoris
812 1514 948 1553 urbani
970 1521 1067 1552 nutu
1088 1522 1206 1565 atque
1226 1514 1384 1553 arbitrio
1413 1516 1541 1554 Cheli-

212 1580 327 1618 donis
356 1581 623 1619 meretriculae
643 1580 860 1631 gubernari,
882 1582 1045 1618 alterum
1075 1581 1193 1630 quod,
1213 1594 1302 1618 curn
1332 1582 1540 1630 paludatus

212 1645 352 1684 exisset
382 1654 551 1696 votaque
581 1660 651 1696 pro
686 1646 850 1696 imperio
889 1659 960 1683 suo
992 1645 1274 1694 communique
1309 1659 1347 1684 re
1382 1646 1540 1695 publica

212 1720 489 1761 nuncupasset,
513 1719 631 1750 noctu
654 1711 773 1761 stupri
803 1724 920 1749 causa
944 1710 1082 1748 lectica
1111 1710 1149 1747 in
1180 1711 1316 1748 urbem
1348 1710 1538 1749 introferri

154 1791 191 1822 25
212 1776 348 1814 solitus
374 1784 431 1815 est
461 1778 513 1815 ad
545 1776 747 1815 mulierem
774 1784 936 1826 nuptam
965 1775 1043 1821 uni,
1075 1775 1313 1824 propositam
1340 1775 1536 1823 omnibus,

211 1848 346 1878 contra
384 1842 451 1887 fas,
491 1848 627 1879 contra
664 1840 848 1890 auspicia,
888 1847 1024 1878 contra
1063 1839 1190 1878 omnis
1230 1839 1380 1878 divinas
1418 1848 1537 1891 atque

211 1907 402 1943 humanas
433 1906 661 1955 religiones!

264 1972 300 2010 O
321 1971 360 2009 di
383 1971 621 2010 immortales
639 1974 645 2009 l
677 1970 773 2021 quid
795 1970 953 2009 interest
976 1970 1075 2009 inter
1098 1977 1248 2008 mentes
1270 1970 1476 2009 hominum
1497 1979 1535 2010 et

211 2036 466 2085 cogitationes
486 2039 493 2073 1
553 2038 613 2074 Ita
633 2035 727 2073 mihi
750 2049 876 2074 meam
898 2037 1139 2073 voluntatem
1155 2048 1344 2085 spemque
1365 2035 1535 2086 reliquae

151 2118 192 2149 30
211 2103 311 2139 vitae
346 2109 471 2139 vestra
506 2100 720 2150 populique
752 2099 922 2138 Romani
954 2100 1188 2138 existimatio
1219 2101 1461 2149 comprobet,
1493 2108 1535 2138 ut

210 2180 293 2215 ego,
316 2179 413 2215 quos
443 2167 573 2203 adhuc
595 2165 689 2202 mihi
711 2165 954 2214 magistratus
988 2167 1155 2214 populus
1192 2167 1396 2203 Romanus
1428 2179 1534 2204 man-

1554 1951 1600 1989 14

255 2279 267 2298 1
296 2279 336 2299 ex
355 2268 528 2299 mulierum
548 2279 659 2298 morsu
677 2269 744 2300 secl.
765 2268 844 2299 Rau
989 2278 1008 2305 3
1035 2268 1129 2297 istius
1147 2278 1212 2297 om.
1235 2268 1275 2297 wk
1415 2279 1450 2307 14
1475 2274 1532 2300 aut

202 2313 268 2352 pb:
292 2323 330 2342 ac
348 2312 431 2342 RS:
458 2318 488 2341 et
508 2311 537 2341 Z
553 2313 609 2342 iiii.
633 2316 647 2349 ξ
667 2314 721 2349 23·
868 2321 906 2350 19
930 2317 961 2341 ct
980 2311 1063 2341 RS:
1090 2322 1155 2341 0111.
1171 2313 1212 2350 pS
1232 2311 1267 2349 (i,
1287 2313 1302 2348 5
1320 2311 1377 2352 60)

2 1859 5 1871 i

2 1892 18 1908 ,ί

8 2134 17 2172 i,

9 2209 17 2235 Ιῑ

8 2265 18 2332 Ξῖ

8 2377 11 2415 i

8 2417 18 2452 ξι
