1715 2734
153 82 207 120 30
231 79 271 121 76
594 75 649 111 M.
682 74 850 111 TVLLI
883 73 1191 112 CICERONIS

225 191 384 234 propter
413 184 584 224 hominis
617 183 909 234 flagitiosissimi
933 183 1169 234 singularem
1197 184 1415 235 nequitiam
1443 192 1563 235 atque
1621 212 1624 217 -

226 248 556 298 improbissimam
579 248 836 299 cupiditatem
855 251 861 286 !

167 319 205 355 77
272 316 356 352 Iam
374 314 461 360 iarn,
482 315 700 359 Dolabella,
717 327 846 364 neque
868 328 930 352 me
944 314 1000 352 tui
1018 328 1147 365 neque
1162 322 1317 353 tuorum
1335 315 1559 363 liberorum,

226 377 387 429 quos'tu
421 379 582 417 miseros
614 378 653 416 in
689 386 861 427 egestate
892 386 1010 428 atque
1041 379 1079 417 in
1111 380 1323 419 solitudine
1358 380 1562 430 reliquisti,

226 443 396 482 misereri
418 451 558 494 potest.
620 445 811 482 Verresne
846 443 915 481 tibi
950 444 1046 482 tanti
1072 444 1142 482 fuit
1173 452 1216 483 ut
1243 445 1327 483 eius
1355 445 1562 483 libidinem
1582 460 1600 492 5

225 509 432 547 hominurn
454 508 726 547 innocentium
749 508 939 558 sanguine
959 508 1011 546 lui
1029 511 1176 547 velles?
1235 510 1442 548 Idcircone
1459 524 1562 549 exer-

224 574 345 612 citum
367 582 486 624 atque
507 575 661 612 hostem
684 573 933 623 relinquebas
948 580 988 611 ut
1010 581 1076 611 tua
1090 574 1126 611 vi
1147 582 1185 613 et
1206 575 1438 613 crudelitate
1452 575 1562 614 istius

225 639 395 677 hominis
417 638 696 689 improbissimi
711 638 883 689 pericula
899 639 1154 677 sublevares?
1202 641 1322 688 Quod
1345 640 1449 678 enim
1471 654 1561 679 eum

225 704 295 742 tibi
317 704 534 754 quaestoris
556 704 595 741 in
625 706 714 742 loco
747 704 1017 751 constitueras,
1048 704 1194 742 idcirco
1222 705 1292 743 tibi
1319 705 1491 743 amicum
1522 706 1561 744 in

224 778 458 821 perpetuum
480 772 561 809 fore
583 770 760 821 putasti?
791 770 995 808 nesciebas
1011 770 1062 809 ab
1076 784 1124 808 eo
1139 772 1211 810 Cn.
1232 771 1457 810 Carbonem
1472 785 1563 810 con-
1586 786 1621 808 10

225 838 360 883 sulem,
377 836 488 874 cuius
509 850 548 874 re
578 850 668 874 vera
697 843 879 885 quaestor
901 837 1033 882 fuerat,
1050 849 1130 874 non
1153 837 1274 874 modo
1294 837 1472 875 relictum
1493 838 1564 876 sed

225 902 343 940 etiam
376 901 587 951 spoliatum
626 901 788 947 auxiliis,
824 901 1001 951 pecunia,
1034 900 1180 939 nefarie
1219 910 1491 952 oppugnatum
1523 910 1561 941 et

225 966 456 1017 proditum?
528 969 720 1016 Expertus
751 966 865 1016 igitur
901 980 942 1004 es
974 966 1083 1004 istius
1118 966 1322 1016 perfidiam
1358 975 1440 1004 tum
1471 980 1562 1005 cum

225 1032 310 1081 ipse
348 1046 389 1070 se
436 1033 487 1070 ad
522 1031 702 1070 inimicos
734 1039 822 1070 tuos
854 1031 1033 1079 contulit,
1061 1045 1150 1070 cum
1184 1031 1223 1069 in
1259 1039 1296 1070 te
1328 1033 1449 1070 homo
1480 1032 1563 1083 ipse

226 1110 375 1135 nocens
404 1097 637 1136 acerrimum
666 1097 935 1135 testimonium
964 1097 1071 1145 dixit,
1087 1111 1178 1136 cum
1200 1097 1369 1136 rationes
1390 1099 1441 1136 ad
1461 1112 1563 1137 aera·
1587 1113 1621 1145 ¹5

164 1198 208 1235 31
227 1163 325 1201 rium
347 1163 420 1201 nisi
443 1165 632 1201 damnato
653 1170 690 1201 te
711 1164 851 1201 referre
872 1162 1008 1200 noluit.

167 1250 206 1290 78
280 1230 485 1267 Tantaene
516 1237 616 1275 tuae,
646 1231 798 1275 Verres,
828 1227 1011 1266 libidines
1046 1236 1159 1267 erunt
1180 1236 1221 1266 ut
1253 1242 1318 1267 eas
1350 1242 1490 1279 capere
1517 1242 1563 1267 ac

226 1294 417 1333 sustinere
439 1308 518 1332 non
554 1293 778 1344 provinciae
809 1293 944 1344 populi
972 1294 1155 1340 Romani,
1189 1308 1269 1332 non
1295 1294 1475 1333 nationes
1504 1308 1565 1333 ex—

226 1367 329 1398 terae
369 1359 553 1409 possint?
612 1361 727 1397 Tune
760 1360 868 1409 quod
904 1359 1058 1406 videris,
1092 1361 1202 1408 quod
1241 1359 1421 1406 audieris,
1455 1361 1564 1410 quod

226 1424 484 1475 concupieris,
514 1426 622 1474 quod
644 1424 834 1474 cogitaris,
862 1424 935 1461 nisi
957 1424 996 1462 id
1017 1425 1067 1462 ad
1099 1432 1239 1461 nutum
1270 1432 1380 1462 tuum
1409 1432 1564 1473 praesto
1586 1439 1625 1461 20

227 1490 351 1536 fuerit,
379 1489 452 1527 nisi
483 1489 637 1528 libidini
666 1498 754 1527 tuae
785 1489 1071 1539 cupiditatique
1100 1489 1281 1539 paruerit,
1305 1489 1565 1528 immittentur

227 1555 420 1602 homines,
439 1556 768 1605 expugnabuntur
785 1556 941 1594 domus,
958 1554 1133 1593 civitates
1150 1568 1229 1593 non
1253 1556 1374 1593 modo
1390 1562 1562 1605 pacatae,

227 1634 362 1659 verum
394 1621 511 1658 etiam
542 1620 738 1659 sociorum
770 1628 888 1669 atque
920 1619 1135 1657 amicorum
1171 1621 1221 1658 ad
1254 1619 1331 1657 vim
1365 1628 1485 1670 atque
1513 1622 1564 1659 ad

227 1700 335 1724 arma
356 1685 594 1735 confugient,
626 1693 667 1723 ut
688 1686 738 1723 ab
760 1699 800 1723 se
821 1693 940 1735 atque
960 1698 982 1722 a
1012 1684 1143 1723 liberis
1174 1684 1252 1722 suis
1282 1684 1396 1734 legati
1429 1685 1563 1735 populi

234 1751 402 1789 Romani
443 1753 569 1790 scelus
608 1765 653 1788 ac
693 1750 897 1789 libidinem
939 1751 1165 1799 propulsare
1204 1750 1388 1800 possint?
1460 1752 1563 1788 Nam
1587 1764 1624 1796 ²5

229 1830 375 1867 quaero
396 1817 466 1855 abs
487 1824 525 1855 te
546 1816 878 1854 circumsessusne
911 1815 961 1853 sis
996 1815 1215 1864 Lampsaci,
1244 1815 1469 1865 coeperitne
1499 1817 1565 1854 do-

231 1896 337 1920 mum
371 1882 409 1920 in
446 1895 523 1932 qua
554 1881 811 1920 deversabare
844 1880 908 1918 illa
941 1879 1152 1918 multitudo
1187 1880 1408 1927 incendere,
1436 1882 1565 1919 volue-

230 1948 356 1986 rintne
400 1949 569 1997 legatum
610 1946 745 1997 populi
797 1945 967 1983 Romani
1009 1946 1240 1983 comburere
1279 1945 1410 1983 vivum
1454 1947 1564 1983 Lam-

231 2012 387 2063 psaceni
403 2014 418 2050 ?
465 2014 618 2062 Negare
635 2025 714 2049 non
733 2018 844 2061 potes
862 2025 868 2050 ι
897 2010 1026 2048 habeo
1043 2010 1147 2048 cnim
1167 2009 1435 2047 testimonium
1454 2018 1563 2048 tuum

230 2079 338 2127 quod
359 2079 465 2127 apud
489 2079 688 2116 Neronem
711 2075 851 2117 dixisti,
877 2076 1005 2113 liabeo
1031 2088 1126 2125 quas
1154 2076 1203 2112 ad
1226 2076 1397 2113 eundem
1420 2075 1564 2113 litteras
1585 2090 1626 2121 30

273 2192 292 2219 3
322 2192 373 2212 mc
401 2182 456 2221 Dp
483 2181 549 2212 aL:
574 2191 641 2212 om.
672 2180 755 2220 ng.
781 2182 910 2219 praescr
933 2189 952 2217 q
1058 2178 1239 2208 liberorum
1269 2177 1398 2208 Βψπόε
1423 2178 1562 2209 liborum

234 2225 346 2264 Quint.
368 2225 446 2255 Asc.
466 2225 529 2255 rdd
625 2227 645 2255 6
670 2224 888 2253 innocentum
910 2221 983 2260 ΕΚΖ
1073 2221 1137 2251 elui
1152 2221 1242 2251 Bake
1270 2221 1453 2260 sanguinos
1468 2222 1510 2251 lui
1526 2223 1562 2262 p)

235 2279 274 2299 10
296 2270 440 2308 sperasti
463 2269 488 2298 L
580 2279 620 2305 24
645 2279 662 2298 a
681 2266 793 2297 liberis
809 2277 874 2296 0111.
888 2266 943 2305 pq¹
1034 2275 1075 2304 29
1100 2271 1191 2295 tuum
1209 2263 1265 2304 Dp
1282 2265 1339 2294 rell
1363 2275 1370 2294 ι
1395 2265 1563 2304 publicum

232 2318 324 2343 tuum
343 2312 430 2351 Asc,
451 2312 550 2342 Klotz
