1715 2734
190 109 234 147 18
254 125 295 157 ⁵3
624 111 680 148 M.
712 111 881 149 TVLLI
913 110 1220 150 CICERONIS

250 226 367 257 antea
404 218 499 258 socii
539 226 658 270 atque
697 219 813 257 amici
852 219 988 269 populi
1030 219 1213 266 Romani,
1256 233 1362 258 nunc
1401 219 1499 258 servi
1537 233 1584 258 ac

251 283 459 334 supplices,
492 298 572 323 non
606 285 729 323 modo
761 284 820 322 ius
852 298 968 322 suum
1004 285 1258 334 fortunasque
1288 284 1416 322 omnis
1447 298 1584 323 eorum

250 349 415 399 imperio
448 349 641 396 amittant,
674 363 809 387 verum
840 349 957 388 etiam
990 349 1222 400 deplorandi
1257 349 1349 388 iuris
1383 349 1442 388 sui
1478 357 1584 400 pote-

189 427 230 458 54
249 421 391 452 statem
425 428 506 453 non
541 414 724 452 habeant.
790 415 882 452 Non
923 413 1048 452 sinam
1088 415 1265 464 profecto
1303 428 1422 453 causa
1459 428 1481 452 a
1520 428 1583 454 me

249 487 437 529 perorata,
471 479 729 530 quadraginta
759 479 900 518 diebus
936 479 1184 530 interpositis,
1217 488 1300 518 tum
1331 479 1446 518 nobis
1477 480 1584 518 deni-
1604 497 1620 528 5

248 557 326 594 que
361 544 589 595 responderi
621 557 712 582 cum
745 544 944 582 accusatio
983 552 1116 583 nostra
1149 544 1189 582 in
1228 544 1469 582 oblivionem
1501 544 1582 582 diu-

248 609 442 648 turnitatis
471 610 646 648 adducta
676 609 734 647 sit.
795 611 888 647 Non
919 609 1164 648 committam
1198 618 1240 648 ut
1272 617 1356 647 tum
1390 610 1488 647 haec
1522 623 1582 648 res

248 675 455 723 iudicetur,
489 688 581 713 cum
621 676 718 713 haec
758 675 977 725 frequentia
1012 675 1130 713 totius
1166 675 1303 714 Italiae
1345 676 1475 713 Roma
1508 675 1583 713 dis-

247 740 416 787 cesserit,
449 753 549 790 quae
580 739 767 778 convenit
797 753 878 778 uno
908 748 1085 790 tempore
1119 740 1296 790 undique
1330 739 1580 778 comitiorum

246 806 429 844 ludorum
447 804 716 855 censendique
733 819 861 844 causa.
912 805 1045 844 Huius
1067 805 1186 844 iudici
1203 813 1241 844 et
1262 804 1389 843 laudis
1411 806 1579 842 fructum
1605 819 1642 842 10

245 878 284 908 et
318 870 547 910 offensionis
582 870 799 921 periculum
831 878 1015 918 vestrum,
1049 872 1223 909 laborem
1260 870 1580 908 sollicitudinem-

245 948 323 985 que
352 944 541 983 nostram,
561 935 766 974 scientiam
795 936 891 985 quid
917 943 1064 985 agatur,
1095 935 1405 985 memoriamque
1432 935 1528 985 quid
1557 949 1579 973 a

185 1014 224 1045 55
244 1013 405 1051 quoque
434 1001 585 1040 dictum
620 1001 679 1048 sit,
712 1001 891 1039 omnium
927 1008 1024 1051 puto
1053 1014 1139 1039 esse
1169 1008 1360 1050 oportere.
1422 1000 1577 1038 Faciam

243 1066 319 1104 hoc
360 1080 439 1104 non
480 1080 639 1113 novum,
676 1067 745 1104 sed
784 1066 836 1104 ab
869 1065 914 1104 iis
949 1066 1016 1116 qui
1052 1079 1158 1104 nunc
1193 1065 1388 1115 principes
1424 1074 1578 1104 nostrae

242 1131 408 1169 civitatis
436 1140 526 1169 sunt
553 1139 645 1169 ante
673 1132 831 1178 factum,
861 1138 903 1168 ut
934 1130 1099 1169 testibus
1129 1138 1214 1168 utar
1241 1130 1394 1168 statim:
1431 1130 1527 1169 illud
1556 1144 1579 1168 a
1603 1143 1637 1175 15

242 1210 306 1235 me
335 1210 494 1242 novum,
518 1196 680 1243 iudices,
703 1196 961 1246 cognoscetiS‚
985 1197 1093 1246 quod
1123 1196 1176 1234 ita
1206 1195 1313 1234 testis
1340 1196 1577 1234 constituam

241 1270 284 1300 ut
305 1261 454 1300 crimen
485 1270 611 1299 totum
640 1261 844 1311 explicem,
867 1261 934 1299 ubi
962 1261 1001 1299 id
1031 1261 1309 1311 interrogando
1339 1262 1578 1311 argumentis

240 1335 359 1377 atque
389 1326 566 1366 oratione
593 1328 808 1373 firmavero,
838 1334 922 1364 tum
954 1326 1062 1364 testis
1091 1327 1142 1364 ad
1169 1326 1317 1364 crimen
1351 1328 1578 1365 adcommo-

240 1393 343 1439 dem,
368 1400 410 1431 ut
436 1391 532 1430 nihil
560 1392 660 1430 inter
680 1391 784 1429 illam
808 1391 989 1430 usitatam
1011 1391 1304 1429 accusationem
1325 1400 1444 1441 atque
1474 1393 1577 1430 hanc

240 1471 384 1496 novam
411 1457 572 1504 intersit,
596 1457 669 1495 nisi
691 1458 800 1507 quod
826 1457 866 1494 in
893 1457 958 1494 illa
986 1465 1069 1494 tum
1091 1470 1180 1494 cum
1203 1457 1337 1495 omnia
1358 1457 1463 1495 dicta
1485 1465 1575 1495 sunt
1598 1473 1639 1494 20

240 1530 358 1561 testes
385 1524 539 1569 dantur,
563 1521 626 1560 hic
656 1522 695 1560 in
724 1522 895 1571 singulas
923 1535 982 1560 res
1014 1522 1224 1568 dabuntur,
1248 1530 1289 1560 ut
1321 1522 1394 1560 illis
1416 1535 1576 1572 quoque

238 1589 378 1627 eadem
414 1588 679 1638 interrogandi
715 1589 878 1626 facultas
911 1588 1211 1637 argumentandi
1243 1588 1483 1638 dicendique
1515 1588 1574 1626 sit.

239 1653 278 1692 Si
318 1653 404 1703 quis
443 1653 514 1691 erit
553 1653 619 1703 qui
666 1661 895 1702 perpetuam
936 1653 1153 1691 orationem
1201 1653 1576 1703 accusationemque

238 1718 445 1765 desideret,
468 1720 588 1757 altera
617 1718 773 1756 actione
803 1718 964 1766 audiet,
998 1732 1104 1756 nunc
1143 1718 1182 1757 id
1213 1720 1320 1768 quod
1343 1718 1575 1766 facimus,——-

238 1785 330 1833 quia
351 1797 398 1822 ea
417 1783 568 1822 ratione
593 1783 771 1830 facimus,
792 1792 833 1822 ut
863 1783 1032 1822 malitiae
1061 1784 1215 1822 illorum
1247 1784 1413 1822 consilio
1439 1792 1576 1822 nostro
1597 1798 1635 1829 ²5

180 1854 221 1897 56
240 1862 559 1895 occurramus,——
572 1848 793 1887 necessario
843 1849 923 1887 fieri
974 1849 1182 1899 intellegat.
1265 1851 1378 1887 Haec
1427 1849 1576 1899 primae

239 1913 405 1952 actionis
444 1914 515 1952 erit
548 1914 758 1952 accusatio.
826 1913 1005 1952 Dicimus
1042 1915 1085 1953 C.
1120 1916 1293 1961 Verrem,
1328 1927 1418 1952 cum
1455 1915 1572 1951 multa

284 2027 303 2055 5
328 2018 360 2047 xl
393 2017 449 2048 D:
488 2029 583 2048 xxxx
609 2024 659 2059 p:
693 2019 829 2056 triginta
862 2020 895 2048 νδ
1021 2020 1042 2048 6
1069 2019 1267 2058 responderi
1294 2017 1412 2048 Lamb.
1444 2019 1476 2057 (ξ
1500 2018 1576 2055 18)·.

240 2062 449 2100 respondere
499 2062 565 2101 Dp¹
594 2063 686 2093 (corr.
736 2063 941 2102 respondeat
966 2062 1054 2102 p²)*{¹
1071 2074 1077 2092 :
1124 2063 1351 2101 respondeant
1395 2062 1427 2090 νδ
1505 2061 1575 2092 diu-

241 2105 412 2135 turnitatis
444 2105 477 2134 D
507 2106 550 2137 al.
581 2118 601 2132 π
618 2117 624 2136 :
671 2106 892 2136 diuturnitate
926 2111 951 2145 p
989 2107 1023 2135 in
1062 2115 1144 2145 mg.‚
1177 2105 1244 2136 edd.
1279 2108 1350 2136 vett.
1538 2115 1577 2135 10

241 2148 394 2178 ludorum
412 2150 492 2179 coni.
511 2160 549 2179 ex
564 2149 639 2180 Asc.
663 2148 838 2179 Manutius
854 2161 859 2179 :
886 2149 1084 2179 iudiciorum
1101 2148 1188 2179 codd.
1295 2159 1332 2187 13
1356 2158 1522 2187 quoquam
1540 2159 1576 2188 qr

246 2204 282 2232 17
308 2199 413 2224 toturn
432 2193 559 2224 crimen
577 2204 615 2232 qr
723 2199 758 2222 ut
777 2193 831 2223 ubi
850 2194 940 2232 Asa,
960 2192 1197 2223 Iannoctianus
1212 2192 1260 2233 (=
1282 2193 1312 2223 id
1331 2193 1402 2232 ubi)
1418 2205 1424 2224 :
1449 2199 1482 2224 et
1499 2194 1575 2226 ubi?

244 2237 484 2276 interrogando
497 2241 583 2268 auct.
600 2236 711 2267 Madv.
730 2237 801 2267 secl.
817 2236 960 2267 Mueller.
1011 2235 1058 2276 Cf
1074 2237 1080 2265 i
1095 2242 1160 2276 cap.
1178 2236 1211 2265 xi
1224 2236 1271 2266 ad
1283 2237 1353 2267 init.
1447 2248 1490 2267 20
1505 2243 1573 2268 tum

243 2283 279 2313 D
294 2283 334 2313 al.
354 2295 361 2313 :
385 2289 465 2313 tunc
477 2288 518 2322 pr
671 2292 711 2321 25
732 2283 810 2322 quia
831 2292 871 2312 ea
892 2282 1026 2321 scm'psi:
1050 2282 1076 2311 si
1102 2292 1140 2311 ca
1167 2282 1279 2312 Muell.
1301 2282 1391 2320 (Div.
1420 2286 1432 2319 ξ
1452 2285 1485 2321 5Ὗ
1504 2295 1510 2313 :
1535 2294 1575 2313 ea

244 2327 278 2356 D
292 2326 332 2356 ιιΙ,
348 2332 396 2366 p„
413 2338 478 2357 om.
500 2326 606 2365 G,r5b.
641 2326 794 2356 Facimus
807 2329 882 2365 post
899 2326 1026 2355 ratione
1043 2324 1101 2355 del.
1122 2323 1239 2356 Lamb.
1260 2324 1408 2356 Schuetz.
1441 2327 1500 2356 An
1514 2333 1576 2367 pro

246 2371 384 2401 facimus
409 2380 447 2400 ea
475 2370 603 2400 ratione
623 2370 688 2408 (re)
709 2369 849 2400 facimus
873 2368 1078 2399 scribendum
1100 2367 1241 2399 sacinius
1260 2374 1293 2399 et
1318 2374 1412 2400 recte
1437 2370 1575 2401 facimus

248 2414 275 2455 (i
293 2417 308 2451 §
330 2415 407 2454 13)?
434 2413 480 2443 Cl.
497 2412 576 2444 Rev.
596 2414 673 2444 xvii.
692 2424 756 2444 200
