1715 2734
204 109 306 149 1744
633 102 690 138 M.
721 101 892 138 TVLLI
922 100 1229 140 CICERONIS

262 222 430 259 quorum
470 210 596 249 simile
644 210 805 248 forsitan
846 210 945 248 alius
988 223 1148 261 quoque
1188 211 1337 262 aliquid
1377 211 1594 262 aliquando

261 274 421 323 fecerit3
447 274 544 313 nihil
567 275 697 314 dicam
725 275 799 313 nisi
827 275 1030 325 singulare,
1054 276 1127 314 nisi
1154 277 1194 315 id
1223 278 1344 326 quod,
1360 277 1390 315 si
1412 277 1451 315 in
1471 277 1591 315 alium

261 353 370 378 reum
403 339 609 387 diceretur,
640 339 872 379 incredibile
913 340 1433 392 videretur—magistratum
1465 342 1593 392 Sicyo-

260 404 371 443 nium
391 418 577 443 nummos
607 405 799 455 poposcit.
871 407 934 444 Ne
963 405 1011 443 sit
1049 407 1124 444 hoc
1154 406 1303 445 crimen
1334 407 1374 445 in
1406 408 1594 445 Verrem:

261 471 436 508 fecerunt
456 470 531 508 alii.
592 471 695 510 Cum
717 470 782 508 ille
797 483 879 508 non
895 471 1016 517 daret,
1034 471 1309 509 animadvertit
1327 487 1333 509 z
1355 471 1592 522 improbum,
1615 485 1632 517 5

200 550 240 581 45
260 536 330 573 sed
351 548 432 573 non
452 534 685 573 inauditum.
746 536 883 573 Genus
911 535 1262 574 animadversionis
1292 536 1423 575 videte
1443 553 1449 575 :
1479 551 1595 587 quae-

259 600 350 638 retis
383 614 431 638 ex
461 614 542 650 quo
574 614 716 650 genere
743 600 946 639 hominem
976 600 1094 639 istum
1128 601 1318 639 iudicetis.
1380 603 1518 651 Ignem
1548 615 1595 640 ex

259 665 373 715 lignis
400 665 589 704 viridibus
618 673 739 715 atque
771 665 917 704 umidis
952 666 992 703 in
1023 667 1113 704 loco
1142 674 1310 716 angusto
1343 666 1423 704 fieri
1456 666 1593 705 iussit:

259 730 314 769 ibi
352 730 556 769 hominem
591 731 820 780 ingenuum,
866 730 976 769 domi
1017 730 1203 777 nobilem,
1247 731 1382 781 populi
1415 733 1589 770 Romani

260 796 412 834 socium
450 803 570 846 atque
599 796 785 843 amicum,
812 797 923 834 fumo
953 796 1217 835 excruciatum
1247 796 1479 835 semivivum
1512 797 1595 835 reli·
1616 809 1655 833 ιο

259 861 353 912 quit.
415 863 500 900 Iam
522 875 624 912 quae
658 861 730 900 iste
762 861 884 911 signa,
911 874 1008 911 quas
1036 862 1189 900 tabulas
1220 861 1345 911 pictas
1377 875 1424 900 ex
1444 861 1595 900 Achaia

258 926 467 974 sustulerit,
496 940 577 965 non
611 926 742 965 dicam
783 927 859 965 hoc
890 927 1006 964 loco:
1047 934 1105 964 est
1139 926 1235 964 mihi
1269 926 1367 964 alius
1399 928 1510 965 locus
1542 927 1594 965 ad

259 993 364 1030 hanc
388 991 473 1031 eius
503 991 760 1042 cupiditatem
791 992 1143 1030 demonstrandam
1165 999 1375 1041 separatus.
1426 992 1594 1030 Athenis

257 1056 420 1095 audistis
452 1070 499 1095 ex
531 1058 631 1095 aede
667 1056 871 1095 Minervae
904 1057 1052 1106 grande
1081 1056 1163 1094 auri
1196 1057 1352 1106 pondus
1390 1057 1566 1095 ablatum
1584 1071 1594 1105 3

258 1121 408 1159 dictum
429 1129 488 1160 est
519 1123 596 1160 hoc
625 1121 665 1159 in
687 1122 759 1161 Cn.
779 1121 1012 1160 Dolabellae
1041 1120 1198 1159 iudicio.
1252 1121 1446 1159 Dictum?
1475 1122 1592 1160 etiam
1616 1135 1654 1167 15

257 1186 517 1225 aestimatum.
579 1187 712 1225 Huius
732 1186 873 1225 consili
894 1200 977 1226 non
1005 1186 1235 1237 participem
1257 1187 1301 1226 C.
1326 1189 1499 1234 Verrem,
1523 1188 1593 1226 sed

257 1251 476 1303 principem
496 1252 616 1290 fuisse
635 1252 845 1302 reperietis.

196 1326 238 1368 46
314 1319 460 1356 Delum
481 1317 598 1356 venit.
659 1317 721 1355 Ibi
742 1331 789 1355 ex
809 1318 902 1355 fano
924 1316 1118 1366 Apollinis
1149 1316 1443 1366 religiosissimo
1471 1323 1592 1354 noctu

257 1384 359 1421 clam
389 1382 544 1420 sustulit
573 1381 684 1432 signa
713 1380 976 1431 pulcherrima
1003 1389 1122 1431 atque
1150 1380 1434 1430 antiquissima,
1467 1394 1592 1431 eaque

256 1449 298 1486 in
326 1448 545 1487 onerariam
577 1461 718 1486 navem
753 1461 865 1486 suam
904 1447 1140 1485 conicienda
1178 1446 1336 1485 curavit.
1398 1446 1592 1485 Postridie
1613 1461 1653 1484 20

256 1526 348 1552 cum
380 1515 514 1551 fanum
548 1512 759 1563 spoliatum
795 1512 973 1550 viderent
1012 1511 1037 1549 ii
1072 1511 1139 1561 qui
1172 1512 1317 1549 Delum
1351 1511 1587 1558 incolebant,

255 1577 420 1628 graviter
441 1578 618 1616 ferebant
635 1592 645 1625 3
674 1586 732 1615 est
754 1577 859 1615 enim
890 1584 999 1614 tanta
1019 1578 1124 1626 apud
1147 1589 1215 1614 eos
1237 1576 1319 1614 eius
1351 1576 1429 1614 fani
1457 1576 1592 1626 religio

255 1651 375 1693 atque
394 1643 606 1693 antiquitas
637 1650 678 1680 ut
700 1643 739 1680 in
760 1655 809 1680 eo
830 1644 919 1680 loco
944 1642 1071 1691 ipsum
1094 1641 1321 1692 Apollinem
1348 1649 1483 1679 natum
1506 1654 1591 1679 esse

256 1708 501 1747 arbitrentur.
561 1708 738 1746 Verbum
760 1715 893 1745 tamen
920 1708 1048 1745 facere
1078 1720 1158 1745 non
1179 1707 1391 1754 audebant,
1414 1720 1464 1745 ne
1491 1708 1590 1745 forte

195 1777 238 1814 18
258 1787 304 1812 ea
324 1787 383 1812 res
403 1775 454 1812 ad
477 1774 726 1811 Dolabellam
743 1772 872 1822 ipsum
893 1772 1115 1822 pertineret.
1165 1773 1270 1809 Turn
1292 1771 1424 1809 subito
1444 1779 1590 1821 tempe·
1611 1790 1650 1822 ²5

257 1846 376 1877 states
397 1846 556 1877 coortae
576 1846 665 1876 sunt
687 1838 891 1884 maximae,
915 1837 1076 1883 iudices,
1092 1844 1134 1875 ut
1155 1850 1235 1875 non
1259 1838 1380 1875 modo
1395 1836 1589 1886 proficisci

257 1917 348 1942 cum
369 1911 529 1954 cuperet
552 1904 761 1942 Dolabella
790 1916 871 1941 non
902 1911 1045 1953 posset,
1070 1903 1139 1940 sed
1160 1902 1222 1939 vix
1253 1902 1291 1939 in
1321 1901 1471 1952 oppido
1500 1914 1590 1940 con-

257 1968 432 2008 sisteret:
463 1969 515 2007 ita
537 1969 667 2019 magni
689 1969 830 2006 fluctus
851 1967 1105 2006 eiciebantur.
1167 1966 1247 2005 Hic
1268 1967 1377 2005 navis
1398 1966 1463 2005 illa
1485 1980 1590 2017 prae-

302 2083 321 2102 2
339 2073 400 2103 nisi
418 2072 589 2111 singulare
601 2072 638 2111 p²
654 2081 680 2101 s.
698 2070 717 2101 I.
791 2071 854 2101 nisi
874 2071 906 2100 id
930 2070 975 2101 T:
1001 2070 1064 2101 nisi
1078 2069 1133 2110 Dp
1150 2069 1215 2101 rell.
1322 2080 1341 2108 4
1359 2069 1513 2108 poposcit
1527 2069 1586 2099 nb:

259 2116 366 2157 poscit
394 2115 428 2146 D
454 2116 520 2147 al.:
545 2116 652 2155 possit
680 2113 744 2153 62:
769 2114 854 2153 petit
881 2114 916 2144 K
1028 2125 1043 2153 7
1069 2114 1241 2144 hominem
1269 2112 1380 2143 eodan:
1416 2112 1586 2143 hominum

259 2159 395 2191 Hotom.
414 2159 483 2190 edd.
508 2159 553 2199 xii,
576 2162 591 2196 ξ
614 2162 667 2197 17)
783 2168 815 2188 11
846 2158 909 2188 ista
931 2157 961 2188 T
1072 2167 1109 2187 12
1135 2157 1215 2186 mihi
1232 2156 1318 2186 alius
1339 2154 1478 2187 TAsc:
1505 2155 1588 2186 alius

263 2204 341 2233 mihi
359 2203 414 2244 Dp
431 2203 497 2233 rell.
621 2211 658 2240 13
683 2201 778 2232 istius
796 2202 833 2240 (Ιδ
958 2205 1135 2241 separatus
1163 2198 1295 2240 Tpr:
1322 2204 1476 2230 servatus
1495 2199 1588 2239 p²rb5

268 2248 371 2285 15-16
395 2247 518 2276 dictum
537 2249 587 2276 est
605 2269 611 2276 .
631 2269 638 2276 .
655 2269 662 2276 .
683 2246 895 2275 aestimatum
918 2244 965 2274 Τπ
984 2257 990 2275 :
1014 2254 1081 2276 om.
1100 2243 1163 2274 ΒΨ
1279 2252 1317 2282 15
1342 2246 1393 2272 est
1422 2243 1485 2273 hoc
1519 2241 1563 2272 Tb
1581 2253 1588 2272 ε

262 2291 325 2320 hoc
342 2296 393 2320 est
410 2301 441 2320 π.
568 2288 630 2319 Cn.
648 2298 713 2318 om.
738 2287 767 2317 T
781 2288 868 2327 (106.
893 2290 946 2328 19)
1075 2288 1113 2318 16
1138 2297 1204 2317 non
1223 2291 1307 2326 part.
1331 2285 1378 2316 T:
1403 2295 1469 2316 non
1488 2286 1588 2316 modo

262 2337 348 2373 part.
366 2332 422 2373 Dp
437 2333 503 2363 rell.
552 2331 600 2371 Cf.
618 2332 637 2370 i,
660 2335 676 2370 ξ
698 2332 759 2362 106
