1715 2734
178 74 446 113 ACTIONIS
478 73 538 110 IN
569 72 612 111 C.
636 72 876 110 VERREM
907 71 1206 110 SECVNDAE
1235 72 1338 109 LIB.
1364 72 1404 108 II
1474 79 1502 119 5

176 184 332 223 actione
352 197 397 222 ex
421 182 593 221 Heraclii
624 182 853 232 Syracusani
879 182 1105 221 testimonio
1131 181 1241 220 cuius
1269 182 1377 221 modi
1398 188 1500 220 esset

177 248 425 297 cognovistis,
458 255 589 286 tamen
623 247 733 285 vobis
762 246 840 284 alio
873 249 963 285 loco
992 254 1034 284 ut
1066 260 1106 284 se
1136 254 1217 284 tota
1250 260 1309 285 res
1344 247 1496 293 habeat,

177 315 284 363 quod
317 315 367 352 ad
398 326 482 351 earn
513 311 708 350 civitatem
739 312 915 359 attineat,
944 311 1285 350 demonstrabitur.
1347 313 1501 350 Intelle-

175 378 272 427 getis
299 377 403 415 enim
430 376 546 415 nullis
574 376 799 414 hominibus
825 389 1063 426 quemquam
1095 383 1204 414 tanto
1228 376 1324 414 odio
1351 383 1501 426 quanto

137 460 154 490 5
176 442 292 480 istum
314 441 563 492 Syracusanis
584 449 621 479 et
642 455 727 479 esse
748 449 785 478 et
806 441 933 479 fuisse.

1522 85 1559 117 15

230 509 281 544 At
316 507 419 545 enim
452 507 568 544 istum
601 505 718 543 Siculi
748 506 818 544 soli
849 513 1158 555 persequuntur:
1193 505 1297 544 cives
1328 506 1499 544 Romani
1518 509 1546 546 6

175 571 241 621 qui
269 571 516 621 negotiantur
543 571 582 608 in
610 570 740 608 Sicilia
769 571 999 616 defendunt,
1027 570 1207 620 diligunt,
1235 572 1383 608 salvum
1415 584 1500 609 esse

175 636 348 686 cupiunt.
408 635 594 682 Primum,
615 634 645 672 si
668 635 719 672 ita
740 642 853 682 esset,
874 643 1004 673 tamen
1027 648 1095 673 vos
1117 635 1155 672 in
1176 636 1249 673 hac
1270 635 1500 685 quaestione

174 702 224 739 de
263 701 438 751 pecuniis
480 699 719 750 repetundis,
757 713 858 749 quae
897 699 1093 737 sociorum
1133 713 1250 737 causa
1287 700 1500 738 constituta

118 784 154 805 10
174 773 231 804 est
265 767 348 815 lege
388 765 612 814 iudicioque
645 764 789 811 sociali,
826 764 1021 803 sociorum
1061 764 1325 814 querimonias
1363 765 1498 804 audire

174 838 379 880 oporteret.
440 831 516 868 Sed
560 829 783 878 intellegere
822 828 1002 879 potuistis
1047 828 1172 878 priore
1209 828 1365 867 actione
1403 829 1497 867 civis

175 897 378 933 Romanos
409 893 705 932 honestissimos
735 908 781 932 ex
811 893 943 932 Sicilia
967 893 1142 943 plurimis
1167 893 1424 944 maximisque
1448 895 1498 934 de

173 960 299 1006 rebus,
340 968 377 998 et
417 972 513 1009 quas
553 958 624 1009 ipsi
665 958 910 1009 accepissent
948 958 1106 996 iniurias
1145 966 1183 997 et
1221 973 1317 1008 quas
1356 960 1498 998 scirent

172 1038 257 1063 esse
294 1024 378 1062 aliis
415 1026 546 1071 factas,
581 1037 652 1074 pro
686 1023 913 1062 testimonio
951 1023 1092 1061 dicere.
1153 1025 1237 1074 Ego
1276 1026 1352 1063 hoc
1391 1026 1499 1074 quod

116 1106 152 1136 15
172 1089 366 1139 intellego,
391 1089 554 1135 iudices,
575 1089 629 1127 sic
651 1090 853 1126 confirmo.
904 1088 1053 1127 Videor
1074 1088 1168 1126 mihi
1189 1096 1340 1138 gratum
1362 1090 1499 1128 fecisse

172 1153 311 1192 Siculis
332 1155 439 1203 quod
462 1167 596 1192 eorum
619 1153 777 1191 iniurias
800 1167 889 1192 meo
909 1154 1053 1199 labore,
1078 1153 1302 1202 inimicitiis,
1326 1155 1500 1205 periculo

171 1218 244 1255 sim
274 1226 523 1268 persecutus:
554 1231 634 1256 non
661 1218 788 1256 minus
817 1219 892 1256 hoc
912 1226 1064 1268 gratum
1091 1232 1153 1256 me
1180 1219 1321 1257 nostris
1348 1219 1498 1258 civibus

172 1282 356 1332 intellego
383 1282 530 1328 fecisse,
563 1283 630 1332 qui
658 1284 733 1321 hoc
766 1282 1004 1329 existimant,
1032 1282 1123 1321 iuris
1154 1283 1340 1322 libertatis
1370 1298 1497 1322 rerum

172 1348 494 1397 fortunarumque
527 1361 683 1385 suarum
715 1349 879 1386 salutern
911 1348 949 1385 in
985 1349 1093 1386 istius
1123 1348 1378 1387 damnatione
1408 1363 1498 1388 con-

115 1430 155 1451 20
173 1414 317 1451 sistere.
375 1414 624 1462 Quapropter
644 1413 694 1450 de
716 1412 824 1450 istius
846 1420 1025 1462 praetura
1045 1412 1236 1451 Siciliensi
1258 1427 1338 1452 non
1359 1427 1497 1453 recuso

172 1477 266 1528 quin
300 1477 351 1516 ita
381 1491 443 1516 me
463 1477 630 1516 audiatis
660 1484 713 1524 ut,
745 1477 776 1515 si
807 1477 990 1527 cuiquam
1017 1478 1149 1528 generi
1180 1478 1386 1517 hominum
1417 1481 1497 1518 sive

171 1542 390 1582 Siculorum
421 1542 500 1580 sive
532 1550 754 1580 nostrorum
785 1542 939 1588 civium,
975 1542 1004 1581 si
1038 1544 1221 1592 cuiquam
1256 1543 1385 1582 ordini
1417 1544 1497 1583 sive

171 1615 365 1645 aratorum
391 1606 470 1645 sive
491 1607 761 1657 pecuariorum
787 1606 867 1645 sive
889 1614 1148 1645 mercatorum
1174 1609 1361 1657 probatus
1383 1608 1442 1655 sit,
1465 1609 1495 1647 si

171 1685 251 1711 non
290 1673 429 1710 horum
468 1672 646 1710 omnium
681 1671 904 1710 communis
943 1672 1066 1710 hostis
1105 1674 1331 1723 praedoque
1370 1674 1493 1721 fuerit,

114 1757 151 1788 25
172 1737 202 1775 si
228 1737 410 1787 cuiquam
441 1736 612 1786 denique
638 1736 678 1774 in
706 1750 745 1775 re
772 1750 962 1786 umquam
991 1738 1070 1775 ulla
1099 1737 1333 1788 temperarit,
1356 1746 1397 1776 ut
1427 1752 1496 1778 vos

171 1814 330 1851 quoque
350 1801 384 1839 ei
407 1800 642 1850 temperetis.

214 1917 233 1945 3
257 1907 397 1937 attineat
417 1905 476 1937 CO
493 1918 499 1936 ι
523 1907 643 1937 attinet
661 1906 725 1937 rell.
881 1917 899 1946 5
925 1912 957 1937 et
976 1918 1051 1938 esse
1071 1907 1150 1939 CO:
1175 1918 1250 1938 esse
1268 1908 1330 1939 nbk
1475 1913 1495 1941 6

169 1950 231 1980 soli
251 1950 353 1980 Siculi
374 1950 410 1980 bs
555 1961 570 1988 7
597 1951 815 1989 negotiantur
839 1951 869 1981 in
896 1951 1011 1981 Sicilia
1031 1951 1111 1981 CO:
1147 1952 1179 1981 in
1199 1952 1265 1982 Sic.
1285 1958 1399 1993 neg.p
1415 1952 1491 1991 rell.,

171 2004 246 2024 corr.
265 1993 306 2024 0¹
397 1995 417 2023 8
440 1994 472 2023 in
492 1994 557 2024 ista
576 1993 617 2023 0¹
722 2005 759 2023 12
785 1994 935 2032 plurimis
952 1995 1175 2034 maximisque
1192 1996 1308 2035 scripsi
1321 1996 1492 2034 CsecuMs,

170 2037 203 2066 in
229 2047 292 2075 quo
313 2040 361 2066 es!
383 2037 541 2076 plurimos
566 2042 740 2076 tsnprascr.
768 2037 791 2068 ii
818 2037 1030 2077 maximisq.:
1063 2038 1223 2077 plurimos
1249 2039 1403 2070 maximis
1428 2040 1491 2071 rell.

172 2080 221 2114 (ii,
244 2083 278 2116 ἐξ
298 2091 326 2112 2,
350 2090 419 2119 102,
443 2084 516 2118 142)
611 2090 646 2118 14
672 2090 746 2110 esse
772 2080 846 2110 aliis
865 2080 945 2110 CO:
976 2081 1048 2111 aliis
1072 2092 1146 2111 esse
1169 2081 1232 2112 rell.
1329 2083 1366 2112 16
1390 2083 1495 2114 inimi—

171 2123 264 2152 citias
289 2123 325 2152 ὀδ
473 2133 509 2161 17
534 2124 594 2154 sim
624 2124 651 2153 C
676 2123 738 2154 rell.
770 2128 899 2162 praeter
924 2124 986 2154 0¹21
1015 2125 1119 2164 (sum)
1276 2135 1314 2155 21
1341 2126 1370 2156 si
1398 2127 1451 2156 cui
1476 2127 1495 2156 b

172 2166 343 2196 hominum
363 2178 417 2196 om
449 2167 518 2197 CO¹
667 2177 706 2196 22
731 2167 802 2196 sive
820 2167 973 2206 cuiquam
996 2167 1083 2198 codd.
1220 2178 1261 2207 23
1285 2170 1356 2199 sive
1373 2179 1493 2207 pecua-

172 2209 294 2239 riorum
315 2221 379 2239 om.
404 2209 460 2240 (Ο
592 2220 631 2248 25
658 2211 688 2239 in
714 2219 748 2239 re
774 2220 930 2249 umquam
955 2211 1021 2241 ulla
1041 2210 1120 2241 CO:
1146 2211 1210 2242 ulla
1231 2211 1265 2242 in
1283 2222 1318 2242 re
1336 2221 1491 2252 umquam

173 2251 247 2291 rell„
267 2262 345 2284 corr.
368 2252 409 2282 Οι
500 2253 700 2292 temperavit
716 2252 805 2284 codd.
941 2255 982 2284 26
1006 2253 1035 2284 ei
1053 2264 1117 2284 om.
1137 2254 1172 2284 ὸδ

1520 836 1558 868 16

1520 1426 1556 1460 Ι7
