1715 2734
1 1417 6 1504 Ξ

1 1761 6 1813 ἰ

2 1897 6 1939 ῐ

2 1941 6 1984 ἓ

416 388 483 436 Μ.
533 387 747 435 TVLLI
807 386 1206 436 CICERONIS

220 503 657 559 ACTIONIS
725 504 818 556 IN
883 503 943 556 C.
1006 503 1393 558 VERREM

562 599 1055 655 SECVNDAE

556 726 727 763 LIBER
766 725 1055 764 SECVNDVS

379 830 463 870 DE
508 829 853 870 PRAETVRA
896 828 1237 871 SICILIENSI

200 939 352 975 MVLTA
387 937 482 975 mihi
521 937 751 983 necessario,
788 936 948 982 iudices,
981 935 1327 986 praetermittenda
1365 943 1465 983 sunt,
1487 934 1504 961 1

143 1010 185 1040 ut
210 1002 356 1052 possim
383 1001 517 1052 aliquo
542 1003 663 1040 modo
689 1001 904 1051 aliquando
931 1002 980 1039 de
1003 1000 1064 1038 his
1092 1001 1206 1039 rebus
1231 1013 1333 1050 quae
1357 1014 1468 1039 meae
1491 993 1504 1014 ¹

144 1067 235 1106 fidei
256 1067 490 1105 commissae
511 1075 601 1105 sunt
621 1066 761 1105 dicere.
814 1066 962 1117 Recepi
983 1065 1089 1104 enim
1110 1079 1269 1104 causam
1290 1065 1468 1104 Siciliae:

143 1146 189 1170 ea
210 1146 272 1171 me
292 1134 343 1171 ad
365 1134 440 1171 hoc
461 1132 663 1182 negotium
693 1132 894 1182 provincia
913 1131 1078 1169 attraxit.
1132 1133 1217 1181 Ego
1238 1138 1370 1169 tamen
1392 1132 1468 1169 hoc

104 1213 120 1243 5
143 1211 260 1236 onere
287 1205 470 1248 suscepto
500 1205 538 1235 et
565 1205 721 1247 recepta
748 1210 865 1235 causa
890 1196 1083 1235 Siciliensi
1106 1198 1310 1246 amplexus
1334 1196 1468 1234 animo

142 1276 228 1300 sum
276 1262 478 1312 aliquanto
525 1262 703 1312 amplius.
775 1261 938 1312 Suscepi
986 1261 1091 1299 enim
1140 1275 1299 1299 causam
1348 1261 1468 1299 totius

141 1327 299 1374 ordinis,
333 1327 487 1377 suscepi
517 1340 676 1365 causam
711 1326 764 1365 rei
795 1326 986 1376 publicae,
1019 1327 1128 1376 quod
1160 1326 1348 1375 putabam
1383 1334 1467 1364 tum

140 1392 312 1442 denique
344 1400 447 1431 recte
481 1391 643 1431 iudicari
678 1405 793 1442 posse
823 1391 853 1430 si
884 1406 964 1430 non
996 1393 1116 1430 modo
1147 1406 1233 1430 reus
1263 1391 1466 1442 improbus

139 1459 410 1504 adduceretur,
453 1458 523 1496 sed
562 1457 679 1495 etiam
719 1456 886 1507 diligens
924 1470 971 1494 ac
1006 1457 1139 1494 firmus
1173 1464 1378 1495 accusator
1415 1458 1466 1496 ad

86 1537 121 1558 10
140 1522 329 1561 iudicium
359 1522 516 1560 veniret.
578 1523 670 1570 Quo
700 1521 795 1559 mihi
827 1520 1014 1559 maturius
1041 1522 1091 1559 ad
1123 1520 1277 1559 Siciliae
1306 1534 1465 1559 causam
1488 1540 1502 1560 2

139 1587 379 1626 veniendum
407 1594 464 1625 est
491 1585 633 1625 relictis
665 1586 802 1624 ceteris
832 1586 915 1625 eius
943 1585 1052 1623 furtis
1076 1594 1194 1635 atque
1230 1586 1394 1636 flagitiis,
1423 1594 1465 1625 ut

139 1660 175 1690 et
196 1652 341 1690 viribus
362 1666 478 1702 quam
501 1651 757 1701 integerrimis
778 1665 891 1701 agere
912 1659 949 1689 et
970 1652 1020 1689 ad
1042 1651 1256 1689 dicendum
1277 1651 1464 1702 temporis

138 1717 229 1755 satis
250 1718 394 1756 habere
414 1716 573 1766 possim.

191 1784 322 1832 Atque
338 1790 550 1832 antequam
573 1782 622 1819 de
639 1780 904 1819 incommodis
925 1779 1079 1818 Siciliae
1100 1780 1201 1827 dico,
1226 1794 1351 1831 pauca
1367 1781 1463 1819 mihi

83 1860 117 1890 15
137 1846 317 1885 videntur
349 1860 433 1885 esse
465 1848 515 1885 de
554 1845 777 1896 provinciae
809 1845 1010 1895 dignitate,
1052 1853 1254 1893 vetustate,
1297 1846 1462 1885 utilitate

136 1911 315 1950 dicenda.
376 1913 479 1949 Nam
514 1925 604 1949 cum
639 1910 817 1949 omnium
857 1910 1052 1948 sociorum
1093 1910 1462 1961 provinciarumque

137 1976 326 2015 rationem
354 1976 558 2027 diligenter
587 1976 731 2013 habere
761 1975 925 2021 debetis,
949 1983 1031 2013 tum
1057 1975 1266 2026 praecipue
1294 1976 1458 2024 Siciliae,

136 2040 295 2088 iudices,
329 2040 504 2091 plurimis
544 2040 844 2089 iustissimisque
875 2041 925 2078 de
964 2039 1102 2086 causis,
1143 2040 1311 2090 primum
1351 2042 1460 2090 quod

183 2155 195 2174 1
222 2146 350 2176 iudices
373 2145 503 2176 Vrell.:
529 2156 594 2175 om.
617 2143 687 2175 CO¹
821 2154 840 2173 2
864 2144 915 2174 his
935 2143 1087 2182 VCOpb:
1120 2143 1160 2174 iis
1177 2145 1194 2174 δ
1325 2146 1346 2175 6
1370 2145 1458 2175 enim

160 2212 166 2218 .
188 2212 194 2218 .
215 2189 348 2228 suscepi
375 2188 451 2226 (VC
469 2188 528 2225 al.)
553 2189 659 2228 suppl.
685 2188 720 2217 in
746 2198 812 2227 mg.
835 2187 884 2218 O:
918 2187 1042 2218 Anecd.
1064 2192 1098 2227 p.
1125 2187 1241 2217 xxvii:
1278 2188 1366 2218 enim
1386 2193 1461 2228 post

135 2232 274 2262 alterum
306 2232 441 2271 suscepi
473 2231 559 2262 male
589 2232 715 2262 zleravz't
746 2230 777 2260 V
887 2241 909 2270 9
932 2241 970 2261 ac
1000 2229 1113 2270 COql:
1142 2235 1174 2260 et
1199 2230 1237 2260 πὸ
1260 2231 1347 2261 rell.:
1380 2232 1413 2262 in
1436 2231 1466 2259 V

135 2278 180 2305 est
193 2275 350 2305 incerlum
422 2284 460 2305 10
475 2276 606 2305 venerit
621 2275 710 2306 610¹
729 2276 780 2316 (cf.
797 2275 873 2307 Dz‘v.
894 2279 909 2313 ξ
928 2276 985 2315 37)
1057 2285 1088 2304 11
1108 2275 1315 2306 veniundum
1332 2274 1406 2315 ch
1417 2275 1459 2306 al.

140 2329 173 2348 11
201 2324 300 2357 atque
322 2317 419 2348 VCO¹
440 2329 446 2347 z
469 2328 507 2348 ac
528 2323 551 2357 p
570 2318 633 2347 rell.
772 2327 809 2352 14
834 2317 947 2355 Atque
969 2317 1092 2355 (adque
1112 2317 1158 2357 V)
1184 2317 1325 2348 VCO¹rz
1358 2323 1459 2357 atque

136 2362 220 2392 adeo
232 2362 275 2403 pb
293 2362 333 2391 al.
426 2361 499 2390 dico
525 2361 537 2387 l
555 2360 620 2389 Cnb
637 2364 665 2390 et
680 2360 712 2389 in
732 2371 797 2399 mg.
820 2359 860 2389 0¹
879 2371 884 2389 :
910 2360 1018 2390 dicam
1039 2359 1090 2390 Ok
1210 2362 1248 2390 16
1272 2361 1416 2391 dicunda
1433 2363 1459 2393 C

1332 2405 1371 2435 8*
