1715 2734
162 102 214 140 33
235 101 276 139 87
607 93 663 129 M.
697 91 866 128 TVLLI
899 91 1207 130 CICERONIS

234 203 308 242 illis
338 203 446 250 locis,
469 202 581 241 sicuti
611 203 649 240 in
676 215 818 251 magna
843 208 951 252 parte
983 201 1148 249 Siciliae,
1171 201 1394 248 multitudo,
1417 200 1571 252 collige-

234 269 330 306 bant
359 275 397 307 et
424 268 470 306 iis
499 267 626 306 miseri
659 266 879 317 perditique
899 267 1132 314 alebantur,
1161 268 1397 306 Cleomenes
1424 273 1568 313 autern,

234 333 299 382 qui
329 335 494 372 alterum
525 347 566 371 se
586 335 748 370 Verrem
770 346 859 370 cum
885 331 1033 370 luxurie
1061 346 1106 370 ac
1135 332 1309 382 nequitia
1339 339 1420 370 tum
1451 331 1569 370 etiam

234 397 398 448 imperio
430 405 594 449 putaret,
626 397 801 435 similiter
836 404 938 435 totos
973 397 1057 435 dies
1093 398 1130 435 in
1165 396 1276 435 litore
1315 396 1569 435 tabernaculo

162 475 213 512 34
233 463 363 513 posito
394 464 638 514 perpotabat.
713 465 818 501 Ecce
851 470 982 500 autem
1018 470 1179 512 repente
1211 461 1321 499 ebrio
1351 463 1568 500 Cleomene
1591 478 1608 509 5

232 529 494 568 esurientibus
515 527 653 567 ceteris
674 527 875 566 nuntiatur
895 529 1104 577 piratarum
1134 541 1218 565 esse
1249 526 1357 564 navis
1385 526 1424 563 in
1455 534 1567 576 portu

232 595 434 644 Odysseae
452 609 462 642 3
492 608 582 632 nam
600 594 652 632 ita
674 593 704 631 is
725 595 834 631 locus
853 594 1102 639 nominatum
1131 600 1262 630 nostra
1281 599 1413 630 autem
1435 591 1569 630 classis

230 667 311 697 erat
328 659 365 697 in
384 667 498 710 portu
516 659 699 708 Pachyni.
747 660 984 697 Cleomenes
1004 665 1148 704 autem,
1165 658 1273 707 quod
1294 664 1374 695 erat
1391 664 1569 696 terrestre

230 724 468 773 praesidium
502 737 581 761 non
612 738 651 761 re
681 725 750 761 sed
782 723 953 770 nominc,
981 722 1147 773 speravit
1175 722 1220 760 iis
1251 722 1439 761 militibus
1468 736 1568 772 quos

230 803 277 828 ex
315 803 363 828 eo
402 791 490 828 loco
524 788 751 828 deduxisset
785 790 939 839 explere
977 802 1019 827 se
1051 802 1258 826 numerum
1291 795 1497 825 nautarum
1529 795 1568 826 et
1592 805 1630 827 10

230 855 420 905 remigum
453 868 579 905 posse.
652 856 824 904 Reperta
863 862 921 893 est
955 855 1094 892 eadem
1134 853 1245 891 istius
1277 852 1448 891 hominis
1482 866 1567 891 ava-

230 920 371 958 rissimi
410 920 508 958 ratio
547 921 585 957 in
625 919 828 970 praesidiis
867 932 967 969 quae
1007 918 1046 956 in
1085 918 1301 965 classibus3
1332 932 1423 956 nam
1458 925 1567 956 erant

170 995 210 1026 88
231 986 415 1035 perpauci
452 984 602 1035 reliqui,
631 986 747 1023 ceteri
787 983 947 1023 dimissi.
1008 983 1195 1034 Princeps
1244 986 1480 1023 Cleomenes
1526 984 1566 1021 in

230 1050 466 1100 quadriremi
502 1049 759 1100 Centuripina
798 1051 945 1088 malum
993 1049 1097 1099 erigi,
1138 1051 1223 1087 vela
1261 1048 1353 1096 fieri,
1394 1049 1565 1099 praecidi

228 1130 392 1154 ancoras
421 1115 636 1166 imperavit,
658 1123 696 1154 et
727 1115 842 1154 simul
871 1122 912 1153 ut
933 1128 974 1153 se
995 1114 1113 1153 ceteri
1134 1123 1390 1164 sequerentur
1410 1114 1563 1164 signum
1590 1135 1626 1167 15

229 1181 310 1219 dari
344 1181 465 1219 iussit.
526 1182 640 1219 Haec
669 1180 928 1231 Centuripina
957 1179 1067 1218 navis
1092 1188 1173 1218 erat
1194 1179 1413 1218 incredibili
1436 1179 1566 1218 celeri-

228 1253 307 1284 tate
328 1246 421 1284 velis
440 1261 450 1294 3
480 1259 571 1283 nam
593 1245 690 1284 scire
721 1245 795 1284 isto
815 1253 993 1296 praetore
1013 1259 1133 1284 nemo
1153 1253 1305 1296 poterat
1326 1245 1423 1295 quid
1450 1259 1566 1295 quae·
1609 1253 1613 1257 ’

229 1324 306 1360 que
338 1311 446 1349 navis
492 1310 607 1349 remis
653 1312 780 1349 facere
818 1318 979 1361 posset,
1026 1310 1098 1349 etsi
1136 1311 1175 1348 in
1215 1312 1289 1349 hac
1327 1310 1565 1361 quadriremi

227 1384 386 1426 propter
406 1377 597 1414 honorem
619 1384 657 1415 et
673 1376 834 1426 gratiam
851 1376 1077 1416 Cleomenis
1094 1376 1256 1414 minime
1271 1376 1383 1414 multi
1400 1376 1565 1427 remiges

228 1449 266 1480 et
296 1442 437 1480 milites
463 1443 635 1480 deerant.
697 1443 879 1480 Evolarat
910 1443 986 1480 iam
1013 1456 1034 1480 e
1061 1449 1278 1491 conspectu
1306 1443 1384 1480 fere
1413 1442 1564 1492 fugiens
1588 1459 1628 1481 20

229 1507 498 1557 quadriremis,
539 1521 628 1546 cum
669 1507 784 1545 etiam
822 1515 904 1545 tum
943 1514 1095 1546 ceterae
1129 1521 1247 1545 naves
1283 1520 1363 1545 uno
1397 1507 1436 1545 in
1475 1509 1565 1545 loco

169 1579 210 1619 89
231 1572 503 1611 moliebantur.
565 1575 657 1610 Erat
690 1572 845 1610 animus
877 1572 915 1610 in
952 1572 1136 1622 reliquis3
1179 1586 1420 1623 quamquam
1455 1581 1565 1612 erant

229 1637 355 1687 pauci,
378 1652 540 1688 quoquo
562 1639 683 1676 modo
704 1652 763 1676 res
785 1652 826 1676 se
840 1638 1022 1685 habebat,
1045 1652 1218 1688 pugnare
1239 1646 1371 1677 tamen
1400 1652 1440 1677 se
1465 1640 1564 1677 velle

227 1704 463 1750 clamabant,
487 1711 524 1741 et
545 1704 652 1753 quod
674 1703 866 1753 reliquum
895 1703 996 1742 vitae
1023 1703 1242 1754 viriumque
1270 1706 1392 1743 fames
1421 1706 1564 1743 fecerat

227 1767 267 1806 id
294 1770 395 1807 ferro
425 1768 671 1818 potissimum
703 1770 866 1807 reddere
893 1769 1089 1808 volebant.
1148 1770 1303 1819 Quodsi
1325 1771 1562 1809 Cleomenes
1586 1784 1625 1815 25

228 1847 307 1871 non
334 1841 444 1872 tanto
468 1842 560 1873 ante
587 1834 757 1884 fugisset,
779 1836 910 1884 aliqua
937 1843 1069 1874 tamen
1094 1837 1144 1873 ad
1176 1835 1435 1874 resistendum
1465 1835 1562 1874 ratio

227 1898 373 1938 fuisset.
435 1901 528 1938 Erat
550 1899 654 1938 enim
677 1901 759 1937 sola
781 1900 844 1938 illa
865 1900 973 1938 navis
995 1909 1191 1939 constrata
1212 1909 1249 1939 et
1271 1901 1322 1939 ita
1351 1914 1492 1951 magna
1519 1909 1562 1939 ut

228 1967 524 2016 propugnaculo
556 1965 693 2004 ceteris
726 1973 858 2015 posset
898 1980 993 2011 esse,
1029 1979 1131 2015 quae
1170 1965 1200 2003 si
1239 1965 1279 2003 in
1315 1967 1559 2016 praedonum

227 2043 359 2080 pugna
390 2039 614 2076 versaretur,
651 2030 756 2070 urbis
796 2031 915 2069 instar
947 2031 1091 2069 habere
1123 2031 1223 2069 inter
1257 2031 1343 2070 illos
1378 2031 1561 2081 piraticos

228 2110 487 2146 myoparones
523 2097 744 2144 videretur;
788 2098 857 2135 sed
897 2103 979 2134 tum
1019 2096 1168 2146 inopeS,
1209 2096 1330 2135 relicti
1369 2097 1419 2135 ab
1458 2098 1560 2135 duce
1585 2113 1624 2143 30

270 2212 289 2240 3
315 2213 388 2232 cum
416 2203 572 2242 imperio,
599 2207 666 2232 tum
692 2203 793 2232 etiam
819 2202 949 2232 luxurie
974 2213 1011 2233 ac
1037 2202 1184 2241 nequitia
1210 2201 1387 2232 Zielinski:
1427 2200 1558 2232 luxurie

227 2244 339 2275 Μιιαύ.
355 2258 361 2275 ;
389 2246 538 2284 luxuriae
558 2246 590 2275 R
607 2258 612 2276 :
639 2246 770 2276 luxuria
788 2245 870 2275 SD&
1012 2257 1049 2276 ac
1068 2245 1123 2286 Rq
1140 2258 1146 2276 :
1170 2251 1271 2285 atque
1285 2247 1327 2286 pb
1517 2255 1558 2284 23

227 2298 281 2319 res
297 2299 334 2319 se
353 2289 437 2320 RS:
466 2300 519 2319 res
538 2300 615 2320 sese
633 2301 673 2329 q:
698 2299 775 2320 scsc
795 2300 848 2319 rcs
862 2291 904 2328 ῂδ
1047 2301 1088 2329 25
1113 2290 1243 2329 Quodsi
1263 2290 1390 2319 Cleom.
1410 2299 1477 2319 non
1492 2294 1557 2329 pq:

226 2331 325 2370 Quod
344 2333 469 2364 Cleom.
492 2344 559 2363 non
579 2333 611 2363 R
628 2337 657 2363 et
667 2339 720 2373 pr.
739 2332 790 2363 S:
822 2335 911 2372 quod
928 2333 1056 2364 Cleom.
1079 2335 1143 2364 nisi
1161 2344 1238 2363 corr.
1257 2333 1339 2363 SD&
1355 2345 1361 2363 z
1386 2332 1474 2370 quod
1492 2331 1556 2362 nisi

226 2375 356 2407 Cleom.
378 2381 397 2406 λ
533 2388 574 2417 29
599 2378 700 2408 turris
718 2377 822 2408 instar
843 2378 885 2409 K.
906 2378 1034 2409 Busche
