1715 2734
127 824 165 846 10

197 117 462 158 ACTIONIS
484 119 544 156 IN
566 119 609 157 C.
633 120 874 156 VERREM
895 118 1193 157 SECVNDAE
1215 120 1317 156 LIB.
1342 120 1401 157 IV
1470 127 1518 166 57

195 236 496 267 monumentum
528 227 667 274 Catuli,
700 228 740 266 in
770 228 964 278 porticum
996 228 1158 275 Metelli,
1191 229 1257 267 det
1287 242 1445 279 operam
1475 237 1518 269 ut

192 292 420 330 admittatur
449 292 488 330 in
518 292 680 331 alicuius
711 292 872 331 istorum
903 294 1186 340 Tusculanum,
1211 301 1360 343 spectet
1390 296 1515 333 forum

191 365 385 404 ornatum,
407 357 436 394 si
459 356 553 407 quid
575 357 645 396 iste
667 371 825 396 suorum
847 357 1040 396 aedilibus
1062 358 1345 396 commodarit:
1376 361 1516 398 Verres

190 422 286 460 haec
316 422 458 460 habeat
488 421 606 467 domi,
631 423 771 460 Verres
799 422 1040 461 ornamentis
1070 423 1248 460 fanorum
1269 430 1387 472 atque
1409 424 1515 474 oppi-

188 487 328 524 dorum
361 486 502 524 habeat
541 487 697 536 plenam
738 488 913 534 domum,
955 486 1064 524 villas
1104 488 1270 525 refertas.
1331 487 1514 527 Etiamne

187 551 302 589 huius
329 550 478 601 operari
508 551 636 589 studia
664 565 709 589 ac
737 551 907 597 delicias,
932 551 1091 598 iudices,
1116 551 1344 602 perferetis?
1374 552 1439 602 qui
1462 552 1514 591 ita

186 623 310 661 natus,
342 615 395 653 ita
428 617 616 654 educatus
651 624 719 662 est,
746 616 798 654 ita
828 618 951 654 factus
982 624 1020 655 et
1050 617 1182 656 animo
1211 625 1249 655 et
1278 630 1440 667 corpore
1470 626 1512 656 ut

186 681 309 718 multo
339 680 553 730 appositior
579 681 629 718 ad
662 682 821 719 serenda
843 695 961 731 quam
990 683 1040 720 ad
1062 683 1274 720 auferenda
1295 682 1404 732 signa
1427 697 1511 721 esse

184 744 370 783 videatur.
430 747 561 795 Atque
582 747 679 783 haec
701 747 861 795 Sappho
888 747 1040 784 sublata
1061 755 1251 797 quantum
1272 747 1510 786 desiderium

184 809 243 847 sui
273 809 478 859 reliquerit,
503 810 580 848 dici
602 811 663 848 vix
690 818 829 860 potest.
891 812 995 849 Nam
1026 825 1116 849 cum
1147 811 1230 862 ipsa
1260 812 1330 850 fuit
1360 813 1510 863 egregie

182 875 294 921 facta,
326 882 408 912 tum
441 875 680 925 epigramma
714 877 909 913 Graecum
940 877 1142 926 pernobile
1178 877 1343 915 incisum
1380 886 1436 916 est
1469 878 1508 917 in

181 939 275 987 basi,
299 941 407 989 quod
437 939 509 978 iste
540 939 714 978 eruditus
745 941 866 978 bomo
896 948 934 978 et
966 942 1191 988 Graeculus,
1216 942 1281 992 qui
1304 944 1400 981 haec
1421 943 1505 982 sub·

180 1004 295 1043 tiliter
315 1004 471 1052 iudicat,
496 1005 562 1055 qui
584 1007 689 1044 solus
711 1005 910 1055 intellegit,
935 1005 965 1043 si
988 1020 1106 1044 unam
1127 1006 1293 1044 litteram
1316 1009 1507 1047 Graecam

180 1069 326 1116 scisset,
358 1078 461 1109 certe
492 1084 571 1109 non
603 1070 831 1109 sustulisset.
892 1072 1011 1109 Nunc
1047 1071 1150 1109 enim
1182 1073 1289 1121 quod
1320 1072 1507 1122 scriptum

179 1143 237 1173 est
259 1134 363 1173 inani
385 1135 424 1173 in
446 1135 528 1174 basi
549 1137 720 1174 declarat
741 1136 836 1186 quid
858 1136 982 1184 fuerit,
1006 1144 1043 1174 et
1064 1135 1104 1174 id
1125 1137 1298 1175 ablatum
1320 1138 1477 1177 indicat.

233 1200 364 1248 Quid?
394 1200 547 1250 signum
564 1200 727 1239 Paeanis
741 1215 787 1239 ex
800 1202 899 1239 aede
913 1201 1122 1251 Aesculapi
1136 1204 1331 1251 praeclare
1346 1204 1503 1250 factum,

177 1278 329 1303 sacrum
350 1278 395 1302 ac
415 1265 648 1315 religiosum,
675 1279 755 1304 non
781 1266 1002 1304 sustulisti?
1047 1268 1155 1315 quod
1184 1280 1322 1306 omnes
1348 1276 1505 1318 propter

176 1329 509 1379 pulchritudinem
541 1329 673 1377 visere,
707 1338 864 1380 propter
895 1331 1123 1381 religionem
1152 1334 1281 1370 colere
1311 1334 1500 1372 solebant.

177 1394 316 1442 Quid?
344 1409 389 1433 ex
409 1396 507 1434 aede
530 1395 661 1434 Liberi
685 1395 937 1434 simulacrum
961 1396 1127 1434 Aristaei
1149 1410 1228 1435 non
1251 1405 1318 1436 tuo
1340 1398 1503 1448 imperio

117 1474 131 1494 2
176 1461 305 1509 palam
334 1461 507 1499 ablatum
530 1463 620 1500 est?
678 1461 820 1510 Quid?
849 1475 895 1499 ex
913 1462 1012 1499 aede
1035 1461 1139 1499 Iovis
1170 1462 1502 1512 religiosissimum

174 1524 424 1563 simulacrum
448 1525 552 1564 Iovis
572 1525 837 1576 Imperatoris,
855 1540 974 1575 quem
991 1526 1129 1564 Graeci
1144 1526 1266 1565 Vrion
1282 1527 1498 1575 nominant,

173 1589 431 1638 pulcherrime
448 1591 593 1628 factum
608 1604 741 1629 nonne
756 1590 976 1628 abstulisti?
1005 1591 1138 1639 Quid?
1161 1605 1207 1629 ex
1223 1593 1321 1630 aede
1337 1593 1502 1632 Liberae

175 1656 358 1704 agninum
380 1663 496 1704 caput
524 1654 619 1692 illud
649 1653 967 1703 pulcherrimum,
989 1655 1098 1703 quod
1119 1654 1241 1694 visere
1266 1656 1499 1704 solebamus,

175 1737 268 1760 num
290 1721 476 1760 dubitasti
498 1723 662 1759 tollere?
718 1723 850 1770 Atque
872 1719 936 1757 ille
958 1721 1087 1757 Paean
1109 1719 1305 1757 sacrificiis
1326 1720 1499 1759 anniver-

141 1799 152 1806 ·
174 1788 280 1826 sariis
298 1787 412 1825 simul
433 1800 523 1825 cum
541 1786 779 1836 Aesculapio
796 1787 902 1835 apud
925 1785 1009 1822 illos
1027 1785 1228 1822 colebatur
1245 1799 1255 1831 3
1284 1784 1495 1833 Aristaeus,

172 1853 237 1903 qui
256 1851 317 1905 [ut
339 1852 477 1890 Graeci
499 1854 636 1899 ferunt,
657 1851 786 1890 Liberi
808 1849 928 1902 filius]
950 1850 1129 1888 inventor
1145 1850 1218 1887 olei
1237 1864 1320 1889 esse
1342 1850 1493 1898 dicitur,

170 1932 247 1956 una
286 1931 375 1956 cum
416 1917 559 1955 Libero
592 1924 699 1966 patre
731 1917 837 1966 apud
870 1916 954 1953 illos
990 1917 1130 1953 eodem
1167 1922 1246 1952 erat
1273 1915 1312 1952 in
1348 1918 1495 1966 templo

213 2032 231 2059 4
259 2032 346 2052 orna
341 2021 514 2050 ntntis5
542 2025 772 2050 ornamentum
799 2019 882 2050 RS:
915 2023 1188 2048 ornamentorum
1207 2019 1307 2049 Istam
1458 2030 1493 2058 14

171 2075 237 2094 non
254 2062 355 2097 codd„
368 2061 426 2093 del.
441 2061 608 2098 Garssatonz
621 2060 719 2097 Nolzl
733 2060 965 2090 Luteybasluw:
990 2071 1055 2091 una
1066 2059 1226 2100 HerQelms
1245 2059 1314 2090 edd.
1337 2059 1400 2096 (Cl
1414 2059 1493 2091 Rev

171 2108 260 2137 xviii.
281 2117 357 2147 211)
464 2105 659 2142 inscriptum
676 2105 714 2133 πδ
732 2106 764 2143 χξ
784 2113 841 2142 103
854 2105 969 2143 supra)
1060 2115 1097 2134 21
1116 2105 1208 2135 urion
1220 2084 1273 2133 yS:
1297 2104 1401 2133 uriom
1416 2113 1491 2134 corn

172 2151 265 2180 urion
284 2150 317 2180 R
415 2158 521 2186 22-24
539 2147 627 2177 Ouid
642 2149 678 2178 ἶ.
723 2147 868 2178 ‚tollere
885 2147 941 2177 dcl
962 2146 1094 2176 Ernesti
1184 2157 1225 2176 22
1245 2147 1356 2177 Liberi
1378 2152 1401 2186 p
1417 2151 1445 2176 et
1461 2157 1494 2176 m

171 2205 235 2234 mg.
254 2194 288 2224 D
378 2204 417 2231 23
443 2193 600 2231 agninum
614 2193 745 2231 sctt'psz':
763 2193 914 2230 parinum
928 2191 1191 2230 codd.('paruu1n
1207 2190 1495 2229 G‚et1nng):

170 2237 346 2277 porcinum
373 2237 530 2276 Geomes:
561 2236 713 2275 aprinum
740 2235 932 2275 Sclzlengct:
963 2235 1118 2273 porinum
1145 2234 1308 2273 (πώριιον)
1327 2234 1492 2265 Fib‘lmcr:

171 2281 347 2319 puerinum
360 2261 511 2310 thlzt'm:
538 2279 698 2308 Paninum
711 2278 817 2308 Halm
979 2289 1018 2316 34
1045 2288 1122 2307 num
1135 2277 1181 2308 ed.
1199 2277 1297 2309 Asc.:
1324 2287 1390 2307 non
1409 2276 1493 2307 RS-

171 2335 233 2354 om.
256 2325 272 2353 δ
403 2324 444 2353 26
470 2328 503 2352 ut
523 2323 644 2352 Graeci
663 2322 784 2361 ferunt,
807 2321 919 2352 Liberi
937 2321 1023 2351 filius
1041 2321 1098 2352 dcl.
1118 2320 1250 2350 Ernesti
1345 2363 1407 2394 24*

1542 124 1600 155 126

1534 763 1593 799 127

1526 1408 1586 1438 128
