1715 2734
77 829 113 850 10

74 1150 109 1182 15

16 1490 17 1493 ,
74 1475 90 1497 2
95 1475 116 1497 0

74 1798 112 1829 25

133 124 400 162 ACTIONIS
424 124 482 161 IN
506 123 550 161 c.
574 123 814 160 VERREM
837 123 1134 160 SECVNDAE
1157 124 1259 160 ΜΒ.
1285 124 1349 160 111
1404 131 1457 169 95
1478 137 1538 158 222

133 233 257 272 mnari
273 233 406 283 possit.
453 234 652 281 Quantam
671 232 776 270 enim
794 232 958 282 quisque
975 231 1218 281 concupierit
1234 231 1454 281 pecuniam,

132 306 280 336 tantam
302 297 435 336 licebit
464 311 533 347 per
559 298 680 335 cellae
709 310 855 335 nomen
880 296 1162 334 aestimationis
1185 296 1456 346 magnitudine

132 371 403 412 consequatur.

186 431 238 466 At
259 429 363 466 enirn
385 434 442 465 est
464 427 653 477 quiddam
676 428 795 477 quod,
820 427 969 465 etiamsi
991 428 1119 476 palam
1142 426 1180 464 in
1202 428 1456 465 defendendo

132 506 212 531 non
234 492 338 531 dicet
361 492 606 538 Hortensius,
631 500 762 530 tamen
784 492 836 530 ita
863 493 967 530 dicet
998 500 1039 530 ut
1060 505 1128 529 vos
1151 491 1189 530 id
1212 492 1398 541 suspicari
1421 499 1458 530 et

132 557 300 606 cogitare
324 557 491 607 possitis,
523 556 716 606 pertinere
746 558 822 594 hoc
849 558 899 595 ad
927 558 1182 595 commodum
1205 556 1456 603 senatorium,

132 621 324 671 pertinere
343 622 394 659 ad
411 621 617 659 utilitatem
640 634 775 659 eorum
798 621 864 670 qui
887 621 1070 666 iudicent,
1099 620 1166 670 qui
1188 620 1226 658 in
1249 620 1459 670 provinciis

131 700 221 724 cum
243 694 436 736 potestate
456 693 522 724 aut
543 699 633 723 cum
656 686 849 735 legatione
874 699 914 724 se
943 687 1093 723 futuros
1122 686 1337 734 aliquando
1363 686 1460 724 arbi-

132 759 289 789 trentur.
361 752 583 789 Praeclaros
622 764 713 788 vero
752 751 948 789 existimas
995 751 1144 789 iudices
1187 764 1259 788 nos
1303 751 1458 797 habere,

132 825 231 861 quos
264 812 400 850 alienis
432 812 602 862 peccatis
641 825 898 850 concessuros
933 820 1046 862 putes
1079 826 1158 862 quo
1188 812 1338 850 facilius
1366 812 1460 862 ipsis

132 890 293 927 peccare
307 877 431 915 liceat.
484 880 587 927 Ergo
602 877 641 915 id
658 879 839 915 volumus
855 879 1046 928 populum
1063 879 1302 924 Romanum,
1319 877 1357 915 id
1376 891 1459 927 pro-

132 942 288 989 vincias,
311 942 350 980 id
372 942 500 980 socios
521 942 779 992 nationesque
800 951 948 981 exteras
969 943 1199 989 existimare,
1217 943 1247 980 si
1261 950 1459 981 senatores

132 1007 318 1053 iudicent,
342 1009 418 1045 hoc
439 1015 543 1045 certe
565 1021 687 1045 unum
708 1022 832 1057 genus
854 1008 1028 1046 infinitae
1059 1008 1251 1058 pecuniae
1271 1022 1339 1058 per
1359 1021 1459 1046 sum-

133 1085 237 1109 mam
278 1071 458 1109 iniuriam
499 1073 701 1121 cogendae
739 1074 848 1110 nullo
884 1074 1004 1110 modo
1043 1086 1159 1122 posse
1198 1073 1460 1122 reprehendi?

134 1137 254 1185 Quod
269 1136 299 1174 si
320 1136 373 1174 ita
388 1144 457 1183 est,
473 1137 567 1186 quid
585 1150 793 1187 possumus
810 1145 946 1176 contra
962 1137 1070 1175 illum
1092 1145 1309 1188 praetorem
1330 1137 1460 1176 dicere

132 1201 199 1250 qui
229 1201 374 1239 cotidie
403 1203 593 1251 templum
619 1210 736 1249 tenet,
760 1202 826 1252 qui
852 1216 931 1240 rem
958 1202 1156 1252 publicam
1184 1202 1318 1241 sistere
1345 1211 1460 1252 negat

133 1279 248 1315 posse
264 1265 335 1303 nisi
350 1267 401 1304 ad
417 1274 638 1315 equestrem
660 1266 838 1305 ordinem
856 1266 1001 1305 iudicia
1015 1268 1256 1305 referantur?
1304 1267 1459 1316 Quodsi
1481 1281 1543 1312 2²4

132 1330 196 1368 ille
217 1332 292 1368 hoc
314 1344 436 1368 unum
457 1330 601 1380 agitare
624 1331 807 1381 coeperit,
827 1345 911 1369 esse
931 1331 1093 1381 aliquod
1114 1345 1237 1381 genus
1258 1333 1460 1381 cogendae

134 1395 324 1444 pecuniae
358 1395 596 1433 senatorium
637 1409 849 1434 commune
887 1404 925 1434 et
959 1395 1035 1434 iam
1071 1409 1192 1446 prope
1227 1410 1458 1435 concessum

134 1460 272 1507 ordini,
296 1474 375 1509 quo
403 1473 545 1510 genere
569 1461 619 1498 ab
644 1460 759 1499 sociis
784 1461 953 1498 maxima
980 1461 1147 1511 pecunia
1177 1475 1244 1511 per
1264 1475 1459 1500 summam

133 1524 312 1562 iniuriam
344 1526 549 1572 auferatur,
582 1538 711 1574 neque
742 1525 781 1563 id
812 1527 892 1563 ullo
922 1527 1043 1563 modo
1074 1526 1276 1563 senatoriis
1306 1525 1459 1564 iudiciis

132 1589 363 1639 reprehendi
388 1603 514 1639 posse,
538 1590 671 1639 idque,
692 1592 787 1628 dum
813 1598 993 1639 equester
1020 1591 1117 1628 ordo
1139 1590 1326 1636 iudicarit,
1351 1604 1461 1628 num-

132 1668 249 1704 quam
266 1668 351 1692 esse
371 1655 638 1701 commissum,
658 1655 745 1704 quis
767 1655 961 1693 obsistet?
991 1655 1078 1704 quis
1100 1655 1169 1692 erit
1191 1663 1270 1692 tam
1292 1656 1459 1704 cupidus

132 1719 259 1766 vestri,
280 1728 359 1756 tam
380 1721 507 1757 fautor
526 1719 686 1766 ordinis,
710 1719 776 1768 qui
798 1720 848 1757 de
869 1719 1145 1757 transferendis
1166 1719 1319 1757 iudiciis
1336 1721 1459 1770 possit

132 1798 308 1822 recusare
323 1786 339 1822 ?

184 1852 317 1899 Atque
347 1849 496 1887 utinam
531 1857 663 1899 posset
694 1849 825 1899 aliqua
864 1850 1013 1888 ratione
1043 1851 1119 1887 hoc
1146 1849 1293 1888 crimen
1325 1864 1456 1899 quam·
1479 1859 1530 1897 97

130 1914 186 1952 vis
216 1916 320 1961 falsa„
344 1916 465 1952 modo
495 1915 668 1952 humana
705 1922 823 1964 atque
860 1915 1001 1952 usitata
1032 1916 1267 1953 defendere:
1307 1915 1458 1954 minore

130 1979 303 2030 periculo
341 1987 480 2026 vestro,
525 1979 675 2017 minore
722 1979 896 2029 periculo
943 1979 1229 2029 provinciarum
1279 1981 1456 2018 omnium

1477 396 1534 442 96

1480 463 1540 494 223

174 2093 193 2122 5
212 2095 277 2114 non
296 2084 385 2114 dicet
407 2083 456 2114 V:
482 2093 549 2113 non
567 2083 684 2122 dieitp
702 2082 767 2114 rell.
780 2087 911 2122 praescr
930 2083 960 2113 O
983 2084 1064 2123 (non
1084 2083 1188 2123 dicat)
1357 2084 1377 2113 8
1402 2089 1457 2114 aut

131 2138 205 2157 cum
223 2128 287 2165 leg.
304 2132 328 2166 p
346 2127 412 2157 rell.
433 2138 439 2156 :
463 2132 520 2157 aut
539 2131 655 2165 ratque
675 2126 720 2163 O)
739 2126 803 2165 leg.
829 2126 888 2156 VO
1061 2138 1082 2166 9
1106 2137 1186 2156 vero
1209 2126 1283 2156 l'cO
1302 2138 1308 2156 :
1333 2127 1458 2166 virosp

132 2171 197 2202 rell.
293 2181 331 2200 12
357 2171 389 2200 id
408 2181 472 2200 om.
498 2170 529 2199 V
624 2170 661 2198 16
686 2169 860 2200 sb’sistere
877 2170 925 2200 cO
1029 2181 1064 2209 17
1091 2170 1154 2200 nisi
1177 2170 1274 2199 VcO:
1301 2170 1369 2209 nip
1387 2170 1453 2201 rell.

136 2224 173 2253 19
197 2214 402 2244 senatorium
425 2214 485 2244 VO
505 2225 511 2244 ε
536 2218 726 2243 senatorum
738 2218 763 2252 p
781 2213 845 2244 rell.
939 2218 995 2244 aut
1006 2219 1041 2253 p,
1056 2224 1134 2244 corr.
1157 2217 1190 2242 et
1207 2214 1272 2243 iam
1285 2213 1327 2251 p²
1417 2223 1453 2242 21

130 2258 303 2288 auferatur
324 2257 381 2296 Vp
400 2257 464 2288 rell.
486 2269 492 2287 ς
516 2261 687 2286 avertatur
704 2267 719 2285 c
735 2256 775 2292 ¹3)
795 2256 927 2292 Lamh.¹
948 2261 1145 2287 avertantur
1164 2256 1193 2286 O
1213 2258 1244 2294 (ζ-
1264 2257 1319 2285 18[
1340 2257 1455 2297 supra)

132 2301 162 2331 id
181 2301 247 2331 ullo
265 2301 311 2331 cO
328 2312 334 2331 :
359 2300 427 2330 ullo
448 2300 484 2339 V,
506 2304 541 2330 ut
556 2299 702 2329 videtur:
728 2299 844 2338 illudp
861 2300 926 2331 rell.
1059 2311 1099 2330 22
1125 2300 1277 2329 iudicarit
1297 2299 1345 2330 O:
1372 2300 1457 2330 iudi-

132 2344 219 2374 cauit
241 2344 290 2374 V:
316 2345 514 2384 iudiearetp
531 2343 619 2382 vulg.
712 2353 752 2380 24
778 2347 926 2373 vestrum
944 2343 991 2374 cO
1079 2342 1328 2374 transferundis
1348 2342 1378 2372 O

175 2408 236 2428 erc.
256 2408 333 2429 van.
1328 2397 1369 2426 20
