1715 2734
169 78 435 117 ACTIONIS
467 79 527 115 IN
558 78 601 117 C.
626 80 868 116 VERREM
898 80 1196 118 SECVNDAE
1228 81 1330 117 LIB.
1356 81 1397 116 ΙΙ
1443 88 1491 126 27
1511 83 1552 125 67

167 190 275 238 quod
296 196 354 227 est
374 196 506 227 tamen
527 196 673 236 actum,
693 197 735 227 ut
756 191 854 228 haec
877 189 1066 227 Heraclio
1084 189 1252 239 pecunia
1269 189 1488 239 eriperetur,

165 267 215 291 an
254 253 372 292 etiam
411 253 518 300 illud,
551 254 591 291 in
630 267 710 303 quo
744 256 890 303 praeda
921 262 1001 292 erat
1040 253 1219 300 maxima,
1255 261 1296 291 ut
1331 254 1492 292 nomine

165 317 399 356 iudiciorum
437 317 616 356 omnium
656 318 762 356 bona
799 326 918 368 atque
952 320 1130 356 fortunae
1160 318 1200 355 in
1231 317 1341 356 istius
1377 318 1491 356 unius

164 390 295 421 essent
314 390 548 433 potestatem
563 384 580 420 ?

125 458 146 494 5
219 449 304 485 Iam
343 461 434 486 vero
468 447 508 486 in
539 461 666 486 rerum
698 448 924 498 capitalium
959 448 1255 498 quaestionibus
1289 447 1386 497 quid
1418 461 1490 497 ego

163 525 282 550 unam
325 526 525 563 quamque
570 527 652 551 rem
696 514 877 563 colligam
916 522 954 552 et
993 515 1185 552 causam?
1260 515 1318 551 Ex
1357 513 1489 551 multis

162 576 354 616 similibus
393 591 439 616 ea
478 591 630 616 sumam
670 592 771 628 quae
810 578 979 616 maxime
1017 578 1268 628 improbitate
1302 580 1490 617 excellere

163 641 410 680 videbuntur.
470 644 634 692 Sopater
660 643 823 692 quidam
851 643 922 680 fuit
949 642 1209 692 Halicyensis,
1233 643 1356 680 homo
1379 642 1491 680 domi

162 720 255 745 suae
283 721 374 745 cum
403 707 538 757 primis
568 709 743 757 locuples
772 716 892 758 atque
923 710 1138 755 honestusg
1182 708 1212 745 is
1241 708 1292 746 ab
1321 707 1490 746 inimicis

106 783 143 806 10
161 772 240 809 suis
282 773 387 822 apud
431 774 475 811 C.
518 774 770 811 Sacerdotem
820 781 1039 823 praetorem
1086 773 1139 811 rei
1184 772 1360 822 capitalis
1398 786 1489 811 cum

160 844 366 874 accusatus
388 844 499 883 esset,
523 836 637 875 facile
658 850 706 875 eo
727 837 875 876 iudicio
895 845 952 876 est
973 837 1169 875 liberatus.
1230 837 1339 875 Huic
1359 837 1489 876 eidem

161 902 327 951 Sopatro
365 901 472 939 idem
510 901 658 939 inimici
698 903 749 940 ad
789 903 833 941 C.
875 903 1049 948 Verrem,
1087 916 1177 940 cum
1217 901 1248 939 is
1288 902 1489 940 Sacerdoti

161 965 423 1012 successisset,
447 966 624 1004 eiusdem
655 966 707 1005 rei
739 980 886 1005 nomen
916 968 1150 1005 detulerunt.
1212 968 1291 1004 Res
1323 968 1489 1017 Sopatro

160 1030 282 1068 facilis
308 1030 524 1077 videbatur,
548 1038 586 1069 et
610 1033 719 1081 quod
746 1039 827 1069 erat
854 1031 1044 1070 innocens
1069 1039 1107 1070 et
1133 1033 1243 1081 quod
1267 1032 1488 1070 Sacerdotis

103 1106 139 1137 15
160 1095 349 1134 iudicium
372 1095 594 1145 improbare
615 1096 733 1134 istum
753 1110 939 1134 ausurum
962 1110 1042 1135 non
1056 1097 1324 1135 arbitrabatur.
1386 1097 1488 1136 Cita—

160 1168 220 1198 tur
251 1174 366 1207 reus,
410 1174 528 1198 causa
559 1160 684 1211 agitur
715 1161 941 1211 Syracusis:
984 1161 1149 1199 crimina
1187 1169 1400 1199 tractantur
1436 1163 1488 1201 ab

158 1233 385 1263 accusatore
423 1239 469 1264 ea
507 1239 608 1275 quae
647 1234 755 1264 erant
793 1234 909 1264 antea
947 1238 1027 1263 non
1076 1227 1203 1264 solum
1243 1226 1483 1274 defensione,

158 1303 292 1329 verum
313 1290 431 1328 etiam
451 1290 598 1329 iudicio
619 1291 847 1354 dissoluta&
880 1292 1051 1330 Causam
1073 1290 1226 1341 Sopatri
1247 1292 1486 1330 defendebat
1506 1299 1547 1342 69

159 1356 208 1404 Q.
242 1355 453 1403 Minucius,
485 1369 606 1405 eques
637 1352 844 1394 Romanus
873 1355 914 1393 in
943 1355 1078 1406 primis
1108 1355 1339 1405 splendidus
1367 1364 1486 1407 atque

101 1436 138 1458 20
158 1423 357 1470 honestus,
394 1422 595 1472 vobisque,
632 1422 793 1470 iudices,
836 1436 916 1461 non
955 1422 1121 1472 ignotus.
1182 1422 1291 1460 Nihil
1331 1430 1411 1460 erat
1445 1423 1484 1460 in

157 1500 274 1525 causa
313 1489 421 1538 quod
461 1489 721 1527 metuendum
761 1496 828 1526 aut
868 1487 1032 1526 omnino
1072 1489 1180 1537 quod
1220 1487 1484 1526 dubitandum

156 1552 360 1591 videretur.
422 1554 577 1591 Interea
607 1553 716 1592 istius
742 1554 903 1592 libertus
929 1561 967 1591 et
987 1566 1176 1591 accensus
1197 1552 1481 1601 Timarchides,

155 1617 222 1667 qui
243 1625 310 1664 est,
334 1618 374 1656 id
395 1619 503 1668 quod
525 1631 571 1656 ex
591 1618 767 1667 plurimis
785 1618 950 1656 testibus
968 1609 1094 1667 priore
1110 1617 1265 1655 actione
1279 1617 1481 1665 didicistis,

154 1695 282 1720 rerum
312 1682 475 1721 huiusce
505 1682 613 1721 modi
643 1683 821 1721 omnium
853 1690 1068 1720 transactor
1097 1690 1134 1720 et
1163 1682 1403 1729 administer,
1430 1684 1482 1721 ad

97 1760 134 1792 25
155 1748 363 1797 Sopatrum
392 1747 524 1796 venio,
552 1755 688 1786 monet
718 1747 921 1786 hominem
951 1761 1002 1786 ne
1031 1747 1147 1784 nimis
1177 1746 1322 1785 iudicio
1353 1749 1483 1786 Sacer-

153 1812 256 1850 dotis
277 1820 315 1850 et
336 1826 476 1850 causae
497 1826 590 1851 suae
611 1814 784 1851 confidat
799 1820 1086 1861 ;,›accusatores
1117 1811 1377 1861 inimicosque
1398 1812 1480 1851 eius

152 1877 297 1915 habere
317 1877 355 1914 in
376 1877 510 1916 animo
536 1878 744 1927 pecuniam
767 1865 934 1928 praetori
959 1879 1076 1923 dare3
1107 1884 1324 1927 praetorem
1347 1884 1479 1916 tamen

151 1942 203 1979 ob
234 1943 398 1980 salutem
429 1944 544 1980 malle
573 1943 760 1993 accipere,
794 1951 831 1981 et
862 1943 977 1981 simul
1008 1944 1135 1988 malle,
1162 1942 1191 1979 si
1223 1943 1302 1979 fieri
1333 1950 1475 1991 posset,

152 2020 232 2044 rem
258 2007 470 2045 iudicatam
498 2021 578 2046 non
605 2008 843 2059 rescindere,
868 2048 871 2050 ,
897 2009 1070 2058 Sopater,
1100 2021 1190 2045 cum
1222 2008 1297 2044 hoc
1327 2006 1380 2044 illi
1410 2007 1478 2045 im-

92 2084 131 2114 30
150 2071 348 2120 provisum
378 2080 495 2122 atque
526 2073 772 2122 inopinatum
803 2061 1021 2119 accidisset,
1046 2080 1269 2111 commotus
1299 2079 1356 2109 est
1383 2085 1476 2111 sane

150 2149 279 2185 neque
307 2136 347 2174 in
381 2137 599 2186 praesentia
632 2137 874 2175 Timarchidi
909 2138 1006 2187 quid
1037 2139 1290 2187 responderet
1325 2136 1472 2185 habuit,

1511 420 1561 456 28

1510 481 1557 511 68.

193 2250 210 2277 4
236 2243 436 2278 potestatem
450 2239 515 2269 cO:
542 2245 709 2279 potestate
727 2240 791 2271 rell.
809 2241 900 2281 (Div.
915 2244 930 2278 ξ
945 2243 987 2272 66
1003 2253 1009 2272 :
1034 2253 1063 2279 v,
1080 2243 1095 2278 ξ
1114 2241 1170 2280 98)
1233 2241 1253 2270 8
1267 2239 1473 2279 halyciensis

152 2281 219 2322 qu
352 2293 392 2312 ‘22
416 2283 646 2313 Timarchides
664 2283 704 2313 Οι
722 2295 729 2314 2
755 2284 843 2314 idem
861 2284 1093 2314 Timarchides
1105 2282 1150 2323 pl)
1168 2283 1230 2314 rell.
1366 2284 1407 2313 28
1431 2284 1473 2313 ob

148 2327 289 2356 salutem
302 2327 368 2365 qu
386 2338 392 2356 ι
416 2336 435 2356 a
451 2326 558 2356 salute
574 2326 633 2356 εί)1

191 2396 254 2416 Cic.
281 2396 356 2418 VER.
1345 2389 1385 2418 10
