1715 2734
161 64 214 103 32
233 62 273 92 81
613 59 671 95 Μ.
701 59 872 97 TVLLI
901 59 1209 98 CICERONIS

169 570 210 601 82

151 1781 203 1818 33

163 1833 203 1871 83

232 166 320 214 mis,
348 180 465 218 porro
496 175 630 206 autem
651 168 789 218 populi
810 169 984 207 Romani
1005 170 1242 209 condicione
1264 171 1391 218 sociis,
1414 173 1570 211 fortuna

231 233 362 281 servis,
395 235 597 272 voluntate
632 233 901 284 supplicibus:
937 242 978 272 ut
1009 235 1259 285 perspicuum
1292 236 1341 274 sit
1370 237 1567 284 omnibus,

231 299 305 336 nisi
343 307 451 337 tanta
488 299 681 337 acerbitas
720 299 898 347 iniuriae,
928 307 1036 338 tanta
1073 300 1130 338 vis
1169 301 1323 339 sceleris
1363 301 1497 339 fuisset
1527 310 1569 339 ut

232 364 494 414 Lampsaceni
515 364 763 402 moriendum
787 364 861 402 sibi
888 364 1018 414 potius
1039 378 1158 414 quam
1180 366 1480 416 perpetiendum
1502 380 1570 416 pu-

230 437 368 477 tarent,
390 443 610 479 numquam
641 429 728 467 illos
751 429 791 467 in
810 443 901 468 eum
924 431 1055 468 locum
1076 444 1347 481 progressuros
1378 431 1497 469 fuisse
1527 439 1569 469 ut
1589 449 1605 478 5

230 495 504 534 vehementius
524 495 619 533 odio
640 494 814 533 libidinis
837 502 926 533 tuae
948 508 1065 545 quam
1088 496 1293 546 legationis
1315 505 1421 534 metu
1439 510 1568 535 move-

232 570 373 600 rentur.
434 561 580 608 Nolite,
613 575 682 612 per
716 563 814 600 deos
849 561 1089 609 immortalis,
1118 576 1257 612 cogere
1291 563 1419 601 socios
1449 571 1568 612 atque

231 634 380 665 exteras
410 627 590 665 nationes
621 628 697 665 hoc
725 627 781 665 uti
811 626 998 677 perfugio,
1029 640 1120 677 quo,
1150 627 1223 665 nisi
1251 641 1320 665 vos
1347 628 1564 676 vindicatis,

230 700 389 730 utentur
409 692 631 730 necessario
651 695 657 730 ἔ
717 694 1010 742 Lampsacenos
1040 692 1079 730 in
1110 692 1227 730 istum
1249 706 1467 742 numquam
1489 694 1567 731 ulla

229 771 289 796 res
329 757 543 807 mitigasset
582 757 656 795 nisi
706 771 797 795 eum
837 770 986 807 poenas
1036 758 1190 795 Romae
1230 759 1413 795 daturum
1446 758 1567 796 credi·
1591 772 1629 793 10

228 822 402 860 dissent:
433 822 504 860 etsi
539 824 657 860 talem
692 830 927 871 acceperant
962 821 1156 869 iniuriam,
1187 835 1305 871 quarn
1342 824 1449 860 nulla
1482 825 1567 873 lege

228 888 320 926 satis
342 887 459 938 digne
481 887 662 938 persequi
684 895 859 937 possent,
879 895 1012 925 tamen
1043 887 1300 925 incommoda
1325 901 1395 926 sua
1424 888 1566 927 nostris

227 952 474 991 committere
504 953 655 1003 legibus
686 960 724 991 et
751 952 905 990 iudiciis
940 966 1058 1002 quam
1080 952 1206 991 dolori
1240 966 1312 991 suo
1343 954 1568 1003 permittere

228 1019 459 1056 maluerunt.
519 1020 582 1056 Tu
604 1017 711 1064 mihi,
738 1031 828 1056 cum
854 1017 1134 1055 circumsessus
1154 1030 1177 1055 a
1205 1025 1285 1055 tam
1306 1017 1458 1056 inlustri
1478 1018 1567 1057 civi-

227 1089 306 1120 tate
326 1082 377 1121 sis
398 1091 556 1133 propter
590 1090 702 1120 tuum
735 1084 862 1120 scelus
891 1090 1010 1131 atque
1037 1082 1238 1131 flagitium,
1268 1095 1358 1120 cum
1392 1083 1566 1133 coegeris
1591 1099 1625 1130 15

226 1147 408 1186 homines
430 1147 592 1185 miseros
614 1155 652 1185 et
673 1146 924 1185 calamitosos
946 1146 1057 1196 quasi
1078 1146 1293 1196 desperatis
1315 1147 1456 1185 nostris
1477 1148 1566 1197 legi-

227 1213 300 1251 bus
317 1220 354 1251 et
375 1212 529 1251 iudiciis
550 1214 601 1251 ad
617 1212 707 1260 vim,
726 1213 778 1250 ad
800 1226 951 1258 manus
975 1213 1026 1250 ad
1046 1225 1154 1250 arma
1174 1213 1398 1262 confugere,
1413 1227 1505 1251 curn
1527 1221 1565 1251 te

226 1277 265 1315 in
304 1277 461 1328 oppidis
501 1285 539 1316 et
578 1277 802 1316 civitatibus
841 1276 1059 1315 amicorum
1098 1290 1179 1314 non
1219 1278 1389 1326 legatum
1429 1278 1563 1328 populi

228 1343 413 1391 Romani,
431 1345 500 1382 sed
523 1351 730 1393 tyrannum
748 1342 1005 1380 libidinosum
1023 1343 1305 1392 crudelemque
1326 1343 1562 1392 praebueris,

225 1422 315 1447 cum
336 1411 443 1459 apud
465 1417 613 1448 exteras
635 1409 815 1447 nationes
844 1408 981 1459 imperi
1003 1408 1255 1458 nominisque
1276 1408 1397 1446 nostri
1419 1410 1564 1446 famam
1587 1424 1626 1446 20

225 1474 300 1512 tuis
328 1474 479 1524 probris
508 1474 742 1524 flagitiisque
769 1473 936 1520 violaris,
963 1487 1053 1512 cum
1082 1482 1120 1512 te
1147 1488 1193 1512 ex
1220 1475 1320 1512 ferro
1347 1474 1564 1512 amicorum

224 1540 361 1590 populi
385 1540 556 1579 Romani
579 1540 764 1590 eripueris
785 1548 905 1590 atque
925 1553 971 1578 ex
989 1541 1147 1577 flamma
1169 1539 1365 1577 sociorum
1387 1540 1562 1587 evolaris,

224 1605 288 1643 hic
322 1605 393 1644 tibi
428 1606 648 1656 perfugium
683 1619 814 1656 speras
848 1607 1051 1643 futurum?
1101 1607 1242 1643 Erras:
1287 1613 1327 1643 ut
1361 1606 1438 1643 huc
1473 1605 1565 1644 inci-

224 1672 347 1718 deres,
377 1685 457 1710 non
494 1679 534 1709 ut
570 1671 632 1709 hic
668 1671 980 1721 conquiesceres,
1010 1670 1063 1708 illi
1096 1679 1134 1708 te
1168 1670 1298 1708 vivum
1329 1670 1432 1708 exire
1462 1671 1563 1720 passi

225 1745 325 1775 sunt.
1585 1748 1624 1779 25

280 1805 329 1841 Et
350 1803 406 1841 ais
427 1803 616 1841 iudicium
640 1817 725 1842 esse
747 1805 893 1842 sactum
915 1811 953 1841 te
975 1802 1114 1840 iniuria
1144 1802 1446 1840 circumsessum
1478 1816 1563 1841 esse

225 1869 446 1918 Lampsaci,
482 1870 590 1918 quod
634 1869 892 1907 Philodamus
933 1881 1023 1906 cum
1065 1867 1146 1905 filio
1180 1868 1470 1905 condemnatus
1501 1867 1559 1905 sit.

225 1934 345 1982 Quid,
365 1934 394 1971 si
416 1935 554 1981 doceo,
571 1934 602 1972 si
624 1936 786 1984 planum
810 1933 910 1971 facio
931 1941 1029 1971 teste
1045 1932 1206 1970 homine
1228 1945 1411 1981 nequam,
1427 1945 1561 1970 verum

223 2000 274 2037 ad
295 2000 397 2037 hanc
418 2013 499 2037 rem
522 2008 653 2038 tamen
677 2000 917 2038 idoneo—te
952 1998 1049 2048 ipso,
1084 1998 1259 2047 inquam,
1286 2005 1385 2035 teste
1405 1999 1562 2036 docebo

224 2071 262 2101 te
302 2065 416 2102 huius
450 2065 785 2103 circumsessionis
816 2072 906 2102 tuae
941 2076 1101 2101 causam
1136 2071 1173 2100 et
1208 2063 1363 2112 culpam
1395 2062 1434 2100 in
1463 2063 1560 2101 alios
1582 2075 1623 2107 30

225 2130 477 2177 transtulisse,
495 2144 624 2180 neque
646 2130 684 2168 in
707 2144 786 2176 eos,
809 2143 909 2179 quos
930 2137 971 2167 tu
994 2128 1250 2174 insimularas,
1282 2141 1366 2166 esse
1386 2128 1561 2167 animad-

269 2244 288 2272 4
315 2234 523 2264 moriendum
550 2234 613 2264 sibi
642 2233 756 2273 potius
783 2232 839 2272 Dp
866 2232 954 2261 rcll.:
979 2241 1058 2262 mor.
1088 2231 1198 2271 potius
1225 2231 1285 2261 sibi
1305 2231 1370 2269 62:
1396 2231 1456 2261 sibi
1477 2241 1558 2262 mor.

227 2282 294 2316 pot.
314 2276 349 2306 K
458 2277 477 2306 8
502 2278 591 2316 quod
608 2276 699 2307 codd.
801 2276 842 2305 26
865 2275 911 2305 At
927 2276 978 2305 ais
996 2274 1108 2306 Muell.
1215 2285 1252 2313 31
1281 2275 1465 2305 contulisse
1483 2275 1558 2305 Asc.

227 2320 440 2350 insimularas
466 2319 520 2360 Dp
537 2321 615 2359 rell„
631 2324 761 2360 praeter
777 2319 831 2358 G‚2
851 2319 1093 2359 (insimulares)
1109 2317 1172 2358 Lg.
1190 2329 1231 2355 42
1252 2318 1373 2360 (mbas)
1391 2330 1398 2348 z
1424 2319 1558 2349 insimu-

228 2365 307 2394 laris
328 2363 396 2394 edd.
417 2364 483 2404 (cl.
502 2364 580 2395 Rev.
598 2364 676 2395 xvii.
694 2363 772 2403 202)
