1715 2734
179 84 446 123 ACTIONIS
470 85 529 122 IN
552 85 597 123 C.
620 85 860 122 VERREM
882 85 1181 123 SECVNDAE
1204 86 1308 122 LIB.
1332 86 1397 122 III
1446 95 1501 131 30
1524 97 1559 130 71

177 195 344 244 emptori
375 197 525 233 lucrum
555 195 647 234 addi
678 198 887 245 oportere?
945 197 1054 242 Esto,
1084 195 1274 244 putabas:
1305 209 1422 245 quarn
1448 196 1500 235 ob

177 273 257 297 rem
280 259 500 310 imperabas
528 267 570 298 ut
597 261 818 298 adderent?
848 259 944 309 quid
964 268 1021 298 est
1047 259 1154 298 aliud
1185 273 1324 309 capere
1348 268 1386 299 et
1410 274 1499 298 con-

175 323 305 362 ciliare
326 324 523 374 pecunias,
547 324 586 362 in
608 338 687 374 quo
709 332 746 363 te
767 326 827 363 lex
849 332 965 371 tenet,
990 324 1020 362 si
1042 325 1118 362 hoc
1139 338 1218 363 non
1240 332 1308 371 est,
1328 324 1363 362 vi
1380 334 1498 375 atque

175 387 339 437 imperio
360 402 498 438 cogere
519 388 661 427 invitos
684 390 833 427 lucrum
856 391 948 428 dare
970 388 1090 435 alteri,
1113 390 1189 426 hoc
1211 396 1268 427 est
1290 390 1497 438 pecuniam

136 454 296 496 5dare?
372 453 479 502 Quid
515 456 628 491 tum?
703 454 892 504 Apronio,
935 453 1085 492 deliciis
1127 453 1327 504 praetoris,
1369 454 1497 492 lucelli
1521 463 1557 495 72

173 517 322 567 aliquid
350 518 443 556 iussi
468 526 558 556 sunt
584 519 686 557 dare.
748 521 931 557 Putatote
953 518 1131 568 Apronio
1152 520 1299 564 datum,
1324 518 1353 556 si
1376 521 1498 568 Apro-

174 583 335 621 nianum
365 585 550 622 lucellum
580 597 625 622 ac
655 598 735 623 non
768 584 958 634 praetoria
990 585 1134 634 praeda
1155 583 1267 622 vobis
1289 583 1494 622 videbitur.

175 649 349 698 Imperas
380 656 421 686 ut
451 649 638 687 decumas
670 649 875 699 accipiant,
910 648 1088 699 Apronio
1122 650 1217 688 dent
1252 649 1346 687 lucri
1382 649 1496 687 tritici

174 712 420 751 medimnum
450 725 600 751 XXXIII.
664 714 773 763 Quid
803 722 861 752 est
891 715 1000 752 hoc?
1055 716 1144 752 Vna
1175 713 1309 752 civitas
1340 728 1386 752 ex
1416 728 1497 752 uno

115 790 153 812 10
171 791 264 827 agro
292 778 418 828 plebis
451 780 656 817 Romanae
687 793 809 829 prope
836 786 1034 817 menstrua
1055 778 1200 817 cibaria
1221 778 1407 829 praetoris
1429 778 1496 816 im—

172 841 279 892 perio
301 843 447 880 donare
469 843 646 893 Apronio
667 843 827 893 cogitur.
890 846 952 881 Tu
983 857 1126 893 magno
1156 845 1343 882 decumas
1364 844 1495 882 vendi-

170 907 272 953 disti,
298 921 387 946 cum
411 916 563 946 tantum
586 909 680 946 lucri
703 910 926 947 decumano
955 908 1002 947 sit
1024 911 1190 947 datum?
1247 911 1441 948 Profecto.
1464 910 1493 947 si

169 972 334 1022 pretium
371 973 604 1023 exquisisses
639 974 844 1024 diligenter
876 982 958 1012 tum
994 988 1084 1012 curn
1117 974 1327 1021 vendebas,
1360 978 1386 1010 ῖς
1418 989 1493 1013 me-

168 1036 348 1075 dimnum
381 1038 511 1088 potius
542 1039 788 1077 addidissent
818 1052 936 1088 quam
969 1040 1039 1077 HS
1063 1041 1115 1076 D-c
1137 1046 1284 1088 postea.
1347 1040 1494 1089 Magna

113 1117 148 1149 15
168 1103 312 1151 praeda
343 1103 517 1141 videtur:
548 1104 681 1142 audite
711 1103 858 1153 reliqua
888 1111 924 1142 et
954 1102 1159 1153 diligenter
1188 1103 1389 1149 attendite,
1414 1118 1493 1154 quo

170 1167 297 1206 minus
328 1169 522 1207 miremini
555 1169 707 1207 Siculos
743 1182 782 1206 re
818 1167 1035 1206 necessaria
1066 1176 1223 1205 coactos
1254 1169 1439 1206 auxilium
1470 1183 1493 1207 a

168 1233 351 1282 patronis,
376 1234 426 1272 ab
457 1234 694 1280 consulibus,
722 1234 773 1271 ab
804 1241 951 1280 senatu,
984 1234 1035 1271 ab
1064 1233 1226 1283 legibus,
1258 1234 1308 1271 ab
1339 1233 1492 1272 iudiciis

168 1298 361 1347 petivisse.
436 1301 487 1337 Vt
527 1300 709 1349 probaret
748 1299 946 1349 Apronius
987 1300 1063 1336 hoc
1103 1297 1272 1336 triticum
1314 1300 1422 1348 quod
1457 1299 1490 1337 ei
1516 1312 1553 1346 73

166 1363 342 1409 dabatur,
367 1363 529 1414 imperat
552 1363 861 1414 Agyrinensibus
882 1365 1022 1402 Verres
1052 1371 1095 1400 ut
1120 1362 1158 1400 in
1190 1362 1391 1401 medimna
1419 1363 1491 1401 sin-

109 1441 147 1461 20
165 1430 255 1478 gula
284 1431 426 1467 dentur
456 1430 632 1479 Apronio
665 1431 745 1467 HS.
808 1428 915 1477 Quid
951 1436 1009 1467 est
1044 1430 1150 1466 hoc?
1182 1436 1291 1466 tanto
1324 1443 1491 1467 numero
1511 1436 1553 1473 31

165 1494 349 1532 frumenti
380 1494 474 1532 lucri
506 1494 666 1533 nomine
697 1494 888 1544 imperato
918 1501 955 1532 et
986 1507 1179 1544 expresso,
1204 1494 1355 1531 nummi
1386 1508 1491 1544 prae-

166 1565 269 1597 terea
298 1559 503 1609 exiguntur
533 1567 574 1597 ut
609 1560 795 1609 probetur
827 1561 1098 1597 frumentum?
1138 1560 1201 1596 An
1231 1567 1383 1609 poterat
1410 1574 1489 1598 non

166 1625 286 1662 modo
317 1624 523 1674 Apronius,
556 1625 626 1663 sed
656 1624 793 1673 quivis,
826 1623 1009 1662 exercitui
1039 1623 1070 1661 si
1101 1623 1345 1662 metiendum
1377 1632 1488 1670 esset,

165 1687 385 1738 improbare
416 1689 590 1727 Siculum
622 1690 874 1735 frumentum,
898 1689 1006 1738 quod
1036 1688 1089 1726 illi
1120 1702 1166 1726 ex
1187 1702 1286 1735 area,
1310 1688 1340 1726 si
1362 1690 1487 1735 vellet,

108 1765 144 1795 25
164 1753 344 1792 admetiri
374 1753 549 1792 licebat?
609 1753 809 1792 Frumenti
841 1761 971 1791 tantus
1004 1767 1189 1792 numerus
1222 1752 1387 1802 imperio
1422 1761 1490 1791 tuo

164 1819 278 1857 datur
307 1826 345 1857 et
375 1818 536 1868 cogitur.
596 1820 689 1857 Non
720 1826 777 1857 est
808 1818 924 1859 satis:
957 1818 1108 1856 nummi
1139 1825 1339 1868 praeterea
1370 1818 1489 1868 impe-

164 1891 305 1921 rantur.
369 1885 532 1921 Dantur.
594 1885 735 1921 Parum
775 1891 844 1921 est.
905 1885 980 1920 Pro
1020 1882 1197 1921 decumis
1239 1882 1376 1921 hordei
1414 1883 1489 1921 alia

163 1948 331 1998 pecunia
365 1947 541 1998 cogitur3
572 1947 683 1986 iubes
718 1949 787 1986 HS
823 1948 910 1985 ἶςῑὶῐ
947 1947 1042 1985 lucri
1078 1947 1170 1986 dari.
1234 1950 1294 1986 Ita
1324 1948 1375 1986 ab
1411 1962 1488 1986 una

207 2062 225 2081 2
250 2057 282 2082 et
300 2062 361 2081 omv
384 2051 413 2081 Ο
433 2052 481 2090 (rf
499 2054 512 2088 ξ
528 2052 583 2090 91)
675 2061 694 2089 5
720 2051 808 2089 Quid
828 2056 896 2082 tum
914 2050 995 2090 Apr.
1015 2051 1064 2081 O:
1090 2061 1153 2090 age
1170 2051 1249 2090 quid
1269 2056 1337 2081 tum
1355 2051 1381 2081 si
1401 2050 1483 2090 Apr.

158 2100 182 2134 p
199 2095 263 2126 rell.
385 2097 405 2126 8
429 2095 511 2125 lucri
531 2093 583 2124 O:
608 2094 732 2124 lucrum
752 2095 817 2125 rell.
939 2105 961 2133 9
986 2095 1187 2125 medimnum
1216 2099 1257 2127 «cl
1277 2097 1329 2133 13)
1348 2094 1484 2126 Hotom.

162 2137 255 2168 alca:
280 2139 425 2168 medium
446 2138 500 2168 O:
525 2138 692 2168 medimna
711 2138 777 2168 rell.
905 2138 968 2168 hoc
986 2143 1035 2167 cst
1056 2138 1086 2168 O
1102 2139 1161 2177 (iv,
1181 2141 1195 2175 ξ
1216 2138 1290 2176 Ι43)
1451 2148 1482 2167 II

163 2181 316 2219 cogitur?
343 2182 456 2213 Mucll.
574 2191 609 2219 17
634 2182 675 2211 ab
693 2181 820 2212 consul.
839 2181 886 2211 cO
904 2193 910 2211 z
935 2182 1059 2212 consul.
1073 2186 1097 2220 j>
1115 2182 1181 2212 rell.
1338 2191 1375 2211 21
1404 2181 1485 2212 lucri

163 2225 296 2255 nomine
315 2226 361 2256 cO
380 2237 385 2255 :
411 2225 443 2254 in
461 2224 523 2255 luc.
545 2235 632 2255 nom.
650 2225 695 2263 ple
838 2235 878 2254 22
903 2225 1085 2263 exiguntur
1103 2225 1145 2257 Ο,
1164 2225 1206 2254 al.
1225 2225 1258 2254 in
1276 2235 1341 2264 mg.
1364 2224 1482 2255 Lamb.

165 2269 246 2306 1584
264 2279 270 2297 :
294 2274 419 2307 -entur,
438 2272 584 2308 -anturp
602 2268 667 2299 rell.
770 2278 812 2307 23
836 2268 1040 2299 metiendum
1059 2268 1107 2298 cO
1125 2279 1130 2297 :
1156 2268 1363 2298 metiundum
1377 2273 1402 2308 p
1419 2268 1483 2300 rell.

162 2321 202 2349 25
226 2312 334 2342 metiri
357 2312 388 2342 O
