1715 2734
150 127 418 166 ACTIONIS
441 128 502 166 IN
523 128 567 167 C.
588 128 829 166 VERREM
851 128 1148 167 SECVNDAE
1171 130 1274 167 LIB.
1300 130 1365 167 III
1421 138 1474 178 70
1498 135 1558 177 164

148 252 268 277 onera
288 253 347 277 res
367 238 526 289 publica
544 238 775 289 imponeret,
795 241 1016 287 solveretur,
1039 240 1110 278 abs
1131 247 1168 278 te
1189 239 1244 278 sic
1264 241 1473 279 laceratam

148 317 233 341 esse
254 304 345 342 dico
364 312 406 342 ut
427 304 575 354 possim
600 304 698 342 illud
719 305 894 354 probare,
918 304 949 342 si
979 304 1109 351 velim,
1130 318 1290 343 omnem
1313 312 1350 343 te
1371 307 1474 344 hanc

145 369 354 418 pecuniam
385 370 549 407 domum
579 377 687 407 tuam
722 370 915 408 avertisse.
976 370 1134 408 Etenim
1167 370 1221 408 sic
1254 372 1357 408 hanc
1391 385 1472 409 rem

146 440 267 471 totam
297 433 576 472 administrasti
606 442 648 472 ut
678 436 754 473 hoc
785 436 893 485 quod
927 434 1018 473 dico
1049 435 1203 485 probari
1233 436 1473 486 aequissimo

108 513 124 543 5
144 498 264 536 iudici
283 498 417 549 possit.
477 501 555 538 Sed
576 514 649 549 ego
670 501 827 538 habebo
851 500 1042 539 rationem
1062 501 1303 539 auctoritatis
1334 515 1445 540 meae
1462 516 1473 549 3

144 564 360 602 meminero
389 578 469 615 quo
507 565 652 612 animo,
685 579 766 615 quo
800 565 965 604 consilio
997 567 1048 604 ad
1080 579 1238 603 causan]
1271 566 1471 616 publicam

141 629 400 677 accesserim;
443 643 524 668 non
562 643 675 680 agam
721 637 851 668 tecum
890 630 1141 676 accusatorie,
1174 630 1270 668 nihil
1310 632 1467 681 fingam,

142 694 238 732 nihil
277 695 462 745 cuiquam
501 695 657 746 probari
700 698 791 734 volo
829 710 892 734 me
930 696 1087 734 dicente
1121 697 1229 745 quod
1264 709 1344 734 non
1378 704 1470 735 ante

142 759 320 799 mihimet
361 760 433 811 ipsi
474 762 683 811 probatum
726 761 784 799 sit.
837 763 883 800 In
915 762 987 799 hac
1017 761 1185 811 pecunia
1213 761 1382 811 publica,
1418 761 1470 800 iu·
1492 765 1554 807 165

85 839 123 861 10
142 825 260 873 dices,
277 827 374 864 haec
390 826 525 865 insunt
538 826 610 865 tria
628 840 771 876 genera
791 827 981 864 furtorum
999 841 1006 864 ε
1036 826 1217 876 primum,
1237 840 1327 864 cum
1342 826 1470 876 posita

141 897 244 928 esset
262 890 431 940 pecunia
456 893 562 941 apud
590 905 654 929 eas
684 890 890 929 societates
920 892 1026 929 unde
1046 898 1127 928 erat
1146 890 1343 937 attributa,
1367 890 1469 929 binis

140 955 363 993 centesimis
394 957 613 994 faeneratus
642 963 714 1003 est,
740 955 886 994 deinde
915 955 1117 1005 permultis
1147 955 1369 994 civitatibus
1398 969 1469 1006 pro

139 1021 336 1058 frumento
356 1020 453 1058 nihil
483 1021 596 1060 solvit
612 1020 787 1067 omnino,
809 1027 1020 1071 postremo,
1044 1020 1075 1059 si
1095 1019 1158 1058 cui
1174 1020 1320 1058 civitati
1341 1021 1466 1068 solvit,

139 1092 291 1123 tantum
337 1086 503 1124 detraxit
541 1093 733 1136 quantum
786 1086 1044 1125 commodum
1092 1085 1175 1132 fuit,
1224 1085 1319 1123 nulli
1358 1087 1467 1136 quod

82 1163 118 1194 15
139 1150 318 1188 debitum
349 1158 407 1189 est
436 1151 618 1189 reddidit.

193 1217 252 1253 Ac
272 1215 443 1266 primum
463 1217 541 1254 hoc
561 1230 607 1254 ex
627 1223 665 1254 te
686 1229 855 1266 quaero:
885 1223 937 1262 tu,
961 1214 1025 1254 cui
1046 1214 1245 1266 publicani
1267 1229 1313 1254 ex
1335 1215 1466 1266 Carpi·
1485 1224 1528 1263 71

136 1280 218 1318 nati
263 1280 399 1319 litteris
438 1280 578 1331 gratias
624 1288 798 1331 egerunt,
839 1280 1009 1331 pecunia
1047 1280 1207 1330 publica
1236 1295 1283 1320 ex
1316 1281 1466 1320 aerario

136 1353 302 1395 erogata,
335 1359 381 1383 ex
414 1345 669 1396 vectigalibus
698 1345 833 1396 populi
866 1345 1038 1384 Romani
1067 1347 1117 1384 ad
1148 1347 1361 1384 emendum
1393 1347 1466 1384 fru-

137 1419 314 1448 mentum
346 1410 541 1457 attributa,
578 1410 745 1449 fueritne
784 1410 854 1449 tibi
884 1410 1078 1460 quaestui,
1109 1411 1363 1460 pensitaritne
1393 1411 1463 1449 tibi

77 1492 118 1513 20
137 1476 249 1514 binas
283 1475 549 1514 centesimas?
604 1477 736 1515 Credo
766 1483 804 1514 te
832 1483 1063 1526 negaturum
1079 1490 1089 1523 3
1123 1476 1245 1526 turpis
1269 1476 1375 1514 enim
1405 1483 1463 1514 est

134 1548 173 1579 et
207 1541 424 1590 periculosa
455 1540 662 1580 confessio.
722 1541 824 1579 Mihi
858 1549 990 1579 autem
1022 1542 1098 1579 hoc
1132 1543 1368 1591 perarduum
1404 1549 1462 1580 est
1486 1548 1547 1580 166

133 1607 411 1644 demonstrare.
473 1606 629 1655 Quibus
675 1606 780 1644 enim
826 1605 1023 1644 testibus?
1063 1606 1314 1655 publicanis?
1369 1608 1462 1644 Tra-

133 1670 225 1708 ctati
246 1670 461 1708 honorifice
482 1677 596 1708 sunt:
628 1671 828 1708 tacebunt.
887 1669 1044 1708 Litteris
1066 1673 1231 1709 eorum?
1290 1672 1461 1709 Decreto

132 1736 443 1774 decumanorum
465 1743 638 1774 remotae
659 1743 762 1774 sunt.
833 1736 925 1783 Quo
947 1749 1009 1773 me
1030 1735 1144 1785 igitur
1164 1738 1341 1774 vertam?
1379 1750 1460 1774 rem

74 1815 111 1846 25
133 1807 211 1838 tam
233 1800 466 1850 improbam,
488 1800 636 1838 crimen
661 1807 792 1838 tantae
815 1799 1004 1838 audaciae
1031 1807 1242 1849 tantaeque
1256 1800 1459 1850 impuden-

132 1865 207 1903 tiae
229 1872 386 1915 propter
415 1865 588 1915 inopiam
617 1865 775 1904 testium
804 1878 850 1903 ac
877 1865 1090 1903 litterarum
1121 1865 1460 1914 praetermittam?

131 1931 225 1967 Non
252 1929 404 1976 faciam,
428 1930 588 1976 iudices,
612 1938 698 1968 utar
723 1931 990 1979 teste—quo?
1048 1932 1088 1967 P.
1112 1929 1246 1968 Vettio
1275 1930 1456 1978 Chilone,

130 1994 291 2033 homine
323 1995 512 2044 equestris
552 1995 699 2033 ordinis
738 1994 1017 2034 honestissimo
1046 2002 1165 2044 atque
1195 1995 1458 2043 ornatissimo,

130 2059 197 2109 qui
217 2059 279 2097 isti
296 2060 348 2097 ita
369 2068 407 2098 et
436 2060 586 2098 amicus
609 2068 647 2098 et
668 2060 909 2098 necessarius
930 2067 989 2098 est
1009 2067 1062 2106 ut,
1079 2059 1231 2113 etiamsi
1254 2060 1308 2097 vir
1330 2060 1457 2099 bonus

70 2140 111 2170 30
130 2137 209 2162 non
230 2132 342 2171 esset,
367 2132 497 2163 tamen
519 2126 627 2174 quod
649 2132 785 2163 contra
805 2124 922 2162 istum
947 2124 1094 2163 diceret
1114 2138 1228 2174 grave
1250 2124 1455 2172 videretur,

129 2188 181 2226 ita
200 2189 257 2227 vir
286 2190 414 2228 bonus
439 2197 496 2228 est
523 2198 575 2235 ut,
592 2190 744 2228 etiamsi
777 2189 1069 2228 inimicissimus
1098 2189 1160 2227 isti
1187 2196 1299 2237 esset,
1323 2197 1456 2229 tamen

127 2253 210 2292 eius
230 2254 457 2293 testimonio
477 2255 582 2294 credi
603 2262 809 2304 oporteret.

170 2355 191 2383 6
208 2358 241 2384 et
252 2364 318 2392 quo
330 2364 422 2385 cons.
438 2353 468 2384 Ο
482 2353 551 2384 edd.
602 2355 621 2384 8
638 2354 714 2384 volo
727 2354 786 2384 cO:
800 2353 933 2393 velimj)
947 2353 1011 2383 rell.
1067 2363 1105 2383 10
1117 2353 1282 2383 fructuum
1299 2353 1329 2383 Ο
1381 2364 1454 2384 cum

128 2407 199 2436 pos.
212 2403 304 2428 esset
321 2398 465 2437 pecunia
482 2398 528 2427 cO
544 2409 550 2427 :
576 2408 649 2428 eam
662 2408 735 2428 curn
750 2407 822 2436 pos.
841 2402 933 2427 esset
944 2403 969 2437 p
986 2396 1050 2427 rell.
1123 2407 1163 2426 22
1181 2397 1366 2436 publicanis
1382 2398 1430 2428 cO
1447 2409 1454 2428 z

128 2441 196 2471 -ani
211 2445 234 2480 p
251 2440 318 2472 rell,
399 2451 441 2480 23
465 2441 586 2472 litteris
603 2440 651 2471 cO
668 2452 674 2471 :
698 2441 829 2471 litterae
843 2446 867 2480 p
884 2441 952 2471 rell.
1035 2450 1077 2479 29
1102 2440 1147 2471 ita
1164 2440 1211 2471 cO
1229 2453 1236 2471 :
1260 2451 1325 2472 om.
1342 2446 1367 2482 p
1384 2441 1451 2472 rell.
