1715 2734
147 80 188 117 15
206 77 247 115 38
575 70 630 107 M.
662 69 830 106 TVLLI
862 67 1171 109 CICERONIS

205 181 339 219 omnia
373 181 456 220 iura
489 180 722 227 Siculorum,
759 193 861 230 quae
895 179 1043 218 habent
1076 193 1099 218 a
1131 186 1271 218 senatu
1305 180 1535 230 populoque

206 248 402 294 Romano,
426 260 476 285 ne
497 246 584 296 quis
605 253 711 284 extra
731 258 845 283 suum
868 246 994 283 forum
1015 244 1286 284 vadimonium
1308 244 1534 294 promittere

205 318 378 361 cogatur.
437 310 580 350 Statuit
607 310 680 349 iste
707 317 749 348 ut
775 317 904 349 arator
930 311 1154 348 decumano
1182 323 1262 359 quo
1283 310 1399 347 vellet
1419 310 1535 348 decu-

207 390 347 415 manus
380 375 651 415 vadimonium
687 375 942 426 promitteret,
974 382 1017 413 ut
1052 375 1115 413 hic
1151 388 1312 425 quoque
1342 374 1532 424 Apronio,

205 454 295 479 cum
326 455 373 479 ex
403 440 601 479 Leontino
631 454 756 490 usque
787 440 1017 490 Lilybaeum
1048 440 1219 490 aliquem
1250 441 1465 486 vadaretur‚
1489 454 1534 478 ex
1555 454 1572 486 5

206 505 355 545 miseris
376 506 593 544 aratoribus
616 504 883 544 calumniandi
905 512 1091 555 quaestus
1112 506 1328 544 accederet.
1389 506 1536 554 Quam-

205 585 325 622 quam
346 572 410 610 illa
431 571 502 610 fuit
522 572 573 610 ad
594 571 833 609 calumniam
859 570 1041 620 singulari
1068 571 1232 609 consilio
1253 578 1405 620 reperta
1424 570 1533 617 ratio,

205 638 314 687 quod
335 637 506 675 edixerat
537 643 578 674 ut
607 643 778 674 aratores
809 636 940 686 iugera
970 636 1166 675 sationum
1194 649 1352 674 suarum
1383 637 1535 685 profite-

205 709 346 739 rentur.
408 703 522 749 Quae
549 714 608 739 res
632 714 723 739 cum
747 702 797 739 ad
827 700 1030 750 pactiones
1055 700 1321 750 iniquissimas
1351 713 1533 749 magnam

205 766 283 804 vim
308 766 455 813 habuit,
480 766 581 804 sicut
611 767 829 810 ostendam,
854 779 984 816 neque
1013 767 1062 804 ad
1093 767 1211 804 ullam
1243 765 1450 804 utilitatem
1481 765 1534 803 rei
1558 781 1596 803 10

206 830 388 881 publicae
418 830 614 880 pertinuit,
639 838 721 869 turn
752 844 844 868 vero
872 832 923 869 ad
953 830 1181 875 calumnias,
1209 830 1248 867 in
1269 843 1366 880 quas
1396 843 1535 868 omnes

145 907 185 940 39
206 895 424 934 inciderent
449 909 549 945 quos
577 897 692 934 vellet
714 895 926 946 Apronius.
984 898 1037 933 Vt
1066 895 1170 934 enim
1202 895 1369 945 quisque
1400 903 1536 933 contra

205 963 450 999 voluntatem
472 961 554 999 eius
576 961 734 1005 dixerat,
759 960 812 998 ita
833 960 871 998 in
894 974 984 999 eum
1011 960 1200 998 iudicium
1222 961 1271 998 de
1293 960 1536 1010 professione

205 1025 380 1075 iugerum
412 1026 694 1076 postulabatur,
726 1026 838 1064 cuius
868 1025 987 1064 iudici
1020 1034 1126 1064 metu
1157 1038 1321 1075 magnus
1350 1039 1373 1063 a
1403 1025 1536 1063 multis

206 1090 390 1129 frumenti
428 1104 615 1129 numerus
653 1092 807 1129 ablatus
856 1104 1100 1140 magnaeque
1145 1090 1337 1141 pecuniae
1375 1098 1535 1129 coactae
1559 1105 1594 1136 ¹5

205 1164 323 1204 sunt,
371 1170 452 1195 non
491 1169 572 1206 quo
616 1156 793 1207 iugerum
836 1169 1044 1194 numerum
1084 1170 1173 1194 vere
1217 1156 1389 1205 profiteri
1434 1164 1536 1194 esset

203 1221 362 1260 difficile
391 1229 458 1260 aut
487 1221 656 1272 amplius
686 1221 803 1260 etiam
834 1221 1017 1271 profiteri,
1041 1221 1137 1271 quid
1165 1221 1270 1259 enim
1299 1221 1338 1259 in
1367 1235 1414 1260 eo
1441 1222 1537 1272 peri-

203 1287 280 1325 culi
309 1301 394 1326 esse
422 1289 584 1337 posset?
614 1288 683 1326 sed
710 1300 828 1325 causa
855 1294 936 1325 erat
964 1286 1081 1325 iudici
1113 1286 1338 1336 postulandi
1361 1289 1468 1337 quod
1490 1301 1536 1326 ex

204 1352 336 1391 edicto
370 1353 568 1402 professus
603 1365 684 1390 non
719 1359 831 1390 esset.
893 1351 1090 1390 Iudicium
1121 1359 1253 1390 autem
1284 1353 1392 1402 quod
1423 1352 1536 1391 fuerit

203 1418 280 1456 isto
301 1426 491 1467 praetore,
513 1417 543 1455 si
565 1431 667 1467 quae
697 1418 839 1456 cohors
869 1425 906 1455 et
928 1417 994 1467 qui
1023 1417 1232 1456 comitatus
1261 1418 1375 1456 fuerit
1401 1418 1535 1456 memi-
1557 1432 1598 1453 20

203 1483 326 1531 nistis,
350 1483 447 1521 scire
468 1482 633 1521 debetis.
694 1483 802 1532 Quid
824 1482 938 1532 igitur
958 1490 1016 1521 est
1037 1484 1146 1532 quod
1168 1497 1213 1521 ex
1234 1483 1308 1521 hac
1330 1482 1534 1533 iniquitate

203 1562 395 1588 novorum
431 1548 651 1587 edictorum
686 1548 857 1598 intellegi
892 1547 1021 1592 velim,
1053 1547 1235 1586 iudices?
1294 1548 1535 1587 Iniuriamne

203 1615 347 1652 factam
382 1613 530 1652 sociis?
573 1621 611 1651 at
650 1613 800 1652 videtis.
865 1613 1152 1651 Auctoritatem
1199 1613 1441 1663 superiorum
1483 1627 1536 1652 re-

204 1678 437 1728 pudiatam?
480 1692 561 1717 non
594 1678 757 1717 audebit
789 1692 941 1729 negare.
1000 1681 1174 1716 Tantum
1206 1679 1427 1728 Apronium
1461 1678 1536 1717 isto

205 1751 383 1794 praetore
399 1743 603 1794 potuisse?
626 1745 859 1782 confiteatur
875 1757 1035 1783 necesse
1057 1752 1126 1783 est.
1177 1745 1255 1783 Sed
1271 1757 1340 1782 vos
1361 1745 1534 1789 fortasse,
1557 1758 1596 1790 ²5

122 1795 137 1820 ¹
206 1810 315 1859 quod
335 1822 404 1848 vos
425 1810 486 1847 lex
506 1817 745 1855 commonet,
769 1808 809 1847 id
830 1809 869 1846 in
892 1811 967 1848 hoc
988 1811 1078 1848 loco
1095 1810 1300 1860 quaeretis,
1321 1823 1415 1847 num
1438 1823 1535 1859 quas

109 1839 185 1889 (40)
206 1888 252 1913 ex
273 1874 381 1913 hisce
401 1875 517 1913 rebus
539 1874 726 1924 pecunias
748 1874 905 1924 ceperit.
967 1876 1134 1914 Docebo
1159 1875 1310 1926 cepisse
1334 1874 1533 1921 maximas,

205 1939 415 1989 omnisque
436 1953 500 1977 eas
529 1939 754 1989 iniquitates
775 1940 825 1978 de
846 1940 990 1989 quibus
1020 1949 1136 1979 antea
1163 1940 1241 1979 dixi
1270 1940 1329 1979 sui
1351 1948 1536 1990 quaestus

204 2018 323 2044 causa
344 2003 594 2043 constituisse
615 2004 779 2051 vincam,
799 2005 829 2043 si
852 2005 957 2055 prius
979 2005 1075 2045 illud
1097 2007 1434 2056 propugnaculum
1457 2019 1536 2055 quo

206 2076 342 2108 contra
362 2068 491 2107 omnis
518 2082 627 2108 meos
653 2069 822 2119 impetus
851 2083 1011 2109 usurum
1039 2084 1080 2110 se
1107 2078 1217 2121 putat
1239 2085 1285 2109 ex
1306 2069 1537 2109 defensione
1557 2083 1596 2114 30

206 2134 289 2173 eius
310 2134 503 2173 deiecero.

138 1660 184 1696 16

141 1729 185 1759 40

250 2249 269 2277 3
294 2249 360 2278 quo
376 2238 446 2269 cO:
471 2239 559 2277 quod
574 2244 598 2279 p
616 2238 680 2270 rell.
837 2249 856 2278 5
882 2249 986 2278 usque
1003 2240 1044 2271 ad
1065 2239 1095 2271 Ο
1296 2250 1334 2270 10
1359 2239 1533 2270 ostendam

208 2293 316 2321 neque
334 2282 381 2312 cO
397 2293 402 2311 ε
429 2283 647 2313 ostendemus
665 2292 727 2313 nec
741 2287 764 2322 j>
782 2282 845 2313 rell.
985 2285 1023 2313 18
1048 2294 1123 2315 csse
1141 2288 1257 2324 posset
1272 2288 1295 2323 s>
1313 2283 1375 2313 rell.
1396 2294 1402 2313 :
1429 2283 1536 2323 possit

207 2336 284 2356 csse
304 2326 333 2355 O
352 2329 382 2365 gg
408 2328 460 2355 161
482 2326 585 2366 infra)
713 2336 752 2364 24
778 2325 907 2365 Apron.
929 2328 972 2357 tffi
995 2327 1025 2357 O
1151 2339 1192 2367 29
1216 2328 1346 2357 vincam
1365 2326 1434 2357 cO:
1458 2337 1536 2357 con-

207 2371 336 2400 vincam
351 2374 374 2409 p
391 2370 431 2400 al.
