1715 2734
236 78 285 115 19
308 84 350 116 49
676 68 733 105 M.
764 67 934 105 TVLLI
965 66 1273 106 CICERONIS

237 166 286 204 ¹9
362 179 408 216 In
431 177 566 216 Asiam
587 191 679 216 vero
709 185 920 228 postquam
941 177 1057 223 venit,
1081 177 1177 227 quid
1207 190 1280 227 ego
1309 177 1502 215 adventus
1524 176 1635 216 istius

244 227 285 257 49
305 242 480 293 prandia,
521 257 652 291 cenas,
691 256 815 292 equos
855 255 1097 292 muneraque
1135 244 1476 281 commemorem?
1524 241 1634 280 Nihil

303 321 394 346 cum
416 310 537 347 Verre
564 310 613 347 de
634 307 842 346 cotidianis
870 307 1100 346 criminibus
1120 315 1277 346 acturus
1302 321 1412 345 sum:
1444 306 1547 347 Chio
1568 320 1637 358 per

303 373 381 411 vim
413 373 523 424 signa
560 373 822 424 pulcherrima
860 373 951 411 dico
989 372 1207 420 abstulisse,
1249 373 1342 411 item
1383 372 1559 422 Erythris
1597 380 1636 410 et

304 438 598 476 Halicarnasso.
657 439 1082 487 Tenedo—praetereo
1112 437 1320 487 pecuniam
1349 451 1469 488 quarn
1495 436 1636 486 eripuit
1656 449 1673 481 5

303 504 510 541 —Tenem
550 503 690 552 ipsum,
732 502 799 552 qui
839 503 946 552 apud
985 502 1186 541 Tenedios
1225 502 1494 540 sanctissimus
1536 503 1635 540 deus

303 568 478 614 habetur,
498 567 564 617 qui
586 568 723 605 urbem
740 567 845 605 illam
867 567 1008 605 dicitur
1023 567 1260 613 condidisse,
1280 567 1390 605 cuius
1407 581 1453 605 ex
1473 566 1636 605 nomine

303 635 491 671 Tenedus
521 633 756 679 nominatur,
780 635 887 671 hunc
914 633 1056 683 ipsum,
1077 633 1251 682 inquam,
1274 634 1427 670 Tenem
1459 633 1636 682 pulcher-

303 698 399 736 rime
431 700 589 745 factum,
622 712 740 748 quem
771 699 975 748 quondam
1008 698 1046 735 in
1079 698 1241 736 comitio
1276 697 1437 744 vidistis,
1474 697 1635 736 abstulit

243 777 285 809 50
304 777 448 813 magno
468 777 559 802 cum
580 763 728 813 gemitu
750 763 929 802 civitatis.
980 765 1052 801 Illa
1073 777 1164 801 vero
1181 763 1418 813 expugnatio
1440 763 1518 801 fani
1539 763 1635 801 anti·
1657 776 1694 798 10

303 828 481 878 quissimi
495 836 533 867 et
549 828 783 867 nobilissimi
802 829 967 867 Iunonis
981 829 1135 867 Samiae
1156 842 1275 878 quam
1294 830 1472 867 luctuosa
1494 829 1634 867 Samiis

302 893 383 940 fuit,
407 907 526 943 quam
548 895 689 932 acerba
709 894 780 932 toti
802 894 930 940 Asiae,
953 907 1073 944 quam
1100 896 1202 933 clara
1223 896 1329 944 apud
1350 894 1490 941 omnis,
1513 908 1634 944 quarn

301 959 451 997 nemini
471 967 643 998 vestrum
671 959 874 998 inaudita!
905 961 954 998 de
975 973 1053 1009 qua
1079 959 1369 1010 expugnatione
1397 973 1487 998 cum
1518 960 1634 1010 legati

300 1026 351 1063 ad
391 1026 435 1064 C.
480 1026 682 1064 Neronem
729 1025 767 1063 in
807 1025 943 1064 Asiam
986 1027 1106 1064 Samo
1147 1025 1357 1073 venissent,
1399 1039 1632 1076 responsum

300 1091 473 1128 tulerunt
507 1090 590 1128 eius
625 1090 733 1129 modi
769 1090 1044 1140 querimonias,
1080 1103 1181 1140 quae
1219 1092 1269 1129 ad
1308 1092 1456 1140 legatos
1495 1091 1632 1141 populi
1655 1106 1692 1138 15

302 1154 473 1193 Romani
504 1155 752 1205 pertinerent,
777 1169 857 1193 non
878 1157 929 1193 ad
959 1163 1178 1204 praetorem
1206 1156 1276 1193 sed
1298 1157 1470 1194 Romam
1491 1155 1632 1194 deferri

300 1227 491 1269 oportere.
552 1222 662 1269 Quas
677 1220 747 1258 iste
765 1220 916 1266 tabulas
938 1219 1054 1266 illinc,
1073 1233 1175 1270 quae
1196 1220 1305 1270 signa
1319 1220 1474 1258 sustulit
1494 1224 1500 1258 ἔ
1531 1234 1633 1271 quae

301 1285 469 1334 cognovi
499 1293 656 1335 egomet
690 1287 797 1335 apud
828 1285 944 1323 istum
976 1285 1014 1323 in
1044 1285 1210 1324 aedibus
1241 1299 1376 1336 nuper,
1409 1299 1500 1324 cum
1531 1286 1632 1325 obsi-

241 1363 279 1395 51
300 1350 448 1399 gnandi
463 1351 584 1400 gratia
597 1350 804 1389 venissem.
855 1351 969 1398 Quae
991 1350 1099 1400 signa
1121 1364 1237 1398 nunc,
1256 1353 1408 1398 Verres,
1428 1351 1493 1389 ubi
1511 1353 1632 1389 sunt?

298 1415 363 1453 illa
383 1428 530 1465 quaero
546 1429 646 1465 quae
666 1417 773 1465 apud
790 1423 827 1454 te
848 1429 973 1465 nuper
992 1417 1042 1454 ad
1059 1416 1187 1453 omnis
1209 1418 1423 1463 columnas,
1444 1417 1629 1455 omnibus
1652 1429 1692 1452 20

296 1483 414 1522 etiam
436 1484 756 1530 intercolumniis,
774 1484 812 1522 in
836 1485 931 1522 silva
947 1485 1118 1534 denique
1135 1483 1325 1534 disposita
1339 1483 1413 1521 sub
1429 1483 1522 1522 divo
1535 1482 1628 1521 vidi-

297 1562 398 1588 mus.
456 1550 537 1589 Cur
557 1563 613 1596 ea,
637 1563 755 1599 quam
777 1549 844 1588 diu
866 1549 985 1587 alium
1008 1557 1225 1599 praetorem
1247 1562 1336 1586 cum
1360 1548 1405 1586 iis
1430 1548 1629 1586 iudicibus

297 1628 396 1665 quos
424 1614 463 1652 in
492 1616 632 1653 horum
658 1617 789 1653 locum
819 1614 1053 1653 subsortitus
1083 1627 1189 1652 esses
1209 1615 1261 1652 de
1288 1622 1326 1652 te
1354 1613 1393 1650 in
1419 1613 1627 1651 consilium

296 1680 440 1718 iturum
471 1680 626 1730 putasti,
650 1688 728 1718 tam
760 1679 826 1717 diu
853 1679 960 1717 domi
992 1681 1170 1718 fuerunt:
1202 1689 1459 1730 posteaquam
1484 1680 1625 1719 nostris

295 1745 460 1783 testibus
482 1759 553 1783 nos
575 1758 692 1794 quam
711 1744 814 1783 horis
832 1744 907 1782 tuis
928 1744 982 1782 uti
1006 1746 1120 1782 malle
1136 1744 1278 1791 vidisti,
1298 1746 1448 1782 nullum
1470 1745 1623 1795 signum
1647 1760 1684 1791 25

296 1810 405 1848 dorni
435 1810 623 1860 reliquisti
655 1818 806 1860 praeter
836 1812 917 1848 duo
949 1823 1050 1859 quae
1081 1810 1118 1847 in
1152 1810 1291 1848 mediis
1325 1810 1490 1848 aedibus
1521 1819 1622 1857 sunt,

296 1889 397 1925 quae
419 1875 501 1925 ipsa
531 1877 650 1914 Samo
671 1875 824 1913 sublata
854 1876 974 1912 sunt?
1022 1876 1114 1912 Non
1146 1875 1288 1925 putasti
1321 1889 1383 1913 me
1413 1875 1488 1913 tuis
1520 1876 1625 1913 fami-

344 1990 356 2009 1
384 1981 457 2011 adv.
477 1980 582 2019 istius,
605 1979 743 2019 prandia
762 1991 768 2009 :
793 1979 837 2009 sic
851 1979 1002 2009 distinxi!
1019 1978 1223 2017 llffadmjg’iusg
1243 1984 1272 2009 et
1287 1981 1332 2010 ila
1349 1984 1395 2010 est
1412 1981 1443 2009 ιή
1455 1985 1479 2019 p
1605 1990 1624 2008 2

298 2033 501 2062 muneraque
519 2023 573 2063 Dp
585 2023 648 2053 rell.
669 2035 675 2052 :
701 2033 840 2052 munera
858 2023 949 2060 Asa,
969 2022 1038 2052 edd.
1053 2027 1123 2053 vell.
1247 2033 1544 2053 commemorarem
1558 2028 1582 2061 p
1597 2027 1627 2052 et

292 2068 403 2106 primo
419 2066 454 2096 D
566 2076 603 2097 [ο
627 2077 708 2096 vero
724 2078 790 2096 om.
806 2072 830 2106 p
935 2066 1098 2105 expilatio
1127 2066 1228 2098 Koch.
1258 2066 1370 2097 Mucll.
1404 2071 1440 2105 ft
1471 2066 1548 2102 133:
1575 2067 1620 2098 iii.

298 2113 335 2147 §5
354 2112 384 2147 6,
405 2120 445 2148 23
538 2121 574 2140 12
599 2110 687 2149 apud
705 2110 787 2139 deos
805 2111 820 2139 δ
841 2116 894 2139 ‘ex
909 2110 995 2148 apud
1015 2116 1063 2145 os,
1081 2110 1179 2142 credo.
1199 2112 1324 2143 ortuml
1434 2120 1470 2148 15
1496 2110 1622 2148 legatos

296 2154 404 2193 pr:
432 2164 499 2183 -um
520 2154 553 2183 rb
646 2163 683 2191 17
710 2153 800 2183 illinc
821 2152 855 2182 D
872 2153 912 2184 al.
934 2153 997 2183 nb:
1024 2154 1120 2183 istinc
1140 2166 1151 2184 ς
1171 2165 1177 2183 :
1203 2153 1300 2182 istinc
1318 2152 1404 2182 illinc
1425 2152 1516 2191 ΘΗΚ
1581 2163 1623 2182 20

297 2198 329 2226 in
349 2197 502 2227 omnibus
520 2197 628 2228 Klotz.
647 2195 757 2226 Muell.
858 2206 893 2225 21
923 2197 954 2225 in
975 2196 1130 2227 intercol.
1147 2195 1266 2235 Halm,
1286 2195 1388 2234 Kays.
1482 2205 1523 2233 23
1547 2195 1622 2225 sub-

294 2241 433 2271 sortitus
451 2241 491 2271 πῖ)
512 2241 599 2281 (Act.
619 2240 673 2272 Pr.
695 2245 709 2279 ξ
728 2240 802 2282 3ο);
829 2241 967 2271 sortitus
986 2240 1050 2270 ΟΨ
1065 2240 1102 2281 (i,
1121 2242 1136 2277 ξ
1158 2240 1235 2280 1585
1369 2250 1462 2270 esses
1480 2238 1625 2280 Zumpt:

294 2293 332 2314 es
348 2284 437 2315 codd.
528 2285 769 2316 subsortiturus
787 2295 860 2314 eras
878 2286 956 2315 coni.
977 2284 1113 2315 Hotom.
1225 2293 1265 2323 25
1291 2284 1356 2314 tuis
1373 2283 1428 2324 Dp
1444 2283 1508 2314 rell.
1527 2295 1532 2313 :
1557 2293 1623 2314 om.

295 2327 385 2365 Asc„
401 2327 466 2358 cod.
492 2331 533 2369 (2)
557 2328 628 2359 Vrs.
722 2328 788 2358 tuis
806 2328 897 2358 horis
915 2328 932 2357 b
