1715 2734
112 43 155 82 51
178 48 238 81 127
541 33 596 69 M.
627 30 796 69 TVLLI
828 29 1135 70 CICERONIS

172 152 275 185 esset
295 143 526 194 inscriptum
547 155 694 181 nornen
715 140 987 180 Theomnasti.
1048 140 1110 179 Fit
1129 142 1278 179 clamor
1296 140 1500 189 maximus,

173 224 265 249 cum
305 210 345 248 id
378 207 570 247 universis
610 206 818 257 indignum
857 219 903 244 ac
933 205 1124 244 nefarium
1163 205 1370 244 videretur.
1443 208 1505 244 Ita

172 274 278 314 Iovis
316 274 413 312 illud
443 271 708 311 sacerdotium
746 269 1033 321 amplissimum
1067 283 1136 321 per
1173 271 1276 308 hanc
1311 269 1502 309 rationem

170 342 443 379 Theomnasto
463 340 588 377 datur.

90 384 150 468 ἐξ
224 405 470 455 Cephaloedi
510 402 656 442 mensis
694 410 753 440 est
790 409 931 449 certus,
967 414 1048 452 quo
1085 414 1222 440 mense
1256 402 1538 444 sacerdotem5

171 470 386 509 maximum
429 467 550 507 creari
597 474 789 518 oporteat.
859 468 953 505 Erat
995 465 1078 505 eius
1125 465 1286 504 honoris
1335 465 1502 516 cupidus

171 538 335 574 Artemo
364 533 539 583 quidam,
570 531 810 572 Climachias
838 531 1088 581 cognomine,
1117 532 1240 569 homo
1274 544 1368 568 sane
1398 531 1503 568 locu-

170 602 255 651 ples
283 608 321 638 et
350 598 460 637 domi
490 597 644 636 nobilis.
704 598 783 635 Sed
818 595 849 634 is
880 595 961 634 fieri
993 597 1103 634 nullo
1138 597 1259 634 modo
1289 603 1441 646 poterat
1470 594 1501 632 si

172 666 403 704 Herodotus
438 662 600 713 quidam
635 662 814 700 adesset:
849 660 884 699 ei
914 662 1024 699 locus
1055 660 1118 698 ille
1151 668 1272 710 atque
1304 661 1432 698 honos
1461 658 1502 697 in

170 730 279 768 illum
300 741 449 767 annum
471 727 524 765 ita
543 725 679 766 deberi
706 726 919 776 putabatur
938 732 980 763 ut
1001 738 1050 763 ne
1072 723 1311 764 Climachias
1338 723 1500 774 quidem
1525 739 1562 762 ιο

169 802 307 833 contra
347 792 507 832 diceret.
580 793 661 829 Res
698 791 750 829 ad
795 789 914 828 istum
952 790 1124 827 defertur
1161 797 1200 827 et
1245 789 1353 826 istius
1393 802 1502 827 more

168 858 387 897 deciditur:
426 863 649 896 toreumata
690 868 785 893 sane
825 862 920 893 nota
962 862 1000 892 et
1043 853 1214 904 pretiosa
1259 854 1499 891 auferuntur.

170 924 402 962 Herodotus
420 923 575 960 Romae
595 927 676 959 erat
692 935 702 968 3
725 919 818 958 satis
835 919 999 970 putabat
1019 933 1061 957 se
1080 920 1131 957 ad
1147 918 1308 958 comitia
1323 927 1501 969 tempore

168 996 376 1028 venturum
406 987 438 1026 si
468 986 594 1038 pridie
623 985 806 1024 venisset.
866 986 957 1031 Iste,
994 998 1045 1022 ne
1077 992 1145 1022 aut
1175 983 1253 1022 alio
1285 997 1421 1023 mense
1453 998 1501 1022 ac

167 1055 224 1093 sas
253 1062 334 1092 erat
359 1052 521 1092 comitia
549 1051 799 1097 haberentur,
821 1057 889 1088 aut
915 1051 1127 1088 Herodoto
1150 1048 1346 1099 praesenti
1372 1050 1500 1088 honos
1522 1064 1559 1096 ¹5

167 1119 414 1165 adimeretur,
438 1118 495 1169 (id
516 1118 625 1168 quod
645 1116 719 1156 iste
738 1130 819 1155 non
839 1115 1053 1162 laborabat,
1078 1114 1317 1155 Climachias
1338 1114 1501 1153 minime

167 1184 353 1235 volebat),
380 1181 711 1233 excogitat—dixi
731 1181 809 1219 iarn
837 1181 1002 1227 dudum,
1026 1193 1107 1218 non
1128 1187 1187 1218 est
1207 1181 1330 1218 homo
1350 1179 1501 1218 acutior

167 1250 377 1300 quisquam
411 1262 485 1287 nec
519 1247 853 1297 fuit—excogitat,
886 1246 1060 1297 inquam,
1093 1260 1213 1296 quem
1249 1248 1300 1285 ad
1335 1248 1500 1285 modum

168 1330 302 1355 mense
324 1315 391 1353 illo
407 1313 583 1365 legitimo
598 1313 758 1352 comitia
774 1314 1012 1351 haberentur
1027 1325 1101 1350 nec
1116 1320 1249 1351 tamen
1267 1313 1500 1351 Herodotus

87 1397 146 1429 129
165 1382 305 1419 adesse
340 1387 483 1430 posset.
546 1380 618 1417 Est
649 1379 899 1416 consuetudo
937 1376 1160 1417 Siculorum
1198 1385 1499 1428 ceterorumque
1521 1392 1560 1414 20

167 1448 420 1492 Graecorum,
457 1445 566 1494 quod
605 1457 697 1482 suos
729 1443 813 1482 dies
852 1442 1080 1493 mensisque
1113 1456 1328 1493 congruere
1361 1444 1499 1481 volunt

166 1526 257 1550 cum
297 1510 389 1549 solis
428 1511 624 1559 lunaeque
663 1509 824 1556 ratione,
860 1515 902 1546 ut
942 1521 1023 1546 non
1061 1520 1291 1557 numquam,
1332 1507 1363 1545 si
1403 1507 1498 1557 quid

166 1580 373 1629 discrepet,
422 1577 595 1616 eximant
642 1590 766 1614 unum
814 1575 986 1626 aliquem
1035 1574 1141 1613 diem
1187 1582 1255 1613 aut
1299 1588 1498 1612 summum

168 1645 334 1683 biduum
368 1658 415 1682 ex
447 1656 593 1689 mense,
627 1655 727 1692 quos
759 1641 813 1679 illi
849 1640 1109 1679 exaeresimos
1143 1639 1228 1680 dies
1267 1639 1499 1686 nominant3
1713 1628 1715 1688 i

140 1710 261 1749 ,item
296 1722 377 1746 non
411 1720 630 1757 numquam
666 1720 747 1745 uno
782 1705 847 1744 die
882 1705 1098 1755 longiorem
1134 1718 1311 1742 mensem
1352 1704 1500 1743 faciunt
1521 1717 1557 1748 25
1713 1703 1715 1762 J

166 1783 234 1813 aut
272 1774 405 1813 biduo.
467 1774 581 1821 Quae
620 1785 711 1810 cum
747 1771 818 1809 iste
857 1778 1066 1821 cognosset
1104 1783 1229 1807 novus
1267 1770 1497 1819 astrologus,

168 1840 235 1891 qui
265 1854 345 1878 non
376 1847 455 1877 tarn
485 1838 583 1876 caeli
612 1837 804 1876 rationem
835 1850 953 1886 quam
984 1835 1122 1873 caelati
1149 1835 1297 1885 argenti
1325 1836 1497 1882 duceret,

168 1905 283 1944 eximi
309 1905 417 1942 iubet
444 1917 525 1942 non
552 1902 658 1941 diem
687 1916 733 1940 ex
763 1915 909 1946 mense,
933 1901 1003 1939 sed
1034 1915 1081 1938 ex
1109 1914 1215 1938 anno
1240 1914 1363 1938 unum
1388 1899 1499 1938 dimi-

167 1970 400 2019 diatumque
438 1981 616 2007 mensem
656 1969 732 2005 hoc
772 1968 893 2005 modo
924 1974 977 2012 ut,
1020 1979 1099 2015 quo
1137 1965 1202 2003 die
1240 1965 1347 2003 verbi
1381 1978 1499 2003 causa

168 2048 253 2072 esse
283 2041 480 2084 oporteret
512 2034 608 2071 Idus
635 2031 846 2078 Ianuarias,
878 2032 911 2069 is
941 2045 988 2069 eo
1016 2030 1079 2068 die
1109 2031 1310 2068 Kalendas
1337 2029 1499 2068 Martias
1519 2044 1558 2074 30

170 2099 358 2149 proscribi
413 2098 589 2137 iuberet:
638 2097 770 2147 itaque
818 2097 861 2134 sit
909 2095 1094 2134 omnibus
1143 2094 1413 2133 recusantibus
1460 2102 1499 2133 et

213 2211 254 2240 25
278 2200 363 2231 Fort.
385 2200 509 2231 saciant
662 2201 704 2228 26
727 2209 802 2229 cum
823 2199 884 2229 iste
901 2197 972 2228 cO:
996 2198 1059 2227 iste
1076 2207 1148 2227 cum
1163 2197 1206 2236 pb
1345 2206 1388 2235 30
1412 2197 1439 2227 is
1457 2208 1498 2228 eo

171 2245 224 2275 die
241 2245 374 2284 scripsi:
398 2249 409 2274 i
427 2255 468 2274 eo
485 2244 540 2274 die
558 2243 627 2273 cO:
652 2253 692 2272 eo
710 2242 763 2272 die
777 2248 800 2281 p
819 2253 825 2272 ε
849 2241 881 2271 in
900 2251 976 2272 eum
996 2242 1083 2271 diem
1106 2239 1297 2280 Wescnbw‘g
1456 2249 1494 2278 31

171 2289 336 2329 proscribi
355 2289 484 2318 iuberet
500 2287 548 2318 cO
565 2299 570 2316 :
598 2286 826 2326 proscriberet
844 2285 908 2317 rell.
