1715 2734
155 61 204 100 27
223 59 263 100 65
591 56 646 93 M.
678 57 847 94 TVLLI
878 56 1187 96 CICERONIS

153 691 196 723 66

149 1349 191 1392 67

220 167 369 214 flentes,
394 168 564 205 Romam
592 180 748 205 mecum
775 168 969 207 decedere
995 167 1239 219 cupiverunt.
1299 169 1422 218 Quod
1441 176 1552 208 erant

219 230 367 281 oppida
405 231 500 270 mihi
533 234 738 282 complura
770 232 889 271 etiarn
924 233 1073 283 reliqua
1109 246 1212 284 quae
1249 233 1358 272 adire
1395 235 1552 282 vellem,

219 295 405 334 constitui
435 309 525 334 cum
557 296 786 334 hominibus
816 310 896 347 quo
925 297 990 336 die
1020 298 1116 336 mihi
1147 300 1360 337 Messanae
1393 306 1550 349 praesto

218 369 358 399 essent.
419 364 480 399 Eo
508 361 602 399 mihi
630 362 813 400 nuntium
838 362 1029 401 miserunt
1056 376 1098 402 se
1118 377 1143 402 a
1172 371 1351 413 praetore
1380 363 1548 402 retineri.

219 427 375 475 Quibus
405 441 479 477 ego
507 426 779 465 testimonium
804 427 1046 474 denuntiavi,
1070 441 1238 477 quorum
1259 428 1367 466 edidi
1389 428 1551 467 nomina

219 493 396 539 Metello,
436 491 682 542 cupidissimi
727 491 927 540 veniendi,
966 492 1145 530 maximis
1193 492 1343 531 iniuriis
1391 493 1547 541 adfecti,

216 558 346 595 adhuc
368 570 448 595 non
468 564 670 595 venerunt.
731 558 825 595 Hoc
845 556 928 595 iure
948 565 1038 595 sunt
1052 557 1148 596 socii
1162 565 1204 596 ut
1220 557 1266 596 iis
1282 571 1332 596 ne
1345 559 1549 609 deplorare

216 622 378 671 quidem
398 623 450 660 de
470 622 548 660 suis
569 621 835 661 incommodis
855 621 980 660 liceat.

272 689 357 725 Iam
394 686 569 725 Heraclii
610 687 870 737 Centuripini,
902 687 1042 738 optimi
1071 688 1388 740 nobilissimique
1417 690 1550 728 adule-

215 752 371 799 scentis,
401 752 673 791 testimonium
703 752 868 791 audistis
886 768 897 800 ,-
929 766 953 791 a
980 766 1061 803 quo
1083 755 1154 792 HS
1175 757 1198 792 ὃ
1219 767 1288 804 per
1308 754 1547 793 calumniam

214 817 484 868 malitiamque
527 817 649 868 petita
694 825 795 856 sunt.
875 819 956 857 Iste
994 818 1133 868 poenis
1172 819 1547 870 compromissisque

212 882 451 934 interpositis
475 884 546 921 HS
567 895 668 921 cccc
689 884 961 934 extorquenda
974 883 1132 931 curavit,
1149 885 1338 935 quodque
1355 883 1545 924 iudicium

211 950 432 987 secundum
468 948 701 987 Heraclium
736 949 787 987 de
818 948 1107 999 compromisso
1138 950 1286 986 factum
1325 957 1417 997 erat,
1453 963 1545 988 cum

210 1012 305 1051 civis
330 1013 612 1063 Centuripinus
640 1012 741 1052 inter
767 1015 869 1052 duos
897 1013 991 1052 civis
1019 1013 1286 1060 diiudicasset,
1314 1013 1354 1052 id
1385 1014 1543 1053 inritum

210 1078 320 1117 iussit
349 1092 435 1118 esse
464 1092 636 1128 eumque
666 1078 839 1117 iudicem
872 1080 1014 1117 falsum
1044 1078 1239 1117 iudicasse
1260 1078 1446 1118 iudicavit
1463 1095 1473 1128 ;
1502 1080 1542 1118 in

209 1152 347 1182 senatu
378 1158 474 1191 esse,
497 1144 594 1183 locis
624 1144 929 1194 commodisque
955 1143 1125 1194 publicis
1146 1143 1203 1182 uti
1223 1143 1346 1182 vetuit
1363 1159 1374 1192 3
1403 1144 1434 1183 si
1455 1145 1543 1195 quis

208 1223 298 1248 eum
320 1211 524 1260 pulsasset,
548 1209 669 1248 edixit
690 1223 775 1248 sese
790 1209 980 1247 iudicium
997 1208 1225 1247 iniuriarum
1239 1222 1320 1247 non
1334 1210 1518 1249 daturum
1533 1226 1543 1259 3

209 1274 400 1325 quicquid
430 1276 481 1313 ab
508 1288 556 1313 eo
576 1282 783 1325 peteretur,
806 1274 978 1313 iudicem
1000 1275 1051 1312 de
1071 1287 1141 1312 sua
1161 1275 1325 1313 cohorte
1344 1275 1540 1322 daturum,

210 1340 283 1390 ipsi
312 1348 444 1379 autem
475 1341 620 1378 nullius
649 1339 847 1378 actionem
877 1339 930 1378 rei
960 1352 1002 1378 se
1031 1341 1226 1378 daturum.
1286 1341 1402 1389 Quae
1431 1340 1542 1379 istius

207 1406 419 1445 auctoritas
446 1414 600 1444 tantum
626 1405 747 1444 valuit
777 1412 818 1443 ut
843 1418 973 1455 neque
994 1405 1103 1443 illum
1124 1407 1297 1455 pulsaret
1316 1405 1538 1457 quisquam,

207 1484 298 1509 cum
314 1479 469 1522 praetor
490 1472 529 1509 in
550 1470 752 1522 provincia
767 1484 838 1509 sua
850 1470 972 1508 verbo
987 1470 1239 1520 permitteret,
1256 1485 1296 1509 re
1309 1472 1538 1519 hortaretur,

207 1550 338 1587 neque
358 1537 567 1587 quisquam
589 1537 639 1575 ab
661 1550 708 1575 eo
722 1535 935 1586 quicquam
950 1543 1110 1586 peteret,
1126 1549 1218 1574 cum
1232 1535 1304 1574 iste
1320 1537 1541 1575 calumniae

206 1600 404 1641 licentiam
433 1616 503 1640 sua
531 1601 763 1640 auctoritate
790 1600 1056 1648 ostendisset3
1085 1600 1302 1651 ignominia
1321 1609 1454 1640 autem
1476 1602 1541 1640 illa

205 1667 331 1716 gravis
351 1675 430 1705 tam
452 1667 520 1705 diu
542 1667 581 1705 in
603 1666 671 1704 illo
692 1666 855 1704 homine
876 1665 958 1712 suit,
977 1679 1096 1715 quam
1110 1665 1178 1704 diu
1196 1666 1267 1705 iste
1281 1666 1320 1704 in
1338 1667 1539 1717 provincia

207 1733 359 1771 mansit.
421 1735 514 1772 Hoc
554 1732 699 1771 iniecto
739 1739 847 1770 metu
886 1731 1084 1770 iudicibus
1123 1745 1229 1770 novo
1268 1746 1387 1780 more,
1429 1735 1538 1772 nullo

206 1801 397 1849 exemplo,
420 1812 587 1848 ecquam
619 1811 699 1837 rem
727 1797 874 1848 putatis
901 1810 986 1835 esse
1012 1796 1051 1834 in
1079 1796 1211 1835 Sicilia
1230 1796 1304 1835 nisi
1325 1799 1376 1837 ad
1397 1806 1537 1836 nutum

206 1863 316 1902 istius
354 1863 600 1902 iudicatam?
657 1865 800 1901 Vtrum
840 1861 881 1901 id
920 1863 1050 1900 solum
1082 1861 1236 1900 videtur
1267 1875 1353 1901 esse
1389 1870 1536 1911 actum,

253 1978 265 1997 r
294 1978 422 1998 mecum
452 1967 618 1998 decedere
641 1965 722 1998 VO:
757 1967 830 1997 dec.
860 1976 991 1996 mecum
1013 1971 1038 2006 p
1055 1965 1133 2002 rell.‚
1153 1965 1245 2005 quod
1267 1966 1363 1997 malit
1383 1965 1543 1998 Zielinski

206 2022 224 2040 2
248 2011 372 2050 oppida
389 2011 470 2041 mihi
492 2011 573 2041 VO:
599 2011 679 2040 mihi
697 2010 861 2050 oppidap
877 2010 942 2041 rell.
1044 2020 1063 2047 4
1089 2009 1249 2040 adessent
1271 2009 1303 2038 V
1400 2021 1420 2049 5
1445 2011 1536 2042 edidi

206 2054 340 2084 nomina
362 2054 439 2084 VO:
467 2065 555 2085 nom.
577 2055 629 2085 ed.
646 2060 669 2094 j>
686 2054 749 2085 rell.
959 2054 981 2083 6
1004 2052 1165 2083 veniundi
1185 2052 1215 2082 V
1405 2064 1437 2083 11
1468 2053 1536 2085 Iste

203 2098 244 2127 ad
264 2107 426 2136 praesens
448 2098 478 2127 V
638 2107 675 2136 13
700 2107 771 2127 cum
795 2096 876 2127 VO:
901 2097 990 2136 quod
1008 2106 1082 2126 cum
1099 2096 1138 2125 b:
1161 2096 1250 2135 quod
1269 2096 1333 2128 rell.
1497 2108 1535 2137 14

205 2141 289 2171 duos
317 2140 402 2181 ch:
434 2142 500 2171 duo
525 2141 555 2172 Ο
670 2141 884 2171 diiudicasset
900 2140 969 2171 cO:
998 2139 1180 2169 iudicasset
1215 2139 1282 2170 Vb:
1315 2140 1535 2172 iudicavisset

198 2189 244 2223 pq
262 2185 325 2215 rdl.
483 2186 521 2215 16
544 2195 619 2215 esse
635 2184 692 2215 εΟ1
712 2195 718 2213 :
743 2194 785 2214 ne
803 2194 880 2214 esse
903 2183 948 2213 V:
973 2192 1015 2213 ne
1031 2187 1122 2213 esset
1141 2182 1203 2213 rell.
1365 2193 1403 2223 19
1425 2194 1462 2214 se
1484 2183 1535 2215 V:

203 2237 281 2257 sese
293 2232 316 2266 p
333 2228 397 2259 rell.
569 2238 609 2266 23
635 2227 839 2258 ostendisset
860 2226 945 2257 1401
962 2237 969 2256 ε
994 2226 1237 2266 possedissctp
1255 2226 1320 2257 rell.
1493 2238 1534 2266 24

204 2271 337 2301 homine
356 2271 417 2301 snit
436 2270 525 2309 th
541 2271 681 2310 videtur)
696 2270 739 2310 pb
756 2275 784 2300 et
795 2270 875 2311 pler.
894 2282 901 2300 ε
926 2269 985 2300 suit
1001 2280 1067 2300 om.
1090 2268 1120 2298 O
1138 2281 1144 2299 :
1171 2269 1290 2301 Lamb.
1311 2270 1391 2301 com'.
1411 2272 1534 2302 mansit

205 2324 245 2353 25
271 2316 393 2345 mansit
407 2315 470 2355 pbr
484 2314 554 2346 edd.
571 2326 577 2345 :
603 2315 661 2345 suit
678 2314 802 2344 mansit
820 2314 871 2353 Oq
960 2323 1046 2344 novo
1064 2313 1136 2342 iure
1159 2312 1190 2342 V

1571 446 1589 478 5

1571 768 1608 792 10

1565 1097 1603 1130 15

1561 1423 1603 1444 20

1558 1746 1598 1778 ²5
