1715 2734
165 72 192 110 4

170 385 188 415 9

164 1267 188 1304 5

151 1328 187 1350 10

210 70 228 100 8
571 66 627 103 M.
660 66 829 103 TVLLI
862 65 1168 104 CICERONIS

209 177 315 215 solus
339 177 599 217 introducitur
613 194 623 227 3
652 178 770 217 ceteri
795 192 912 229 saepe
936 179 1184 228 frugalissimi
1208 179 1391 219 homines
1411 182 1537 218 exclu-

208 242 363 280 duntur.
425 244 483 280 Ex
511 257 590 293 quo
622 243 792 293 intellegi
818 251 947 293 potest
973 258 1041 282 eos
1065 245 1178 283 vobis
1205 258 1290 283 esse
1315 244 1537 283 carissimos

209 306 275 355 qui
315 307 367 345 ita
405 308 568 346 vixerint
607 316 649 346 ut
689 308 773 346 sine
811 316 941 346 vestro
979 309 1175 358 praesidio
1209 309 1304 347 salvi
1335 323 1422 348 esse
1455 323 1536 348 non

209 371 370 421 possint.
431 373 569 422 Quid?
598 375 674 412 hoc
695 373 880 424 cuiquam
906 375 1110 412 ferendum
1132 382 1246 425 putas
1270 387 1366 422 esse,
1389 388 1462 413 nos
1482 374 1536 413 ita

208 436 336 475 vivere
363 437 402 476 in
430 438 597 488 pecunia
617 439 725 477 tenui
753 447 795 477 ut
822 453 979 489 prorsus
1005 439 1102 478 nihil
1131 439 1337 490 adquirere
1356 441 1533 487 velimus,
1555 450 1574 482 5

208 509 250 540 ut
279 503 510 553 dignitatem
546 512 721 542 nostram
755 504 973 555 populique
1013 504 1184 544 Romani
1223 505 1416 543 beneficia
1454 519 1536 543 non

209 567 332 617 copiis
361 569 431 606 sed
460 568 600 607 virtute
628 576 818 616 tueamur,
850 568 968 607 istum
999 570 1115 607 rebus
1145 570 1331 608 omnibus
1360 569 1538 619 undique

208 633 350 682 ereptis
382 633 543 682 impune
577 635 804 672 eludentem
843 634 1113 673 circumfluere
1150 644 1269 685 atque
1307 636 1538 673 abundare?

208 698 323 736 huius
343 706 505 747 argento
534 699 711 737 dominia
731 706 871 747 vestra,
892 699 1007 738 huius
1035 699 1154 749 signis
1174 708 1212 738 et
1239 700 1382 738 tabulis
1410 701 1536 738 forum

207 763 494 813 comitiumque
522 764 661 811 ornari,
693 764 920 814 pracsertim
949 778 1040 802 cum
1065 778 1134 803 vos
1161 772 1289 803 vestro
1321 766 1448 803 Marte
1478 765 1538 803 his

208 829 323 866 rebus
353 828 538 867 omnibus
561 829 804 868 abundetis?
859 832 1022 868 Verrem
1050 843 1135 868 esse
1164 830 1230 879 qui
1259 838 1404 867 vestras
1429 829 1538 868 villas

207 892 286 930 suis
317 893 512 931 manubiis
541 896 683 932 ornet?
738 896 900 932 Verrem
931 908 1016 932 esse
1045 894 1112 944 qui
1141 908 1232 932 cum
1264 896 1306 932 L.
1341 895 1538 932 Mummio

207 965 338 1004 certet,
375 966 417 996 ut
456 958 576 1008 pluris
616 958 679 997 hic
720 959 916 998 sociorum
956 959 1063 997 urbis
1102 972 1222 1009 quam
1261 958 1326 996 ille
1364 959 1536 996 hostium

207 1022 395 1072 spoliasse
432 1023 620 1070 videatur,
663 1023 782 1074 pluris
829 1023 892 1062 hic
932 1023 1040 1061 villas
1083 1023 1324 1061 ornamentis
1357 1024 1535 1062 fanorum

207 1101 325 1137 quam
353 1088 417 1126 ille
442 1089 531 1126 fana
555 1088 689 1139 spoliis
710 1088 883 1127 hostium
908 1090 1098 1127 ornasse?
1154 1087 1205 1127 Et
1224 1088 1256 1126 is
1276 1088 1347 1127 erit
1373 1089 1425 1127 ob
1451 1102 1537 1127 eam

207 1167 287 1192 rem
327 1153 438 1192 vobis
474 1154 598 1193 carior
636 1162 678 1192 ut
716 1154 834 1193 ceteri
869 1153 1056 1193 libentius
1087 1167 1159 1192 suo
1193 1153 1368 1204 periculo
1401 1152 1538 1191 vestris

206 1218 487 1268 cupiditatibus
517 1219 715 1258 serviant?

260 1285 408 1322 Verum
443 1286 540 1322 haec
574 1292 612 1323 et
644 1285 824 1324 dicentur
856 1285 935 1324 alio
963 1279 1058 1324 loco*
1082 1292 1120 1323 et
1149 1284 1255 1323 dicta
1284 1292 1396 1323 sunt:
1431 1297 1537 1322 nunc

206 1349 499 1398 proficiscemur
531 1351 582 1388 ad
609 1351 772 1400 reliqua,
800 1350 830 1388 si
865 1364 990 1400 pauca
1024 1359 1115 1389 ante
1144 1350 1331 1388 fuerimus
1360 1363 1382 1387 a
1411 1350 1538 1396 vobis,

205 1414 364 1461 iudices,
407 1415 616 1465 deprecati.
687 1415 894 1466 Superiore
932 1416 1041 1453 omni
1081 1415 1257 1454 oratione
1296 1423 1535 1465 perattentos

204 1488 352 1518 vestros
372 1481 526 1519 animos
552 1480 787 1519 habuimus:
819 1481 858 1519 id
880 1481 951 1518 fuit
982 1481 1097 1519 nobis
1123 1489 1275 1531 gratum
1302 1482 1531 1519 admodum.

205 1547 283 1584 Sed
304 1547 429 1584 multo
449 1545 519 1583 erit
539 1545 684 1595 gratius
706 1545 736 1583 si
759 1545 907 1595 reliqua
928 1545 1066 1584 voletis
1093 1546 1306 1591 attendere,
1331 1553 1535 1595 propterea

203 1611 313 1660 quod
342 1610 382 1648 in
412 1610 471 1647 his
501 1610 686 1648 omnibus
718 1624 819 1659 quae
846 1618 962 1648 antea
989 1610 1095 1648 dicta
1119 1618 1210 1648 sunt
1233 1618 1314 1648 erat
1339 1611 1534 1659 quaedam

204 1688 251 1713 ex
280 1675 364 1725 ipsa
384 1675 568 1713 varietate
599 1689 644 1713 ac
672 1675 845 1713 novitate
867 1689 994 1714 rerum
1016 1683 1055 1714 et
1076 1674 1283 1713 criminum
1312 1675 1536 1723 delectatio,

204 1753 309 1778 nunc
325 1747 488 1778 tractare
509 1754 667 1778 causam
685 1740 924 1779 instituimus
946 1741 1252 1788 frumentariam,
1268 1754 1369 1791 quae
1391 1741 1535 1791 magni—

203 1805 341 1843 tudine
370 1805 532 1844 iniuriae
557 1813 595 1843 et
622 1820 661 1844 re
690 1805 920 1844 criminibus
947 1806 1084 1844 ceteris
1109 1808 1327 1852 antecellet,
1359 1805 1535 1844 iucundi-

203 1870 291 1908 tatis
322 1870 360 1907 in
389 1872 544 1920 agendo
574 1878 611 1908 et
633 1871 827 1910 varietatis
850 1872 980 1910 minus
1010 1871 1181 1910 habebit.
1242 1873 1381 1909 Vestra
1401 1878 1533 1909 autem

203 1935 433 1973 auctoritate
489 1943 527 1973 et
584 1936 791 1985 prudentia
841 1937 1114 1987 dignissimum
1163 1944 1231 1983 est,
1282 1936 1442 1982 iudices,
1493 1936 1532 1973 in

203 2000 390 2039 audiendi
437 2000 640 2051 diligentia
680 2015 759 2040 non
810 2002 938 2040 minus
984 2001 1159 2051 religioni
1201 2001 1370 2040 tribuere
1413 2014 1532 2052 quam

247 2114 266 2142 3
289 2105 435 2136 vixerint
456 2106 496 2135 ()¹
516 2107 586 2139 edd.
606 2119 612 2138 ε
637 2108 794 2138 vixerunt
813 2107 869 2147 Hp
887 2109 951 2139 rell.
1103 2119 1121 2146 4
1147 2112 1244 2147 putas
1257 2107 1307 2139 ελ,
1325 2106 1359 2146 7²²
1511 2117 1533 2146 9

202 2148 349 2178 dominia
367 2155 480 2180 vestra
500 2151 573 2182 Hc:
598 2152 734 2181 domurn
752 2157 901 2181 nostram
921 2152 973 2187 ΟΕ
995 2152 1026 2181 ιἰι
1043 2162 1108 2191 mg.
1128 2162 1172 2181 m.
1194 2162 1205 2181 1
1223 2151 1354 2181 damna.
1368 2154 1530 2189 suprascr.

202 2191 338 2222 domina
354 2205 360 2222 t
386 2194 503 2224 domos
521 2200 651 2225 vestras
671 2206 715 2225 m.
737 2205 766 2234 2,
789 2198 824 2224 ul
840 2195 903 2226 rell.
930 2196 1063 2232 (domus
1080 2205 1110 2224 v.
1124 2196 1165 2234 pi
1303 2203 1339 2232 ¹4
1365 2193 1417 2224 hic
1435 2193 1532 2224 villas

202 2232 282 2264 HO¹
301 2246 307 2264 z
332 2236 384 2266 hic
403 2238 495 2268 solus
513 2238 608 2268 villas
621 2243 645 2278 p
662 2238 728 2268 rell.
839 2240 877 2268 18
902 2244 935 2269 et
953 2239 1106 2268 dicentur
1124 2236 1230 2267 HcO:
1255 2237 1409 2267 dicentur
1422 2242 1445 2277 p
1462 2236 1528 2268 rell.

207 2287 244 2315 19
268 2279 391 2310 crimus
409 2283 424 2310 δ
580 2292 619 2320 24
645 2292 687 2312 ex
706 2282 778 2320 ipsa
797 2280 847 2312 O:
874 2293 916 2312 ex
937 2282 984 2317 iis,
1005 2292 1047 2311 ex
1066 2281 1118 2311 his
1134 2286 1158 2321 p
1175 2280 1239 2310 rell.
1356 2280 1530 2311 nobilitate

201 2318 250 2350 cO
349 2325 391 2353 26
415 2330 447 2354 et
467 2335 501 2354 re
518 2323 566 2354 cO
585 2336 591 2354 :
617 2325 688 2355 sere
701 2324 773 2364 pO²
792 2337 798 2354 :
822 2330 856 2355 et
873 2335 909 2355 re
929 2325 999 2355 sere
1016 2324 1104 2365 vulg.
1185 2323 1363 2354 antecellet
1383 2322 1414 2352 O
1430 2335 1436 2353 :
1455 2324 1531 2364 -itp

202 2364 269 2395 rell.
347 2368 387 2397 28
413 2368 444 2397 in
463 2368 622 2398 audiendi
641 2368 814 2406 diligentia
832 2368 888 2398 cO¹
908 2380 914 2398 τ
939 2369 970 2398 in
988 2368 1154 2398 audiendo
1172 2367 1379 2406 diligentiam
1400 2366 1444 2396 Ο2
1462 2367 1528 2397 rell.

1561 779 1598 801 10

1560 1101 1595 1133 15

1557 1427 1597 1449 20

1556 1755 1594 1788 ²5
