1715 2734
2 152 12 215 ⁴:0⁴»-
2 93 12 146 -ὲῑ,

216 98 483 137 ACTIONIS
514 98 574 135 IN
605 98 650 136 C.
672 97 913 134 VERREM
942 96 1241 135 SECVNDAE
1271 96 1375 133 LIB.
1397 97 1435 132 V
1508 107 1536 142 9
1560 111 1600 142 ²3

214 211 274 248 vel
295 208 373 247 vita
399 208 537 247 redimi
564 215 667 247 recte
696 215 873 258 possunt,
894 207 1098 246 aestimare
1121 206 1289 257 pecunia
1312 220 1392 245 non
1422 220 1538 257 queo.

216 277 328 313 Haec
345 273 478 312 omnia
491 286 577 312 sero
597 274 762 312 redemit
777 272 1013 323 Apollonius
1030 273 1106 309 iarn
1124 284 1297 309 maerore
1312 284 1358 309 ac
1375 271 1538 310 miseriis
1560 286 1601 317 24

214 338 398 390 perditus,
440 340 509 377 sed
548 346 679 376 tamen
718 345 867 376 ceteros
906 337 1042 376 docuit
1080 344 1170 375 ante
1209 335 1318 374 istius
1357 336 1539 376 avaritiae

214 404 428 454 scelerique
459 417 660 442 occurrere
676 418 686 451 3
715 403 789 441 nisi
816 416 908 441 vero
935 401 1163 440 existimatis
1191 401 1393 439 hominem
1426 415 1540 451 pecu-

176 486 193 516 5
213 469 478 507 niosissimum
500 468 583 507 sine
605 482 722 507 causa
742 475 927 518 quaestus
949 469 1116 505 electum
1137 468 1188 505 ad
1209 474 1289 504 tam
1310 466 1541 506 incredibile

212 534 360 572 crimen
389 541 456 572 aut
485 535 569 572 sine
597 535 737 572 eadem
765 547 883 572 causa
911 539 1072 583 repente
1099 546 1121 570 e
1151 545 1304 570 carcere
1338 531 1541 580 emissum,

211 606 278 637 aut
308 601 384 637 hoc
413 599 627 649 praedandi
658 612 781 649 genus
810 599 860 637 ab
889 597 964 636 isto
992 597 1032 635 in
1062 597 1129 634 illo
1150 610 1230 635 uno
1250 597 1473 636 adhibitum
1493 611 1539 636 ac

213 671 458 714 temptatum,
508 671 546 702 et
590 678 670 702 non
714 677 782 714 per
820 663 929 701 illum
974 662 1160 701 omnibus
1204 662 1538 713 pecuniosissimis

213 730 352 768 Siculis
373 737 522 768 metum
543 731 788 780 propositum
809 736 847 767 et
867 727 1066 766 iniectum.

157 811 194 832 10
267 794 397 845 Cupio
427 795 522 833 mihi
551 796 601 833 ab
631 796 708 842 illo,
738 793 897 841 iudices,
930 793 1066 840 subici,
1089 793 1277 843 quoniam
1303 794 1354 832 de
1384 792 1538 831 militari

211 862 293 899 eius
314 860 435 910 gloria
455 860 556 907 dico,
580 862 610 898 si
631 859 727 910 quid
756 861 852 897 forte
883 866 1095 908 praetereo.
1154 860 1255 896 Nam
1286 858 1383 896 mihi
1403 858 1538 896 videor

211 926 288 964 iam
317 928 367 965 de
397 926 581 964 omnibus
611 926 727 964 rebus
756 924 839 963 eius
863 925 980 974 gestis
1007 923 1161 970 dixisse,
1183 937 1284 974 quae
1305 923 1465 973 quidem
1487 924 1537 961 ad

211 993 301 1030 belli
323 991 572 1041 fugitivorum
595 989 858 1040 suspicionem
880 990 1117 1039 pertinerent
1132 1004 1142 1037 3
1171 996 1275 1028 certe
1297 988 1393 1026 nihil
1409 988 1536 1027 sciens

212 1055 461 1106 praetermisi.
522 1056 690 1094 Habetis
730 1054 901 1092 hominis
941 1053 1114 1101 consilia,
1153 1054 1407 1104 diligentiam,
1448 1053 1537 1103 vigi—

156 1137 188 1168 ¹5
211 1121 383 1168 lantiam,
424 1120 643 1159 custodiam
681 1120 1031 1169 defensionemque
1070 1118 1304 1169 provinciae.
1376 1117 1537 1157 Summa

211 1187 301 1225 illuc
322 1186 499 1236 pertinet,
522 1193 564 1224 ut
589 1185 733 1232 sciatis,
753 1185 939 1234 quoniam
966 1186 1076 1234 plura
1102 1197 1244 1234 genera
1264 1190 1355 1222 sunt
1374 1183 1537 1234 impera—

209 1260 348 1299 torum,
366 1266 412 1290 ex
432 1265 512 1302 quo
531 1264 672 1302 genere
693 1251 765 1289 iste
786 1249 844 1296 sit,
868 1263 917 1287 ne
938 1249 1005 1299 qui
1021 1249 1167 1288 diutius
1188 1249 1228 1287 in
1249 1256 1357 1287 tanta
1373 1248 1536 1299 penuria

209 1318 376 1357 virorum
408 1316 565 1355 fortium
595 1317 713 1354 talem
743 1315 1017 1365 imperatorem
1047 1314 1223 1364 ignorare
1248 1313 1381 1364 possit.
1441 1315 1534 1351 Non

173 1427 179 1433 ἱ
208 1385 258 1421 ad
282 1383 330 1429 Q.
356 1381 519 1420 Maximi
541 1381 772 1431 sapientiam
793 1394 922 1430 neque
942 1381 992 1418 ad
1014 1379 1115 1418 illius
1137 1378 1343 1429 superioris
1360 1378 1534 1417 Africani

151 1464 190 1486 20
210 1448 249 1485 in
278 1461 318 1485 re
347 1448 522 1497 gerunda
551 1446 800 1492 celeritatem,
827 1458 955 1494 neque
984 1446 1034 1483 ad
1065 1444 1179 1482 huius
1208 1443 1276 1494 qui
1306 1451 1442 1494 postea
1462 1443 1533 1482 fuit

208 1512 400 1562 singulare
416 1511 634 1558 consilium,
650 1524 779 1561 neque
800 1511 850 1548 ad
872 1509 982 1548 Pauli
1003 1510 1193 1548 rationem
1211 1524 1256 1548 ac
1272 1509 1532 1559 disciplinam,

207 1591 336 1627 neque
356 1578 406 1616 ad
428 1578 471 1617 C.
497 1576 598 1615 Mari
618 1576 697 1614 vim
723 1583 842 1626 atque
862 1575 1042 1614 virtutem
1061 1591 1070 1623 3
1100 1577 1169 1614 sed
1189 1575 1295 1613 aliud
1316 1588 1438 1624 genus
1466 1574 1534 1612 im-

207 1642 393 1693 peratoris
441 1656 535 1680 sane
584 1641 789 1691 diligenter
830 1641 1080 1679 retinendum
1120 1648 1157 1678 et
1205 1640 1531 1685 conservandum,

206 1721 364 1759 quaem,
386 1706 622 1757 cognoscite.

148 1786 187 1817 25
263 1773 453 1811 Itinerum
492 1773 660 1822 primurn
693 1771 879 1817 laborem,
912 1769 979 1820 qui
1009 1771 1068 1808 vel
1103 1768 1294 1807 maximus
1329 1775 1387 1806 est
1418 1767 1457 1805 in
1492 1781 1530 1806 re
1555 1771 1595 1804 26

208 1838 374 1885 militari,
404 1837 565 1883 iudices,
595 1844 634 1874 et
662 1835 702 1874 in
732 1835 860 1874 Sicilia
891 1835 1058 1873 maxime
1088 1833 1339 1880 necessarius,
1365 1833 1531 1882 accipite

206 1917 325 1954 quam
364 1902 517 1941 facilem
557 1901 630 1940 sibi
670 1900 742 1939 iste
780 1908 818 1938 et
857 1900 1073 1938 iucundum
1106 1899 1256 1937 ratione
1287 1896 1531 1946 consilioque

206 1967 428 2007 reddiderit.
489 1966 662 2004 Primum
685 1964 926 2015 temporibus
948 1964 1120 2003 hibernis
1147 1964 1197 2001 ad
1219 1961 1529 2012 magnitudinem

206 2035 390 2084 frigorum
421 2040 459 2071 et
488 2039 764 2082 tempestatum
785 2030 863 2068 vim
893 2044 938 2068 ac
968 2030 1174 2068 fluminum
1192 2028 1433 2078 praeclarum
1454 2028 1531 2064 hoc

148 2114 187 2145 30
207 2099 280 2138 sibi
320 2098 536 2136 remedium
581 2102 834 2145 compararat.
911 2095 1060 2133 Vrbem
1105 2096 1311 2144 Syracusas
1351 2093 1529 2141 elegerat,

1558 767 1604 794 10

1561 827 1599 859 ²5

250 2213 269 2242 5
299 2202 373 2233 sine
391 2201 503 2241 aliqua
521 2210 620 2231 causa
634 2201 676 2239 ρδ
809 2209 825 2238 7
853 2203 887 2229 et
904 2203 1020 2238 tempt.
1038 2196 1112 2232 SG,
1245 2197 1264 2226 8
1291 2195 1528 2235 pecuniosissi-

206 2247 269 2277 mis
286 2245 413 2276 RSDW
429 2256 435 2275 :
463 2244 654 2284 pecuniosis
666 2246 711 2284 ῥδ
797 2253 818 2281 9
843 2247 965 2272 metum
982 2252 1045 2272 om.
1066 2240 1158 2271 RSW
1281 2250 1320 2269 10
1344 2239 1400 2269 illo
1418 2239 1504 2269 codd.
1523 2251 1529 2269 :

206 2290 280 2329 ipso
315 2289 421 2319 Halm
563 2298 604 2326 29
629 2292 662 2317 et
691 2286 733 2316 ad
764 2290 867 2325 temp.
897 2287 940 2325 ρδ
1081 2295 1123 2323 30
1147 2288 1356 2323 compararat
1385 2281 1529 2313 Lamb.:

206 2338 377 2372 comparat
395 2330 493 2362 RSD
510 2342 516 2361 z
544 2335 716 2370 comparet
727 2331 769 2370 p5
