1715 2734
433 87 493 124 IN
524 87 573 135 Q.
606 86 925 125 CAECILIVM
957 85 1174 124 ORATIO
1409 86 1455 123 16
1476 100 1519 132 50

133 203 175 235 ut
205 196 299 235 mihi
329 209 486 234 causam
516 196 734 246 praeripere
763 195 962 235 conemini
991 195 1121 246 potius
1151 209 1270 246 quam
1304 196 1457 246 aliquos

131 263 182 300 ad
229 262 454 299 columnam
504 261 705 299 Maeniam
745 261 861 300 vestri
911 261 1059 299 ordinis
1100 274 1186 299 reos
1230 261 1459 311 reperiatis?

134 326 373 365 ‘Custodem
388 327 406 372 ',
440 325 576 375 inquit,
611 325 765 364 ‘Tullio
800 339 863 364 me
896 325 1117 376 adponite'.
1181 325 1323 374 Quid?
1361 326 1456 364 mihi
1479 342 1514 374 51

130 403 248 440 quam
288 389 421 427 multis
454 390 686 429 custodibus
721 404 820 441 opus
854 392 936 438 erit,
973 391 1003 429 si
1038 399 1076 429 te
1110 393 1231 429 semel
1264 392 1315 429 ad
1350 404 1456 429 meas

93 470 110 502 5
130 468 266 504 capsas
299 454 525 493 admisero?
568 456 635 505 qui
669 469 749 494 non
782 457 909 494 solum
945 469 994 494 ne
1028 455 1124 506 quid
1158 455 1349 503 enunties,
1387 458 1457 494 sed

129 520 246 558 etiam
285 533 335 558 ne
374 520 469 570 quid
515 522 667 559 auferas
709 520 993 559 custodiendus
1032 521 1094 559 sis.
1164 522 1242 559 Sed
1287 523 1338 559 de
1382 521 1456 559 isto

128 586 292 623 custode
331 592 415 624 toto
450 586 504 624 sic
538 586 650 624 vobis
690 585 918 624 brevissime
958 586 1219 635 respondebo,
1256 599 1336 624 non
1371 600 1457 624 esse

128 651 200 687 hos
235 650 320 688 talis
350 650 452 688 viros
487 650 766 689 commissuros
801 658 843 688 ut
876 651 927 689 ad
958 663 1117 688 causam
1153 658 1302 688 tantam
1335 664 1359 688 a
1393 664 1456 689 me

127 723 364 764 susceptam,
386 714 481 752 mihi
511 715 710 761 creditam,
734 715 943 765 quisquam
974 715 1215 765 subscriptor
1242 729 1304 753 me
1333 715 1456 753 invito

71 794 110 816 10
127 779 325 829 adspirare
367 779 517 829 possit3
564 780 709 818 etenim
752 781 850 818 fides
892 793 979 818 mea
1017 781 1223 819 custodem
1263 780 1453 831 repudiat,

127 843 328 894 diligentia
349 846 635 894 speculatorem
656 845 894 883 reformidat.
1410 855 1413 856 ’

180 911 328 947 Verum
349 916 391 947 ut
411 911 461 947 ad
482 917 531 957 te,
555 909 713 956 Caecili,
737 911 907 956 redeam,
926 923 1045 960 quarn
1067 912 1190 949 multa
1210 918 1247 949 te
1268 910 1453 949 deficiant
1474 925 1514 957 5²

126 974 259 1013 vides:
289 988 408 1024 quam
436 976 560 1012 multa
586 975 663 1013 sint
690 974 729 1012 in
757 982 795 1013 te
825 988 926 1025 quae
954 989 1041 1014 reus
1068 990 1216 1015 nocens
1238 976 1277 1013 in
1298 989 1453 1014 accusa-

126 1047 210 1078 tore
230 1053 302 1078 suo
322 1040 454 1090 cupiat
475 1054 570 1087 esse,
594 1042 770 1090 profecto
794 1040 872 1078 iam
894 1041 1097 1091 intellegis.
1157 1041 1265 1090 Quid
1285 1044 1335 1081 ad
1356 1044 1454 1080 haec

70 1117 106 1148 15
126 1104 204 1142 dici
234 1107 392 1155 potest?
421 1118 502 1143 non
532 1105 637 1143 enim
661 1118 808 1155 quaero
833 1106 929 1156 quid
959 1114 1000 1144 tu
1030 1106 1205 1145 dicturus
1235 1106 1310 1154 sis,
1339 1107 1455 1145 video

127 1169 222 1207 mihi
262 1183 341 1207 non
381 1177 430 1217 te,
464 1171 533 1208 sed
572 1171 678 1208 hunc
717 1170 859 1208 librum
894 1184 979 1209 esse
1014 1185 1304 1221 responsurum,
1336 1185 1454 1221 quem

127 1234 298 1272 monitor
336 1242 426 1272 tuus
465 1234 528 1271 hic
567 1242 700 1282 tenet,
742 1235 809 1285 qui
849 1235 880 1273 si
919 1243 957 1274 te
995 1244 1100 1274 recte
1138 1250 1299 1275 monere
1337 1238 1452 1283 volet,

126 1299 307 1338 suadebit
341 1299 411 1338 tibi
443 1307 485 1338 ut
517 1299 609 1338 hinc
638 1299 820 1338 discedas
850 1314 980 1351 neque
1012 1301 1109 1339 mihi
1138 1302 1300 1340 verbum
1331 1303 1454 1339 ullum

126 1366 375 1414 respondeas.
436 1365 545 1414 Quid
579 1365 685 1403 enim
719 1366 857 1404 dices?
899 1379 949 1404 an
984 1365 1024 1404 id
1056 1368 1165 1416 quod
1199 1367 1365 1413 dictitas,
1402 1367 1456 1404 in-

67 1443 108 1466 20
126 1429 264 1468 iuriam
294 1430 365 1468 tibi
394 1430 533 1468 fecisse
562 1432 755 1469 Verrem?
811 1431 989 1469 Arbitror
1006 1446 1015 1478 ;
1052 1445 1182 1481 neque
1214 1432 1319 1469 enim
1354 1440 1455 1469 esset

126 1494 203 1532 veri
238 1495 375 1542 simile,
411 1509 501 1534 cum
538 1495 723 1533 omnibus
758 1495 897 1534 Siculis
938 1497 1080 1534 faceret
1118 1496 1288 1543 iniurias,
1325 1504 1362 1534 te
1402 1496 1455 1534 illi

126 1573 248 1597 unum
283 1560 469 1598 eximium
504 1560 567 1598 cui
601 1561 822 1598 consuleret
862 1560 990 1598 fuisse.
1061 1562 1138 1598 Sed
1178 1561 1295 1599 ceteri
1335 1561 1454 1599 Siculi
1476 1577 1515 1608 53

126 1626 291 1663 ultorem
325 1639 481 1663 suarum
517 1625 743 1663 iniuriarum
780 1625 1038 1673 invenerunt,
1078 1634 1118 1663 tu
1151 1627 1246 1663 dum
1282 1634 1367 1663 tuas
1402 1626 1455 1663 in-

125 1689 241 1727 iurias
271 1704 338 1739 per
368 1698 416 1737 te,
441 1690 480 1728 id
498 1692 605 1740 quod
636 1704 716 1728 non
747 1698 870 1740 potes,
900 1690 1080 1740 persequi
1112 1690 1274 1737 conaris,
1305 1691 1343 1728 id
1373 1691 1454 1740 agis

69 1767 106 1798 25
126 1762 167 1792 ut
188 1763 406 1793 ceterorum
428 1769 587 1806 quoque
615 1756 778 1794 iniuriae
806 1755 883 1793 sint
909 1755 1124 1805 impunitae
1144 1763 1262 1805 atque
1283 1755 1454 1803 inultae3

125 1827 163 1857 et
184 1821 259 1858 hoc
281 1829 318 1858 te
340 1821 530 1870 praeterit,
555 1835 635 1859 non
658 1822 697 1859 id
718 1823 845 1860 solum
869 1820 1034 1870 spectari
1056 1822 1190 1866 solere,
1209 1821 1276 1870 qui
1297 1822 1450 1867 debeat,

125 1886 194 1923 sed
229 1885 346 1923 etiarn
381 1886 488 1932 illud,
521 1886 587 1936 qui
622 1887 744 1936 possit
774 1887 935 1934 ulcisci,
974 1886 1013 1923 in
1043 1899 1122 1935 quo
1152 1893 1362 1936 utrumque
1392 1886 1449 1932 sit,

125 1962 215 1987 eum
245 1949 483 2000 superiorem
515 1964 610 1997 esse,
643 1951 681 1988 in
712 1965 792 2001 quo
824 1954 1063 1998 alterutrum,
1097 1951 1135 1988 in
1167 1964 1215 1989 eo
1245 1965 1325 1989 non
1356 1952 1451 2001 quid

124 2013 155 2051 is
185 2014 287 2061 velit,
319 2016 388 2053 sed
418 2015 513 2065 quid
546 2017 672 2054 facere
703 2017 836 2066 possit,
870 2018 1002 2067 quaeri
1036 2019 1169 2055 solere.
1231 2017 1387 2064 Quodsi
1416 2017 1450 2054 ei
1471 2028 1513 2060 54

68 2096 106 2126 30
124 2079 372 2128 potissimum
404 2093 541 2118 censes
576 2081 746 2130 permitti
774 2091 954 2132 oportere
982 2082 1194 2121 accusandi
1216 2089 1450 2131 potestatem

124 2144 186 2182 cui
226 2145 435 2182 maximam
468 2146 511 2184 C.
544 2147 685 2184 Verres
723 2146 903 2186 iniuriam
943 2149 1086 2195 fecerit,
1122 2156 1250 2186 utrum
1290 2149 1448 2185 tandem

168 2258 188 2278 2
210 2248 252 2278 ad
277 2248 465 2278 columnam
492 2248 660 2279 Maeniam
678 2248 754 2280 Asc.
774 2262 780 2280 :
804 2261 823 2280 a
842 2251 996 2281 columna
1013 2262 1130 2288 aenea,
1148 2262 1174 2283 s.
1191 2262 1287 2289 enea,
1305 2262 1330 2281 s.
1350 2262 1449 2282 aerea

124 2290 211 2321 codd.
350 2302 387 2330 15
411 2297 445 2321 tu
463 2302 529 2323 om.
548 2291 635 2322 Dal.
747 2304 788 2323 20
812 2300 863 2324 est
879 2296 958 2325 coni.
976 2295 1085 2324 Halm
1186 2297 1227 2325 28
1251 2296 1448 2325 alterutrum

125 2334 268 2374 DLqu
285 2347 291 2365 z
326 2336 467 2365 alterurn
486 2340 595 2366 utrum
615 2336 656 2373 G*2
673 2348 680 2365 z
715 2337 853 2367 alterum
876 2337 983 2376 Gler
999 2337 1069 2368 edd.
1085 2337 1149 2377 (CI.
1169 2337 1248 2369 Rev.
1269 2339 1349 2368 xvii.
1373 2340 1448 2378 199)

167 2399 230 2420 CIC.
251 2399 330 2420 VER.
1343 2395 1361 2423 2
