1769 2739
742 83 1061 122 PRAEFATIO

237 192 476 242 temporibus
507 191 626 230 Tullii
657 191 908 241 sospitatores
938 194 1063 231 codex
1092 194 1156 231 ille
1185 207 1302 242 quem
1334 194 1472 243 raptim
1508 192 1560 230 in-

234 258 404 308 spexisse
421 258 574 296 videtur
592 258 772 295 Nannius
790 273 796 295 z
820 260 827 276 ‘
842 271 979 296 omnes
996 257 1078 296 eius
1095 271 1196 307 quae
1217 258 1410 296 indicatae
1432 265 1561 296 essent

234 322 435 361 varietates
475 322 641 361 totidem
680 323 758 360 fere
776 323 792 369 '‚
827 330 868 360 ut
906 323 959 360 ait
988 325 1204 373 Zumptius,
1239 323 1560 362 ‘emendationes

234 387 436 425 habendas
467 401 551 426 esse
581 386 686 425 illico
716 388 958 425 intellectum
994 390 1074 426 est.'
1133 390 1265 436 Quare
1304 388 1466 426 minime
1504 396 1560 426 est

234 452 454 491 mirandum
476 466 543 491 eos
572 452 639 502 qui
672 453 872 490 Nannium
905 453 1028 490 secuti
1058 461 1158 500 sunt,
1183 462 1218 492 et
1240 453 1307 503 qui
1336 453 1461 492 isdem
1483 456 1561 492 fere

232 519 328 556 locis
350 518 492 567 quibus
513 517 577 556 ille
594 517 790 565 vivebant,
807 517 892 555 talis
913 517 999 555 libri
1022 520 1251 556 memoriam
1269 519 1421 565 fovisse,
1440 531 1558 568 quern

230 583 441 632 apparebat
474 582 626 621 etiamsi
661 582 778 620 tantis
816 582 1009 621 erroribus
1048 596 1070 620 a
1110 583 1269 621 Nannio
1307 585 1559 622 obscuratum

231 660 361 685 veram
382 655 514 685 tamen
539 647 741 687 Ciceronis
763 647 972 697 imaginem
995 647 1225 686 reddidisse.
1285 650 1414 687 Immo
1435 651 1558 700 magis

230 720 331 750 esset
353 712 493 750 mirum
515 713 545 750 si
566 714 691 751 codex
717 721 795 750 tam
825 712 985 762 insignis
1011 712 1201 751 continuo
1222 726 1263 751 se
1284 727 1329 751 ex
1351 714 1555 752 hominum

231 777 369 816 notitia
393 778 653 816 subduxisset.

285 845 378 880 Post
408 842 637 892 impressam
677 845 843 892 primam
884 842 1066 880 Lambini
1102 843 1316 882 editionem
1351 844 1555 894 (1565-6),

230 907 333 945 misit
363 907 413 945 ad
443 921 532 945 eum
564 906 712 945 codicis
742 907 946 946 cuiusdam
978 907 1228 945 vetustissimi
1260 908 1467 958 scripturas
1507 911 1556 947 ad

228 973 310 1011 libr.
330 972 354 1010 ii
372 981 409 1011 et
426 972 465 1010 iii
485 986 507 1010 a
528 974 683 1022 vulgata
699 974 921 1011 differentes
944 975 1003 1010 Fr.
1021 973 1221 1011 Fabricius
1244 975 1556 1012 Marcoduranus

230 1037 370 1088 (Franz
399 1037 577 1076 Schmidt
607 1051 684 1076 von
716 1040 875 1076 Duren:
905 1038 969 1075 ob.
1006 1037 1132 1087 1573).
1208 1040 1348 1088 Neque
1379 1039 1558 1078 dubitare

228 1116 437 1152 possumus
476 1102 582 1151 quin,
615 1103 645 1140 si
675 1103 752 1140 vita
782 1102 817 1140 ei
851 1103 1096 1152 suppetisset,
1130 1104 1297 1141 eandem
1327 1117 1445 1152 quam
1477 1105 1557 1143 Ste-

227 1168 381 1216 phanus
413 1175 626 1216 praeeunte
652 1168 812 1204 Nannio
840 1167 1034 1216 ingressus
1060 1176 1140 1205 erat
1165 1167 1267 1205 viam
1295 1178 1462 1216 secutus,
1485 1170 1555 1207 has

229 1232 394 1270 Fabricii
425 1234 631 1281 scripturas
661 1231 889 1279 Lambinus,
918 1240 1099 1270 accurate
1123 1232 1163 1269 in
1189 1232 1374 1279 libellum,
1405 1241 1447 1271 ut
1474 1234 1556 1283 ipse

226 1296 332 1344 dicit,
364 1298 513 1341 relatas,
547 1296 587 1334 in
618 1304 767 1334 textum
807 1296 991 1335 editionis
1027 1297 1214 1347 repetitae
1245 1306 1415 1336 curasset
1444 1300 1557 1336 adsu-

228 1363 402 1400 mendas.
460 1363 513 1399 Vt
548 1375 605 1399 res
637 1374 677 1399 se
707 1362 837 1407 habet,
869 1375 915 1400 ex
945 1363 1021 1400 hoc
1050 1363 1159 1400 fonte
1188 1361 1370 1400 videntur
1399 1364 1556 1402 fluxisse

227 1426 413 1465 lectiones
429 1439 498 1466 vs.
516 1440 617 1476 quae
634 1426 674 1464 in
690 1428 864 1476 margine
879 1426 1031 1476 positae
1047 1434 1139 1464 sunt
1154 1428 1338 1465 editionis
1355 1429 1554 1477 repetitae,

226 1499 263 1529 et
285 1492 374 1530 huic
394 1492 656 1531 adscribenda
676 1493 754 1530 fere
776 1500 866 1530 sunt
885 1492 1020 1530 omnia
1035 1506 1137 1542 quae
1158 1494 1296 1531 eadem
1319 1494 1415 1531 haec
1436 1494 1556 1532 editio

226 1558 264 1595 in
304 1558 410 1597 libris
439 1557 535 1595 ii—iii
563 1572 587 1596 a
616 1558 742 1607 priore
771 1559 923 1596 diversa
962 1559 1133 1608 praebet.
1212 1559 1335 1596 Hunc
1374 1559 1553 1598 codicem

228 1623 502 1662 Fabricianum
524 1623 612 1673 (F),
636 1623 798 1673 perinde
817 1637 863 1661 ac
889 1623 1157 1670 Nannianum,
1186 1636 1266 1661 non
1294 1622 1413 1660 alium
1436 1624 1553 1662 fuisse

227 1703 344 1739 quam
377 1691 680 1729 Cluniacensem
710 1689 870 1727 abunde
899 1688 1254 1727 demonstravimus
1285 1687 1324 1725 in
1354 1690 1551 1737 Anecdoto,

226 1768 288 1804 pp.
311 1754 536 1793 xxxix—xlvi.

282 1822 419 1859 Restat
446 1823 572 1860 codex
600 1835 718 1871 quem
744 1822 794 1859 de
815 1820 977 1858 nomine
996 1819 1229 1870 possessoris
1245 1820 1255 1839 ¹
1278 1822 1550 1859 Metellianum

225 1885 394 1925 editores
429 1894 670 1937 nuncupant.
730 1888 852 1924 Hunc
884 1886 1054 1923 eundem
1089 1898 1173 1922 esse
1212 1893 1329 1934 atque
1363 1886 1552 1924 Fabricia-

225 1964 320 1989 num
342 1953 424 1991 iure
444 1953 520 1991 iam
542 1953 761 2002 suspicatus
789 1959 846 1990 est
871 1953 1086 1989 Gruterus:
1117 1950 1271 2000 negavit
1302 1951 1340 1988 in
1371 1954 1553 2001 Eplsz‘ola

224 2019 280 2053 ad
309 2019 495 2056 Orellz‘um
527 2018 762 2067 Madvigius,
786 2030 903 2067 quern
934 2025 1091 2055 secutus
1121 2024 1179 2054 est
1210 2017 1318 2054 Bake
1347 2017 1548 2068 (Bz'bliotlz.

225 2083 305 2121 c'rit.
326 2097 433 2131 nova,
450 2100 482 2132 v,
500 2099 562 2135 pp.
584 2084 713 2135 1—56).
759 2085 853 2122 Post
873 2083 1084 2122 Gruterum
1107 2084 1211 2120 idem
1229 2085 1411 2132 opinatus
1433 2092 1490 2122 est
1510 2083 1549 2121 in

224 2147 396 2188 editione
425 2164 494 2188 sua
525 2150 663 2201 (1831)
685 2151 730 2189 C.
752 2152 798 2188 T.
828 2149 1044 2199 Zumptius‚
1073 2149 1140 2198 qui
1168 2150 1344 2198 exiguam
1370 2163 1470 2198 quae
1497 2149 1551 2186 in-

223 2213 376 2252 venitur
396 2214 494 2254 inter
514 2217 586 2254 hos
607 2216 726 2254 libros
748 2215 1007 2255 differentiam
1028 2216 1078 2253 ad
1099 2229 1267 2253 errorem
1289 2229 1422 2253 eorum
1446 2223 1549 2252 recte

370 2346 377 2363 ¹
405 2345 549 2376 Ioannes
568 2346 724 2376 Matalius
744 2346 900 2377 Metellus
917 2347 1019 2387 (jean
1040 2347 1168 2385 Matal)‚
1192 2357 1392 2385 1520—1597.

856 2403 905 2440 vii
