1715 2734
160 90 207 127 61
231 105 287 136 141
596 90 651 126 M.
684 89 852 126 TVLLI
885 89 1193 128 CICERONIS

145 281 203 312 142

148 654 203 691 62

142 925 201 957 143

140 1647 197 1678 144

226 199 394 238 inimicis
435 202 589 239 Romae
634 199 899 250 compositum
939 201 1008 238 sed
1050 202 1221 239 Romam
1265 214 1312 239 ex
1359 199 1560 251 provincia

225 266 487 315 deportatum.
548 265 672 303 Simul
695 264 790 303 illud
807 264 978 314 intellegi
1000 273 1129 315 potest
1151 265 1260 303 istius
1281 265 1320 302 in
1336 265 1556 315 Apronium

225 328 412 376 studium,
436 329 588 380 Aproni
610 330 661 367 de
691 328 765 366 isto
792 342 871 366 non
899 330 1021 368 modo
1046 329 1243 368 confessio
1276 343 1411 368 verum
1439 329 1557 368 etiarn

225 394 560 433 commemoratio.
622 394 777 432 Eodem
817 393 970 432 accedit
1006 395 1114 443 quod
1147 395 1223 432 hoc
1255 407 1414 444 quoque
1449 394 1558 432 intel—

224 461 349 510 legere
370 458 546 509 potestis,
564 458 681 496 istum
699 458 879 497 statuisse
896 458 935 496 in
949 458 1150 508 provincia
1170 473 1240 497 sua
1261 459 1557 498 existimationis
1578 474 1595 506 5

223 538 316 563 suae
344 523 533 562 iudicium
565 532 670 561 extra
700 524 903 562 cohortem
936 537 1046 561 suam
1074 524 1405 563 committendum
1438 525 1557 563 fuisse

223 589 382 628 nemini.

278 654 425 704 Ecquis
464 661 522 692 est
556 653 674 692 iudex
706 653 768 691 cui
802 667 881 692 non
913 654 963 692 ab
996 653 1107 692 initio
1141 654 1351 692 decumani
1383 655 1556 694 criminis

224 733 452 769 persuasum
473 719 522 757 sit
543 718 660 757 istum
682 718 722 756 in
742 726 939 756 aratorum
961 719 1067 757 bona
1088 720 1342 769 fortunasque
1364 719 1555 770 impetum

223 783 390 822 fecisse?
459 783 559 832 Quis
582 785 657 821 hoc
680 796 760 821 non
782 797 829 821 ex
849 796 897 821 eo
918 783 1048 821 statim
1071 783 1267 830 iudicavit,
1292 785 1400 834 quod
1429 792 1554 823 osten·
1582 802 1616 822 ιο

221 849 261 888 di
283 849 400 887 istum
431 850 619 887 decumas
650 862 753 887 nova
778 850 863 898 lege
891 855 1011 898 atque
1041 849 1142 887 adeo
1173 850 1279 886 nulla
1306 850 1390 898 lege
1420 858 1556 887 contra

222 914 400 954 omnium
422 913 753 953 consuetudinem
774 920 893 962 atque
914 913 1091 951 instituta
1105 913 1359 952 vendidisse?
1406 916 1553 952 Verum

221 987 264 1018 ut
294 979 390 1018 istos
424 992 497 1029 ego
526 978 677 1017 iudices
707 986 787 1016 tam
823 992 988 1025 severOS,
1020 986 1099 1016 tam
1127 978 1335 1028 diligentis,
1366 986 1446 1016 tam
1472 978 1556 1017 reli-

221 1046 351 1096 giosos
378 1058 458 1083 non
480 1044 659 1091 habeam,
683 1043 818 1094 ecquis
849 1052 906 1082 est
937 1058 983 1082 ex
1012 1043 1239 1082 iniuriarum
1270 1044 1551 1093 magnitudine,

222 1110 475 1160 improbitate
506 1112 766 1156 decretorum,
791 1109 1029 1147 iudiciorum
1052 1109 1257 1159 iniquitate
1278 1109 1344 1159 qui
1366 1111 1442 1147 hoc
1473 1123 1552 1148 non
1579 1124 1612 1157 ¹5

221 1176 298 1214 iam
323 1177 475 1215 dudum
505 1174 681 1213 statuerit
709 1182 746 1213 et
779 1174 988 1213 iudicarit?
1047 1174 1177 1212 Etiam
1213 1188 1306 1213 sane
1339 1175 1386 1213 sit
1413 1174 1553 1224 aliquis

221 1241 448 1280 dissolutior
477 1240 516 1278 in
551 1240 775 1286 iudicando,
803 1242 933 1290 legum
956 1239 1058 1277 offici
1080 1240 1133 1278 rei
1154 1240 1336 1289 publicae
1357 1239 1552 1278 sociorum

220 1315 338 1357 atque
368 1306 584 1345 amicorum
616 1305 906 1355 neglegentior:
938 1305 1064 1355 quid?
1098 1305 1128 1343 is
1158 1304 1333 1355 possitne
1364 1306 1414 1343 de
1443 1304 1553 1343 istius

221 1372 471 1423 improbitate
504 1371 694 1418 dubitare,
729 1384 818 1409 cum
851 1378 960 1409 tanta
998 1372 1104 1409 lucra
1138 1372 1250 1418 facta,
1287 1379 1366 1408 tam
1399 1369 1553 1420 iniquas

219 1438 423 1489 pactiones
471 1437 505 1475 vi
552 1445 590 1475 et
638 1444 746 1476 metu
784 1450 984 1487 expressas
1031 1436 1271 1486 cognoverit,
1315 1449 1405 1473 cum
1445 1443 1553 1474 tanta
1575 1452 1614 1473 20

220 1503 393 1554 praemia
430 1502 606 1541 civitates
640 1502 677 1540 vi
715 1509 835 1552 atque
873 1501 1049 1551 imperio,
1091 1501 1284 1551 virgarum
1332 1514 1378 1538 ac
1418 1500 1552 1539 mortis

221 1577 338 1616 metu,
363 1583 444 1607 non
474 1569 596 1606 modo
622 1567 799 1617 Apronio
819 1574 938 1617 atque
960 1566 1043 1604 eius
1064 1566 1257 1605 similibus
1278 1579 1412 1604 verum
1435 1565 1551 1604 etiam

220 1634 399 1672 Veneriis
433 1633 552 1672 servis
585 1634 678 1672 dare
717 1634 902 1670 coactas?
960 1632 1115 1680 Quodsi
1150 1631 1237 1681 quis
1271 1631 1468 1669 sociorum
1498 1631 1551 1668 in-

219 1698 442 1738 commodis
473 1698 603 1736 minus
639 1696 1013 1743 commovetur,—si
1050 1711 1169 1747 quem
1213 1704 1409 1734 aratorum
1438 1697 1550 1746 fugae

219 1764 460 1802 calamitates
481 1763 614 1802 exsilia
635 1762 848 1813 suspendia
869 1762 1042 1812 denique
1065 1776 1145 1801 non
1167 1769 1548 1812 permovent‚—non
1572 1775 1610 1804 25

219 1843 381 1879 possum
420 1829 600 1868 dubitare
639 1828 734 1878 quin
775 1828 806 1865 is
837 1835 981 1875 tamen,
1016 1841 1106 1866 cum
1141 1835 1331 1865 vastatam
1365 1826 1548 1874 Siciliam,

219 1895 373 1933 relictos
404 1908 516 1943 agros
543 1908 589 1932 ex
616 1893 817 1931 civitatum
845 1893 981 1931 litteris
1008 1901 1046 1931 et
1071 1907 1117 1931 ex
1144 1893 1310 1943 epistula
1330 1894 1373 1930 L.
1399 1891 1549 1931 Metelli

218 1959 455 2010 cognoverit,
479 1967 622 1997 statuat
640 1959 720 1997 fieri
743 1972 822 1997 non
845 1972 960 2009 posse
981 1966 1023 1996 ut
1044 1960 1094 1997 de
1110 1958 1185 1997 isto
1206 1972 1287 1996 non
1308 1956 1550 1996 severissime

220 2025 422 2064 iudicetur.
484 2024 565 2063 Erit
596 2024 713 2063 etiam
744 2023 884 2073 aliquis
917 2023 983 2073 qui
1017 2025 1114 2062 haec
1141 2023 1275 2062 omnia
1304 2022 1549 2061 dissimulare

218 2104 264 2129 ac
285 2092 488 2141 neglegere
505 2089 656 2139 possit?
703 2088 827 2126 Attuli
850 2088 1083 2138 sponsiones
1101 2089 1186 2139 ipso
1208 2096 1411 2138 praesente
1428 2089 1548 2125 factas
1569 2102 1609 2132 30

268 2205 279 2225 1
307 2206 351 2225 cx
371 2195 453 2226 VO:
480 2195 558 2234 dep
577 2194 642 2224 rell.
787 2203 805 2222 2
831 2194 1042 2232 deportatum
1066 2193 1129 2223 Vc:
1153 2193 1285 2232 adport.
1307 2192 1336 2222 O
1353 2203 1360 2222 ε
1378 2195 1508 2230 export.
1527 2196 1549 2231 p

220 2240 284 2268 rell.
397 2249 436 2268 10
460 2237 617 2268 iudicavit
639 2237 720 2267 VO:
749 2236 844 2276 -bitp
861 2237 928 2267 rell.
1042 2247 1077 2273 14
1104 2236 1241 2266 habeam
1265 2235 1362 2266 VcO:
1389 2235 1547 2264 haberem

214 2287 238 2321 j)
256 2282 321 2313 rell.
440 2283 478 2312 16
502 2292 539 2312 ac
555 2281 584 2311 O
606 2282 638 2319 (ξ
658 2291 713 2320 20)
805 2280 907 2319 aliqui
928 2279 958 2309 V
1077 2290 1114 2318 19
1140 2290 1212 2310 cnm
1237 2279 1319 2310 VO:
1346 2279 1422 2308 dum
1438 2284 1461 2318 p
1478 2278 1542 2308 rcll.

219 2335 261 2355 20
285 2336 358 2355 cum
380 2325 432 2355 0:
457 2331 525 2355 tum
540 2330 564 2365 p
582 2324 648 2360 rell.
668 2335 673 2353 ς
699 2334 765 2353 om.
791 2322 819 2352 V
975 2334 1011 2353 ει
1040 2329 1141 2361 atque
1165 2322 1246 2362 VOp
1264 2334 1269 2352 :
1295 2328 1327 2352 et
1345 2322 1388 2353 al.
1410 2321 1543 2351 Jordan.

219 2379 260 2408 23
285 2369 338 2407 qui
363 2369 388 2397 Ι)
492 2379 531 2406 27
559 2379 600 2397 cx
618 2368 714 2406 epist.
738 2368 792 2397 O:
819 2366 998 2407 epistulas>
1020 2367 1085 2397 wls.
1195 2377 1237 2406 29
1261 2366 1378 2405 aliquis
1397 2365 1496 2396 etiam
1516 2364 1546 2395 O
