1715 2734
113 786 149 806 10

111 1112 147 1143 15

110 1437 149 1458 20

110 1760 147 1790 25

168 75 436 115 ACTIONIS
459 76 520 113 IN
541 75 584 113 C.
604 74 845 111 VERREM
868 73 1167 112 SECVNDAE
1189 73 1291 110 LIB.
1318 73 1383 110 III
1465 82 1493 119 9
1515 87 1552 108 22

168 186 308 225 retinet
346 186 432 223 illos
471 185 553 223 elus
594 184 749 235 spiritus
791 184 1002 235 Siciliensis
1043 198 1142 233 quos
1191 183 1308 222 fuisse
1348 183 1493 233 putetis

170 250 355 303 [cogitate
375 249 437 302 ac]
460 250 731 289 recordamini.
794 250 874 288 Hic
904 256 962 288 est
983 249 1181 298 Apronius
1209 263 1327 298 quem
1349 249 1388 286 in
1410 263 1495 298 pro-

167 315 294 353 vincia
315 323 396 353 tota
417 317 568 361 Verres,
592 328 681 352 cum
714 314 890 364 undique
919 313 1181 363 nequissimos
1202 313 1383 351 homines
1404 327 1495 351 con-

168 381 359 430 quisisset,
384 387 421 418 et
442 393 532 417 cum
554 379 638 429 ipse
660 393 793 417 secum
816 379 875 417 sui
905 378 1040 417 similis
1061 378 1235 416 duxisset
1256 392 1336 416 non
1358 392 1495 428 parum

168 447 322 491 multos,
347 444 521 494 nequitia
552 445 701 482 luxuria
730 444 895 482 audacia
926 444 984 482 sui
1014 443 1256 482 simillimum
1285 443 1498 490 iudicavit3

168 510 298 559 itaque
314 509 408 547 istos
426 510 524 547 inter
546 523 588 548 se
609 509 786 559 perbrevi
810 517 987 559 tempore
1008 522 1088 546 non
1105 522 1174 555 res,
1194 522 1273 547 non
1289 508 1397 554 ratio,
1416 521 1496 545 non

168 574 462 613 commendatio
483 574 624 624 aliqua,
650 576 719 612 sed
741 575 961 613 studiorum
983 574 1184 623 turpitudo
1201 573 1498 622 similitudoque

168 638 379 677 coniunxit.
451 639 582 677 Verris
632 653 758 677 mores
807 639 1008 689 improbos
1055 639 1311 688 impurosque
1350 637 1497 675 nostis:

168 704 302 754 fingite
323 703 434 741 vobis
462 703 493 741 si
525 704 701 753 potestis,
724 704 895 754 aliquem
924 704 990 753 qui
1017 703 1056 741 in
1083 703 1269 741 omnibus
1297 702 1358 741 isti
1380 703 1496 741 rebus

168 783 236 819 par
256 770 306 807 ad
328 769 505 806 omnium
529 769 764 818 flagitiorum
786 769 950 807 nefarias
978 768 1162 807 libidines
1183 782 1268 807 esse
1288 768 1436 818 possit3
1466 768 1497 806 is

168 834 238 872 erit
259 834 458 884 Apronius
487 834 550 872 ille
581 834 659 883 qui,
683 842 724 872 ut
755 834 838 883 ipse
868 847 948 872 non
978 835 1105 872 solum
1128 834 1204 871 vita
1234 835 1303 872 sed
1333 846 1497 883 corpore

167 907 285 949 atque
306 913 372 937 ore
403 898 605 949 significat,
630 898 824 937 immensa
849 899 981 948 aliqua
999 911 1143 948 vorago
1173 906 1232 936 est
1260 906 1326 936 aut
1356 912 1495 948 gurges

168 963 348 1001 vitiorum
389 963 758 1013 turpitudinumque
796 963 987 1002 omnium.
1060 965 1183 1001 Hunc
1222 962 1261 1000 in
1310 963 1496 1001 omnibus

169 1029 321 1079 stupris,
354 1030 459 1067 hunc
490 1029 529 1066 in
559 1030 738 1067 fanorum
773 1029 1086 1078 expilationibus,
1123 1030 1229 1067 hunc
1260 1028 1300 1066 in
1334 1028 1497 1078 impuris

170 1094 357 1132 conviviis
393 1094 609 1144 principem
644 1094 885 1141 adhibebat3
914 1102 1144 1143 tantamque
1183 1094 1302 1132 habet
1341 1107 1496 1132 morum

169 1159 385 1198 similitudo
416 1159 739 1198 coniunctionem
770 1167 888 1209 atque
919 1159 1173 1198 concordiam
1208 1167 1250 1197 ut
1284 1159 1494 1208 Apronius,

168 1224 235 1274 qui
266 1225 350 1263 aliis
383 1225 622 1263 inhumanus
653 1239 699 1263 ac
734 1225 930 1271 barbarus,
973 1225 1035 1263 isti
1074 1225 1141 1263 uni
1181 1226 1416 1263 commodus
1451 1238 1497 1263 ac

168 1290 335 1328 disertus
360 1291 582 1338 videretur,
612 1298 654 1329 ut
685 1304 803 1340 quem
835 1304 975 1329 omnes
1006 1292 1182 1329 odissent
1211 1304 1342 1340 neque
1363 1290 1496 1329 videre

168 1357 323 1403 vellent,
347 1356 430 1394 sine
461 1370 508 1394 eo
531 1356 603 1394 iste
633 1370 718 1394 esse
749 1370 830 1394 non
861 1364 1019 1406 posset3
1049 1364 1091 1394 ut
1121 1370 1209 1394 cum
1240 1356 1305 1394 alii
1335 1369 1385 1394 ne
1406 1369 1496 1394 con-

168 1421 278 1458 viviis
318 1421 479 1471 quidem
520 1421 645 1460 isdem
686 1422 829 1471 quibus
862 1422 1073 1472 Apronius,
1109 1422 1172 1459 hic
1213 1421 1337 1460 isdem
1377 1421 1495 1460 etiam

168 1486 320 1536 poculis
343 1494 537 1533 uteretur3
567 1494 768 1537 postremo
790 1495 831 1525 ut
862 1489 961 1526 odor
982 1487 1132 1537 Aproni
1154 1486 1398 1525 taeterrimus
1419 1486 1496 1524 oris

168 1559 206 1589 et
245 1552 618 1602 corporis,—quem,
661 1559 702 1590 ut
740 1551 861 1599 aiunt,
903 1566 953 1590 ne
993 1552 1141 1590 bestiae
1188 1551 1351 1601 quidem
1399 1552 1496 1589 ferre

168 1616 465 1666 possent,—uni
496 1617 557 1655 isti
589 1617 718 1655 suavis
748 1625 787 1656 et
817 1617 1013 1656 iucundus
1046 1617 1251 1656 videretur.
1314 1618 1386 1655 Ille
1416 1624 1496 1654 erat

168 1681 207 1719 in
242 1682 425 1720 tribunali
457 1682 667 1732 proximus⁷
699 1682 739 1720 in
772 1683 956 1721 cubiculo
988 1684 1104 1729 solus,
1141 1682 1180 1720 in
1213 1681 1395 1720 convivio
1429 1682 1496 1719 do-

169 1746 310 1794 minus,
332 1761 378 1785 ac
399 1755 481 1785 tum
504 1747 672 1786 maxime
693 1761 784 1786 cum
805 1749 1024 1786 accubante
1046 1755 1286 1798 praetextato
1307 1746 1495 1796 praetoris

168 1812 249 1849 filio
279 1814 417 1851 saltare
448 1813 488 1869 in
514 1812 695 1869 conyivio
725 1814 855 1851 nudus
877 1821 1070 1863 coeperat.
1131 1815 1264 1860 Hunc,
1288 1812 1343 1850 uti
1364 1811 1495 1850 dicere

168 1876 327 1923 institui,
360 1877 577 1927 principem
608 1879 748 1915 Verres
783 1879 834 1915 ad
864 1879 1039 1916 fortunas
1071 1885 1266 1916 aratorum
1297 1877 1494 1914 vexandas

167 1942 486 1991 diripiendasque
506 1956 591 1980 esse
612 1942 759 1980 voluit:
790 1942 905 1980 huius
933 1943 1121 1981 audaciae
1143 1941 1340 1991 nequitiae
1361 1942 1495 1979 crude-

213 2054 231 2073 2
257 2045 481 2075 recordamini
503 2045 521 2074 l
522 2044 583 2075 O:
608 2045 755 2083 cogitate
768 2055 806 2075 ac
826 2046 1050 2076 recordamini
1064 2051 1088 2085 p
1106 2046 1171 2076 zell
1331 2055 1349 2082 4
1375 2048 1408 2074 et
1427 2054 1490 2073 om.

172 2088 203 2117 V
371 2099 392 2127 9
416 2089 511 2119 vobis
529 2089 556 2118 si
575 2089 715 2136 potestis
732 2089 874 2127 aliquem
897 2089 1058 2129 Vetpler.
1080 2087 1123 2130 xs¹i
1143 2093 1211 2128 pot.
1232 2083 1325 2117 vobis
1342 2087 1418 2126 aliq.
1432 2088 1492 2127 p):

168 2132 264 2162 vobis
281 2132 357 2171 aliq.
380 2132 407 2162 si
426 2137 491 2172 pot
515 2132 545 2161 O
642 2132 716 2161 istis
737 2132 797 2161 VO
922 2144 956 2163 11
983 2135 1043 2164 sed
1062 2132 1128 2163 cO.
1155 2133 1213 2162 sed
1231 2132 1328 2161 etiam
1349 2131 1414 2162 rell
1434 2131 1493 2171 (iii,

170 2178 207 2212 ἐξ
231 2185 256 2211 1,
276 2176 331 2214 56)
478 2186 516 2205 12
541 2180 634 2215 autp
650 2175 740 2215 vulg.
762 2186 768 2204 x
794 2185 831 2205 ac
848 2176 914 2208 cod.
938 2176 1008 2208 Vrs.
1029 2189 1034 2206 τ
1062 2182 1095 2207 et
1112 2176 1222 2206 Halm
1243 2180 1288 2213 tv,
1311 2178 1348 2213 §§
1367 2184 1418 2213 34,
1439 2177 1495 2213 64]

168 2220 209 2248 26
233 2219 357 2249 saltare
382 2219 414 2248 in
440 2219 590 2249 convivio
618 2218 648 2248 O
674 2219 773 2258 tproh.
800 2219 878 2250 Ziel.
905 2225 938 2260 p.
970 2221 1066 2259 1957:
1100 2221 1131 2250 in
1157 2230 1252 2250 conv.
1282 2218 1354 2249 salt.
1377 2225 1403 2259 p
1427 2218 1493 2248 rell.

171 2262 290 2299 (Deiot.
313 2265 327 2299 ξ
347 2263 402 2292 26⁸
479 2263 588 2293 nudus
606 2273 671 2292 om.
693 2263 736 2291 πΙε
849 2273 888 2302 27
914 2265 956 2294 ad
974 2264 1126 2294 fortunas
1144 2263 1211 2293 cO:
1236 2263 1276 2292 ad
1295 2262 1496 2292 evertendas

169 2306 316 2336 fortunas
328 2311 353 2346 p
371 2306 436 2337 rell.

211 2370 273 2390 cic.
291 2371 371 2392 VER.
1368 2359 1408 2389 14

1519 650 1557 680 23

1517 1789 1562 1816 10

1518 1849 1555 1879 24
1577 1837 1580 1839 ’
