1715 2734
154 125 422 166 ACTIONIS
444 128 503 164 IN
525 127 571 165 C.
593 127 835 163 VERREM
856 126 1154 165 SECVNDAE
1176 126 1280 162 LIB.
1305 126 1363 162 IV
1418 134 1473 170 30
1495 128 1538 159 68

155 235 468 282 arbitrabuntur3
515 235 573 273 sin
612 236 688 273 hoc
726 248 796 273 vos
834 233 873 272 in
911 248 1000 285 rege
1037 241 1116 272 tam
1148 233 1285 280 nobili,
1321 248 1360 272 re
1396 241 1477 272 tam

155 301 309 348 eximia,
339 300 480 338 iniuria
510 307 589 338 tam
624 300 765 339 acerba
796 299 1011 350 neglexisse
1049 298 1221 344 audient,
1259 312 1339 336 non
1365 305 1480 336 erunt

155 373 234 403 tam
259 372 435 403 amentes
463 372 505 403 ut
529 378 689 414 operam
717 378 849 402 curam
870 363 1079 414 pecuniam
1100 363 1333 414 impendant
1354 363 1393 401 in
1414 377 1479 401 eas

154 444 213 469 res
229 444 326 480 quas
346 429 457 468 vobis
477 438 603 480 gratas
626 432 707 469 fore
727 444 805 468 non
828 428 1070 467 arbitrentur.

116 511 132 542 5
208 497 301 533 Hoc
334 496 436 542 loco,
468 496 520 543 Q.
558 496 709 541 Catule,
739 502 777 532 te
808 495 988 544 appello;
1020 495 1160 543 loquor
1187 493 1293 532 enim
1324 494 1374 532 de
1410 500 1478 530 tuo
1498 474 1541 565 {g

153 559 367 598 clarissimo
383 559 726 609 pulcherrimoque
749 566 1018 597 monumento.
1079 560 1171 596 Non
1193 558 1333 596 iudicis
1350 559 1477 595 solum

153 624 397 663 severitatem
418 624 457 661 in
479 625 555 662 hoc
576 623 749 671 crimine,
771 625 841 662 sed
862 637 983 673 prope
1001 623 1151 661 inimici
1181 631 1298 672 atque
1323 636 1479 661 accusa-

153 688 245 727 toris
274 688 352 727 vim
382 688 579 739 suscipere
608 690 741 727 debes.
800 691 910 726 Tuus
940 688 1045 726 enim
1076 690 1203 727 honos
1236 689 1302 727 illo
1330 690 1479 738 templo

153 760 309 792 senatus
339 753 555 803 populique
588 753 760 791 Romani
793 753 997 800 beneficio,
1031 753 1086 790 tui
1118 753 1287 791 nominis
1322 761 1479 791 aeterna

96 833 133 855 10
153 817 341 856 memoria
364 817 479 855 simul
504 831 593 856 cum
616 820 764 868 templo
785 817 852 856 illo
873 824 1148 865 consecratum
1178 817 1247 855 tibi
1269 819 1366 856 haec
1387 831 1479 859 cura

152 881 412 932 suscipienda,
448 882 518 920 tibi
553 884 650 921 haec
684 896 802 932 opera
832 882 1024 920 sumenda
1055 889 1124 929 est,
1153 889 1195 920 ut
1223 882 1476 932 Capitolium,

152 948 333 996 quemad
354 948 518 985 modum
541 947 853 997 magnificentius
875 954 933 985 est
954 946 1186 994 restitutum,
1205 947 1258 985 sic
1279 947 1477 997 copiosius

151 1019 331 1049 ornatum
366 1011 414 1049 sit
445 1025 563 1061 quam
599 1011 680 1058 suit,
709 1019 750 1049 ut
784 1012 849 1049 illa
883 1013 1041 1049 flamma
1075 1011 1260 1050 divinitus
1285 1012 1477 1051 exstitisse

152 1074 338 1122 videatur,
359 1089 440 1114 non
469 1089 570 1125 quae
601 1077 748 1114 deleret
770 1075 874 1114 Iovis
902 1075 1053 1125 Optimi
1082 1076 1246 1114 Maximi
1273 1079 1475 1127 templum,

91 1156 130 1187 15
151 1141 221 1178 sed
241 1154 342 1190 quae
362 1140 595 1190 praeclarius
617 1140 1008 1189 magnificentiusque
1029 1142 1269 1190 deposceret.
1320 1141 1476 1180 Audisti
1499 1152 1538 1186 70

152 1206 200 1253 Q.
221 1204 442 1242 Minucium
459 1205 588 1244 dicere
615 1204 723 1243 domi
744 1218 837 1243 suae
858 1206 1105 1243 deversatum
1135 1218 1219 1243 esse
1232 1205 1473 1243 Antiochum

150 1283 280 1319 regem
314 1269 536 1318 Syracusis3
566 1283 607 1308 se
639 1269 735 1307 illud
763 1268 860 1307 scire
886 1270 937 1307 ad
965 1268 1081 1306 istum
1110 1283 1194 1308 esse
1220 1271 1406 1316 delatum,
1434 1283 1476 1308 se

150 1334 248 1373 scire
285 1348 365 1373 non
400 1334 626 1382 redditum3
654 1333 797 1372 audisti
832 1341 870 1371 et
908 1333 1043 1372 audies
1082 1334 1191 1372 omni
1222 1347 1243 1372 e
1278 1342 1475 1372 conventu

150 1401 393 1448 Syracusano
432 1399 499 1448 qui
538 1398 590 1437 ita
629 1399 772 1446 dicant,
813 1412 897 1437 sese
945 1397 1197 1436 audientibus
1245 1398 1341 1436 illud
1390 1399 1475 1437 Iovi

90 1480 130 1501 20
150 1463 312 1513 Optimo
349 1463 525 1501 Maximo
554 1463 727 1502 dicatum
759 1476 843 1501 esse
872 1463 923 1501 ab
961 1476 1050 1512 rege
1084 1463 1283 1500 Antiocho
1316 1470 1354 1501 et
1386 1477 1475 1502 con-

148 1535 352 1566 secratum.
411 1527 451 1566 Si
486 1527 602 1566 iudex
643 1542 723 1566 non
764 1541 869 1566 esses
904 1534 941 1565 et
971 1528 1068 1565 haec
1098 1528 1147 1565 ad
1186 1534 1223 1565 te
1253 1529 1382 1565 delata
1415 1542 1474 1567 res

147 1599 259 1639 esset,
281 1599 317 1631 te
339 1592 585 1642 potissimum
614 1593 689 1631 hoc
717 1591 909 1642 persequi,
933 1599 970 1630 te
1000 1599 1142 1641 petere,
1165 1598 1201 1629 te
1225 1605 1337 1641 agere
1364 1605 1474 1642 opor-

147 1664 252 1695 teret.
313 1658 444 1705 Quare
479 1671 558 1696 non
585 1657 725 1696 dubito
756 1671 835 1707 quo
862 1657 995 1695 animo
1023 1656 1139 1695 iudex
1166 1657 1280 1695 huius
1302 1658 1472 1697 criminis

146 1735 230 1760 esse
250 1722 407 1769 debeas,
423 1722 490 1772 qui
510 1724 616 1773 apud
636 1723 755 1761 alium
778 1722 949 1761 iudicem
971 1723 1096 1760 multo
1116 1722 1239 1760 acrior
1260 1736 1377 1773 quam
1399 1738 1471 1774 ego

88 1804 126 1834 25
145 1799 232 1824 sum
251 1794 359 1824 actor
378 1795 660 1837 accusatorque
678 1800 763 1825 esse
784 1787 958 1825 deberes

198 1851 322 1889 Vobis
342 1859 488 1899 autem,
509 1853 669 1899 iudices,
692 1852 787 1902 quid
817 1853 892 1890 hoc
920 1851 1117 1902 indignius
1137 1859 1203 1890 aut
1224 1853 1319 1902 quid
1341 1854 1469 1892 minus
1490 1832 1541 1912 ἓξ

144 1916 349 1955 ferendum
365 1916 486 1955 videri
502 1924 631 1967 potest
647 1919 663 1955 ?
704 1918 897 1956 Verresne
911 1918 1073 1955 habebit
1090 1917 1197 1955 domi
1216 1931 1308 1957 suae
1329 1920 1470 1958 cande-
1493 1899 1504 1922 l

142 1981 294 2019 labrum
326 1981 430 2019 Iovis
451 1995 472 2020 e
506 1982 670 2032 gemmis
695 1996 870 2032 auroque
898 1983 1145 2032 perfectum?
1185 1983 1294 2020 cuius
1320 1984 1468 2032 fulgore

142 2047 350 2084 conlucere
361 2053 480 2096 atque
492 2046 684 2085 inlustrari
695 2047 799 2085 Iovis
808 2047 959 2097 Optimi
976 2047 1137 2085 Maximi
1152 2049 1341 2097 templum
1357 2061 1467 2098 opor-

83 2128 124 2158 30
142 2110 258 2158 tebat,
282 2110 323 2150 id
351 2112 458 2161 apud
487 2111 603 2150 istum
638 2112 678 2150 in
713 2113 795 2151 eius
830 2114 939 2151 modi
974 2112 1162 2150 conviviis
1195 2113 1462 2161 constituetur,

183 2224 202 2243 2
225 2214 391 2245 audierint
402 2216 445 2254 p&
576 2217 596 2246 8
620 2216 709 2246 enim
728 2220 778 2246 est
795 2216 900 2246 honos
917 2228 956 2247 π;
982 2220 1033 2247 est
1050 2216 1138 2246 enim
1158 2216 1265 2246 honos
1282 2217 1297 2245 δ
1425 2227 1462 2256 17

139 2257 216 2287 illud
243 2257 479 2289 candelabrum
508 2259 598 2289 Bake
775 2261 814 2290 18
839 2260 928 2290 omni
956 2259 1039 2290 RS:
1074 2269 1191 2289 omnes
1212 2260 1274 2298 pB:
1311 2259 1464 2290 homines

140 2299 241 2332 Cobet.
261 2300 346 2332 Fort.
366 2302 519 2332 homines
537 2302 624 2332 omni
772 2303 814 2333 28
839 2313 856 2333 e
874 2303 1015 2343 gemmis
1031 2313 1180 2341 auroque
1199 2302 1383 2341 perfectum
1401 2303 1460 2335 del.

137 2342 292 2374 Schwabe
422 2355 465 2384 30
489 2346 638 2376 eiusdem
656 2355 749 2377 conv.
771 2357 792 2375 π
