1715 2734
135 105 191 142 39

134 382 189 419 40

148 442 183 474 91

144 1065 184 1097 92

139 1588 181 1619 93

211 111 256 144 90
582 96 637 133 M.
669 95 838 132 TVLLI
869 94 1175 133 CICERONIS

210 208 425 245 darentur?
482 209 535 245 At
584 220 797 256 permagno
846 207 1034 244 decumas
1073 206 1156 244 eius
1195 205 1274 255 agri
1314 205 1535 244 vendidisti.

209 271 404 310 Videlicet
434 271 619 321 gloriatur
650 285 729 308 non
760 270 953 320 Turpioni
984 272 1134 308 lucrum
1170 271 1307 309 datum
1341 283 1437 317 esse,
1469 271 1538 310 sed

210 336 375 375 Petrinis
398 336 606 386 pecuniam
629 343 814 385 ereptam.

265 401 405 450 Quid?
451 401 720 450 Halicyenses,
744 413 911 450 quorum
940 399 1093 438 incolae
1123 401 1311 438 decumas
1334 401 1440 447 dant,
1464 399 1537 450 ipsi

209 480 320 517 agros
351 466 537 504 immunis
566 466 723 512 habent,
756 478 889 503 nonne
924 465 1015 503 huic
1048 465 1176 503 eidem
1213 465 1418 514 Turpioni,
1446 477 1536 502 cum
1558 479 1575 509 5

209 533 400 570 decumae
421 543 444 568 c
467 531 569 568 med.
592 530 801 575 venissent,
825 529 893 566 HS
915 531 970 567 ff
993 530 1084 567 dare
1113 529 1237 567 coacti
1260 531 1379 567 sunt?
1435 529 1475 567 Si
1496 529 1536 567 id

209 598 317 646 quod
341 595 508 634 maxime
530 595 584 632 vis
606 608 742 645 posses
763 596 939 645 probare,
965 596 1061 633 haec
1083 595 1134 632 ad
1157 595 1399 632 decumanos
1430 595 1537 631 lucra

208 662 372 708 venisse,
397 661 493 699 nihil
514 669 552 699 te
572 660 755 711 attigisse,
775 669 907 699 tamen
930 662 1003 698 hae
1021 659 1212 710 pecuniae
1235 673 1302 709 per
1318 659 1397 696 vim
1418 667 1536 708 atque

208 727 386 765 iniuriam
410 735 515 764 tuam
535 734 672 776 captae
693 734 730 764 et
748 726 979 764 conciliatae
996 725 1066 763 tibi
1085 724 1209 763 fraudi
1227 738 1273 762 ac
1291 724 1535 763 damnationi

207 806 292 831 esse
319 792 536 838 deberent3
565 804 656 828 cum
679 804 770 829 vero
795 792 870 829 hoc
896 790 1043 829 nemini
1072 790 1306 840 persuadere
1332 789 1469 839 possis,
1497 797 1535 826 te
1560 805 1599 828 ιο

207 865 285 896 tam
318 864 517 895 amentem
549 856 668 894 fuisse
701 864 742 894 ut
775 855 995 906 Apronium
1033 863 1071 893 et
1111 854 1366 904 Turpionem,
1404 867 1534 892 servos

206 922 402 969 homines,
416 930 484 959 tuo
506 921 752 971 liberumque
774 929 930 959 tuorum
953 921 1128 971 periculo
1146 920 1285 959 divites
1307 919 1387 958 fieri
1405 921 1533 966 velles,

206 987 476 1026 dubitaturum
498 1000 738 1036 quemquam
761 986 959 1025 existimas
982 986 1078 1036 quin
1101 985 1174 1023 illis
1209 985 1417 1024 emissariis
1438 986 1536 1024 haec

206 1052 276 1090 tibi
311 1052 439 1091 omnis
472 1051 639 1102 pecunia
674 1051 851 1102 quaesita
883 1051 964 1089 sit?
1023 1053 1223 1100 Segestam
1260 1050 1353 1089 item
1384 1052 1435 1088 ad
1467 1050 1535 1088 im-

208 1131 367 1156 munem
388 1117 585 1156 civitatem
608 1116 802 1155 Venerius
832 1118 1092 1166 Symmachus
1125 1117 1370 1154 decumanus
1393 1115 1535 1154 immit-
1561 1131 1594 1162 ¹5

204 1182 305 1221 titur.
366 1184 404 1220 Is
426 1183 475 1220 ab
498 1183 571 1220 isto
593 1181 737 1220 litteras
758 1182 895 1228 adfert,
920 1189 962 1219 ut
984 1181 1058 1219 sibi
1075 1188 1211 1219 contra
1229 1180 1363 1219 omnia
1376 1189 1533 1219 senatus

203 1249 393 1295 consulta,
427 1255 563 1285 contra
601 1246 734 1285 onmia
773 1246 866 1293 iura,
908 1254 1125 1295 contraque
1165 1246 1292 1295 legem
1333 1245 1533 1296 Rupiliam

202 1320 308 1351 extra
337 1314 464 1350 sorum
495 1312 766 1350 vadimonium
799 1311 1028 1361 promittant
1059 1318 1239 1349 aratores.
1300 1310 1449 1349 Audite
1479 1310 1535 1349 lit-

201 1386 301 1416 teras
331 1391 427 1428 quas
462 1379 512 1416 ad
544 1379 776 1427 Segestanos
810 1377 967 1415 miserit.
1035 1379 1249 1415 LITTERAE
1280 1378 1324 1417 C.
1357 1379 1530 1417 VERRls.

204 1443 283 1482 Hic
312 1443 505 1482 Venerius
535 1456 653 1493 quem
685 1444 736 1481 ad
774 1444 937 1481 modum
971 1451 1141 1482 aratores
1177 1443 1344 1491 eluserit,
1377 1458 1424 1483 ex
1456 1459 1533 1483 una
1558 1460 1596 1481 20

201 1508 384 1559 pactione
405 1507 576 1547 hominis
607 1507 761 1545 honesti
789 1507 1026 1557 gratiosique
1049 1508 1300 1558 cognoscite;
1331 1509 1369 1547 in
1391 1510 1532 1548 eodem

201 1574 307 1612 enim
350 1588 491 1624 genere
539 1581 629 1611 sunt
673 1581 811 1612 cetera.
877 1574 1035 1613 Diocles
1085 1583 1143 1613 est
1191 1576 1530 1623 Panhormitanus,

202 1639 360 1678 Phimes
390 1639 638 1689 cognomine,
672 1641 794 1677 homo
825 1641 995 1679 inlustris
1026 1656 1071 1680 ac
1106 1643 1258 1681 nobilis.
1320 1643 1467 1681 Arabat
1503 1641 1534 1679 is

198 1718 333 1754 agrum
364 1705 607 1742 conductum
640 1703 676 1741 in
711 1708 953 1754 Segestanm
987 1722 1076 1746 nam
1110 1709 1391 1747 commercium
1424 1708 1462 1746 in
1485 1721 1533 1745 eo

198 1784 290 1819 agro
311 1770 459 1808 nemini
481 1778 562 1817 est3
593 1773 836 1811 conductum
865 1774 1036 1813 habebat
1063 1776 1129 1812 HS
1153 1790 1219 1814 sex
1242 1776 1409 1814 milibus.
1457 1777 1533 1813 Pro
1556 1789 1593 1821 25

198 1837 376 1881 decuma,
410 1849 500 1874 cum
531 1838 707 1886 pulsatus
729 1853 751 1876 a
774 1841 945 1879 Venerio
979 1849 1094 1889 esset,
1125 1842 1272 1881 decidit
1304 1842 1373 1879 HS
1401 1842 1472 1879 x—V1
1495 1849 1533 1879 et

199 1901 396 1938 mrdz‘mm's
417 1913 573 1940 DCL1111.
639 1905 686 1942 Id
708 1920 754 1944 ex
779 1908 921 1945 tabulis
944 1908 1063 1958 ipsius
1088 1909 1323 1959 cognoscite.
1373 1909 1532 1946 NOMEN

202 1968 373 2004 l)iocLis
405 1970 752 2009 PANHORMITANI.
823 1973 930 2011 Huic
963 1974 1090 2012 eidem
1125 1976 1364 2024 Symmacho
1386 1974 1430 2012 C.
1455 1975 1534 2011 An-

198 2046 318 2070 naeus
342 2036 542 2074 Brocchus
569 2045 735 2081 senator,
761 2039 883 2076 homo
905 2053 953 2077 eo
976 2041 1197 2089 splendore,
1221 2054 1267 2078 ea
1287 2039 1437 2085 virtute,
1454 2051 1531 2088 qua

197 2111 335 2136 omnes
357 2099 595 2148 existimatis,
628 2116 812 2140 nummos
844 2112 993 2153 praeter
1023 2106 1263 2143 frumentum
1292 2112 1452 2143 coactus
1473 2110 1530 2141 est
1551 2113 1594 2144 30

240 2216 261 2244 9
286 2211 317 2235 et
337 2206 405 2237 secl.
430 2206 540 2237 Muell.
567 2206 598 2241 (s
622 2217 657 2244 71
679 2209 793 2238 suma*
814 2219 820 2237 ε
847 2213 936 2238 esset
958 2208 988 2238 Ο
1180 2219 1213 2239 11
1241 2215 1275 2240 et
1295 2209 1325 2239 Ο
1343 2220 1349 2238 :
1372 2214 1447 2248 aes>
1464 2209 1529 2239 rell.

201 2259 237 2287 17
263 2256 377 2280 contra
397 2250 508 2280 omnia
528 2251 598 2280 iura
615 2261 680 2279 om.
705 2250 755 2289 Op
789 2251 837 2281 hic
852 2256 881 2281 c!
896 2262 968 2282 sen.
991 2254 1099 2283 cons&
1234 2263 1274 2282 22
1299 2252 1386 2282 enim
1401 2258 1425 2291 p
1443 2253 1506 2284 rell.
1524 2264 1530 2282 τ

197 2303 260 2323 mn.
286 2293 316 2322 O
432 2302 472 2330 23
497 2293 616 2323 nobilis
636 2293 683 2323 cO
701 2305 706 2323 :
734 2294 852 2324 nobilis
872 2301 985 2325 arator
998 2300 1021 2334 p
1039 2295 1104 2326 rell.
1124 2298 1202 2326 (0111.
1224 2296 1363 2329 Arabat)
1490 2306 1531 2335 25

199 2335 262 2366 Pro
283 2337 422 2367 decuma
440 2347 504 2368 om.
527 2336 575 2366 cO
653 2338 694 2366 26
719 2338 843 2368 decidit
861 2337 927 2368 cO:
955 2339 1046 2369 dedit
1065 2338 1130 2369 rell.
1206 2349 1245 2377 27
1272 2339 1446 2368 medimnis
1462 2350 1526 2370 om.

196 2379 282 2411 codd.
425 2379 528 2419 ipsius
547 2380 668 2410 tabulis
688 2380 718 2409 O
