1715 2734
137 70 189 108 88
213 75 275 108 206
575 70 631 107 M.
663 69 832 106 TVLLI
864 68 1172 108 CICERONIS

207 181 409 231 angustior
436 183 546 220 locus
567 179 828 231 improbitatis
849 181 1126 219 defendendae
1146 179 1397 231 relinquetur,
1420 193 1540 231 quam

209 254 246 284 te
285 246 468 284 absoluto
506 245 569 283 alii
610 245 719 294 quod
756 243 1019 283 audacissime
1058 246 1233 283 fecerunt
1263 253 1369 283 recte
1402 244 1540 284 fecisse

208 310 487 349 existimentur.

123 361 185 451 2097
265 377 418 426 Lugent
444 388 582 414 omnes
608 373 843 424 provinciae,
867 381 1084 424 queruntur
1099 387 1238 413 omnes
1258 374 1369 413 liberi
1390 375 1538 425 populi,

208 454 327 492 regna
365 441 538 490 denique
579 439 696 478 etiam
736 439 870 478 omnia
909 440 960 478 de
999 439 1140 478 nostris
1179 439 1463 489 cupiditatibus
1503 449 1577 486 et5

207 505 356 544 iniuriis
387 506 660 555 expostulant3
692 505 802 542 locus
833 503 934 541 intra
963 504 1170 542 Oceanum
1211 504 1287 542 iam
1319 505 1449 542 nullus
1482 513 1541 543 est

208 584 338 621 neque
368 578 447 608 tam
478 569 716 619 longinquus
748 582 878 618 neque
905 576 985 606 tam
1013 569 1239 607 reconditus
1261 583 1341 619 quo
1368 583 1449 608 non
1474 583 1542 620 per

208 637 305 674 haec
333 644 510 685 tempora
535 643 756 673 nostrorum
786 634 993 672 hominum
1018 633 1142 672 libido
1167 634 1432 685 iniquitasque
1461 648 1543 685 per-

207 701 372 748 vaserit;
401 700 592 738 sustinere
615 699 690 737 iarn
713 701 883 749 populus
906 701 1113 737 Romanus
1135 699 1313 737 omnium
1335 700 1541 738 nationum

208 779 288 804 non
309 765 398 812 vim,
416 778 496 803 non
517 778 637 811 arma,
655 778 736 802 non
758 765 916 811 bellum,
940 765 1011 802 sed
1032 765 1193 810 luctum,
1212 763 1402 812 lacrimas,
1418 765 1543 815 queri·
1564 777 1603 800 10

209 831 361 870 monias
389 844 470 869 non
503 837 643 880 potest.
716 830 763 867 In
786 829 869 867 eius
890 828 999 867 modi
1022 842 1061 867 re
1081 842 1127 866 ac
1148 828 1335 876 moribus,
1357 829 1388 867 si
1413 829 1445 868 is
1474 829 1542 879 qui

207 896 277 934 erit
300 897 495 934 adductus
524 895 564 932 in
593 894 793 939 iudicium,
820 908 910 931 cum
944 893 1159 932 manifestis
1189 893 1228 931 in
1257 893 1412 943 flagitiis
1439 902 1543 933 tene-

208 961 323 1008 bitur,
343 961 439 998 alios
471 961 611 998 eadem
644 959 780 998 secisse
812 959 928 1006 dicet,
953 959 1006 996 illi
1036 960 1217 1009 exempla
1243 972 1324 997 non
1351 961 1542 998 deerunt:

206 1027 259 1065 rei
290 1026 472 1076 publicae
504 1027 607 1063 salus
638 1024 774 1072 deerit,
796 1024 827 1062 si
860 1024 1131 1075 improborum
1160 1024 1349 1075 exemplis
1373 1024 1543 1075 improbi

124 1099 185 1129 208
206 1091 354 1129 iudicio
383 1104 429 1129 ac
459 1090 634 1140 periculo
668 1090 947 1128 liberabuntur.
1011 1092 1173 1128 Placent
1196 1089 1308 1128 vobis
1334 1090 1541 1129 hominum
1566 1104 1601 1135 15

208 1158 368 1195 mores?
415 1158 543 1206 placet
574 1155 627 1193 ita
667 1155 746 1205 geri
784 1155 1031 1206 magistratus
1071 1164 1113 1194 ut
1150 1157 1368 1205 geruntur?
1415 1157 1542 1205 placet

208 1221 335 1260 socios
356 1221 411 1259 sic
432 1221 596 1267 tractari,
618 1222 725 1270 quod
746 1228 875 1267 restat,
896 1228 938 1258 ut
959 1234 1028 1271 per
1047 1221 1145 1259 haec
1162 1228 1340 1271 tempora
1359 1228 1543 1260 tractatos

207 1286 376 1326 videtis?
444 1288 524 1325 Cur
544 1287 641 1324 haec
663 1300 685 1324 a
707 1299 770 1324 me
792 1299 911 1336 opera
931 1286 1207 1325 consumitur?
1244 1286 1340 1336 quid
1368 1286 1544 1325 sedetis?

208 1366 276 1390 cur
297 1365 377 1390 non
399 1351 437 1389 in
460 1351 590 1389 media
614 1350 790 1390 oratione
813 1365 901 1390 mea
921 1351 1154 1401 consurgitis
1174 1359 1292 1401 atque
1313 1351 1542 1390 disceditis?

211 1417 336 1455 Vultis
367 1424 499 1455 autem
532 1416 694 1455 istorum
717 1416 902 1455 audacias
927 1430 973 1454 ac
997 1416 1180 1455 libidines
1204 1416 1336 1466 aliqua
1359 1430 1406 1454 ex
1436 1423 1543 1466 parte
1563 1429 1603 1452 ιο

206 1483 408 1520 resecare?
474 1480 652 1519 Desinite
707 1481 887 1520 dubitare
936 1489 1065 1519 utrum
1115 1480 1163 1519 sit
1206 1481 1339 1519 utilius
1387 1490 1543 1531 propter

208 1549 351 1585 multos
380 1546 581 1596 improbos
614 1545 682 1584 uni
713 1560 881 1595 parcere,
912 1560 961 1583 an
992 1545 1108 1584 unius
1142 1545 1310 1596 improbi
1351 1546 1544 1596 supplicio

207 1613 420 1649 multorum
452 1610 744 1660 improbitatem
776 1624 966 1649 coercere.

94 1654 188 1707 (9⁰)
261 1678 436 1716 Tametsi
462 1692 561 1727 quae
593 1678 666 1716 ista
697 1687 787 1717 sunt
814 1681 992 1729 exempla
1020 1681 1262 1718 multorum?
1320 1681 1423 1717 Nam
1452 1692 1542 1717 cum

127 1726 188 1757 ²09
209 1743 249 1780 in
279 1756 398 1780 causa
429 1750 548 1789 tanta,
586 1757 676 1781 cum
713 1743 750 1781 in
779 1744 941 1783 crimine
975 1745 1146 1783 maximo
1178 1744 1255 1783 dici
1285 1758 1308 1782 a
1337 1745 1544 1783 defensore
1565 1757 1601 1788 25

209 1816 395 1858 coeptum
447 1817 504 1847 est
556 1810 774 1848 factitatum
816 1823 901 1848 esse
943 1809 1103 1859 aliquid,
1146 1817 1374 1859 exspectant
1412 1809 1436 1846 ii
1477 1807 1543 1858 qui

209 1873 375 1912 audiunt
414 1877 594 1925 exempla
629 1890 675 1913 ex
708 1883 837 1913 vetere
874 1875 1073 1922 memoria,
1111 1888 1157 1913 ex
1198 1873 1465 1913 monumentis
1499 1886 1544 1911 ac

133 1946 191 1983 90
210 1939 355 1986 litteris,
383 1942 499 1990 plena
523 1940 734 1991 dignitatis,
752 1942 869 1990 plena
889 1939 1132 1989 antiquitatis
1150 1954 1156 1981 ;
1187 1940 1284 1978 haec
1305 1938 1410 1977 enim
1432 1937 1546 1988 pluri-

212 2018 319 2042 mum
362 2007 488 2043 solent
524 2013 561 2043 et
598 2004 840 2043 auctoritatis
873 2005 1018 2043 habere
1055 2005 1105 2043 ad
1141 2004 1390 2054 probandum
1423 2012 1460 2041 et
1493 2003 1546 2040 iu-

260 2119 270 2138 1
293 2109 504 2148 relinquetur
518 2114 541 2148 s>
558 2109 644 2147 vulg.
661 2120 667 2138 :
702 2108 875 2148 linquetur
893 2108 923 2138 O
940 2119 946 2138 :
970 2108 1178 2146 relinquatur
1195 2107 1259 2138 cod.
1283 2107 1411 2144 Franc„
1432 2104 1543 2137 Muell.

212 2164 230 2190 4
257 2153 371 2191 populi
391 2153 486 2182 liberi
509 2152 539 2182 Ο
644 2161 662 2190 5
693 2152 794 2182 etiam
817 2152 867 2182 V:
893 2152 924 2181 in
945 2163 963 2179 π
981 2151 1123 2188 =iam332
1148 2162 1212 2181 om.
1233 2151 1264 2181 O
1374 2161 1412 2180 10
1438 2151 1546 2180 luctus

215 2195 245 2225 O
263 2195 331 2226 cdd.
437 2206 471 2226 11
501 2206 537 2226 re
555 2195 687 2235 publica
705 2195 794 2225 Koch
882 2205 919 2225 12
946 2196 978 2225 in
996 2196 1089 2233 (ante
1106 2194 1255 2231 flagitiis*
1274 2204 1340 2224 om.
1364 2193 1411 2223 cO
1431 2197 1463 2232 χξ
1486 2203 1546 2231 149

214 2240 330 2278 supra)
426 2249 476 2278 13,
496 2249 534 2277 14
559 2239 817 2269 derunt—derit
837 2237 1044 2278 Zielinskc,p.
1068 2247 1124 2277 175
1222 2239 1258 2268 18
1284 2247 1388 2276 opera
1405 2247 1423 2267 a
1443 2246 1494 2267 me
1515 2237 1544 2267 O

217 2281 308 2322 (Zt'cl.
325 2287 357 2322 s).
379 2283 454 2322 196)
532 2293 574 2313 20
592 2283 763 2313 audaciam
781 2282 812 2312 Ο
885 2292 926 2321 25
948 2282 981 2312 in
995 2291 1095 2312 causa
1110 2281 1218 2321 tanta]
1235 2280 1267 2311 in
1281 2286 1382 2311 antea
1400 2290 1501 2311 causa
1514 2279 1544 2310 Ο
