1715 2734
184 51 451 90 ACTIONIS
483 51 543 89 IN
575 51 619 90 C.
642 51 884 89 VERREM
915 50 1214 88 SECVNDAE
1246 50 1350 87 LIB.
1372 50 1409 86 V
1450 52 1507 95 46
1532 64 1592 95 123

182 168 249 199 aut
283 162 381 199 haec
410 174 528 210 quem
562 162 613 200 ad
647 163 811 200 modum
846 160 1021 199 auditis?
1079 162 1220 198 Vtrum
1254 173 1325 209 ego
1356 158 1509 210 desipio

183 235 221 266 et
250 229 336 278 plus
366 241 484 278 quam
519 228 610 267 satis
641 236 699 267 est
728 230 845 267 doleo
881 235 988 266 tanta
1020 227 1241 264 calamitate
1277 225 1510 276 miseriaque

183 293 388 340 sociorum,
425 307 475 331 an
514 307 582 332 vos
622 307 780 344 quoque
819 293 881 331 hic
919 291 1197 330 acerbissimus
1237 291 1509 329 innocentium

183 359 375 395 cruciatus
403 366 440 396 et
468 372 618 397 maeror
646 358 725 408 pari
754 372 868 396 sensu
897 356 1043 395 doloris
1071 356 1236 394 adficit?
1294 357 1380 404 Ego
1405 355 1509 394 enim

145 436 273 466 5cum
315 422 608 468 Herbitensem,
645 436 734 461 cum
777 421 1073 461 Heracliensem
1113 420 1239 459 securi
1280 434 1508 470 percussum

183 501 268 525 esse
295 487 395 533 dico,
423 495 594 525 versatur
622 488 716 525 mihi
744 495 833 526 ante
861 486 996 525 oculos
1025 485 1234 536 indignitas
1263 485 1506 524 calamitatis.

185 554 385 590 Eorumne
424 554 659 602 populorum
699 553 803 599 civis,
840 566 973 590 eorum
1013 564 1192 602 agrorum
1232 552 1425 597 alumnos,
1463 564 1509 589 ex
1530 560 1579 597 47

184 616 327 665 quibus
372 617 540 654 maxima
578 617 634 655 vis
678 616 860 655 frumenti
901 616 1110 666 quotannis
1154 615 1259 665 plebi
1304 617 1509 654 Romanae

186 680 339 719 illorum
368 681 494 731 operis
521 695 566 720 ac
594 682 792 720 laboribus
814 681 1020 731 quaeritur,
1044 681 1110 731 qui
1138 695 1160 719 a
1186 680 1413 731 parentibus
1441 695 1509 731 spe

132 763 168 785 10
186 745 307 783 nostri
351 745 487 796 imperi
531 754 764 796 nostraeque
810 746 1016 795 aequitatis
1061 745 1231 795 suscepti
1272 745 1508 796 educatique

186 818 289 857 sunt,
309 811 359 848 ad
384 812 427 850 C.
452 811 581 849 Verris
612 811 797 850 nefariam
828 811 1111 849 immanitatem
1143 818 1180 849 et
1209 812 1259 849 ad
1289 810 1371 849 eius
1395 810 1508 849 ‘fune-

185 882 283 912 stam
310 888 485 913 securem
510 889 594 914 esse
620 877 821 914 servatos?
879 877 981 915 Cum
1009 875 1103 913 mihi
1125 875 1382 925 Tyndaritani
1408 877 1509 914 illius
1534 887 1592 919 124

184 939 289 977 venit
317 940 355 977 in
388 948 571 985 mentem,
592 954 682 978 cum
711 940 921 991 Segestani,
946 948 1029 978 tum
1052 941 1133 978 iura
1161 940 1275 978 simul
1306 940 1507 980 civitatum

184 1012 302 1054 atque
342 1005 468 1043 officia
507 1005 723 1044 considero.
786 1007 896 1054 Quas
931 1006 1036 1044 urbis
1074 1007 1113 1043 P.
1149 1006 1355 1044 Africanus
1391 1006 1507 1044 etiam

127 1086 162 1118 15
183 1071 378 1108 ornandas
406 1083 491 1108 esse
518 1070 651 1120 spoliis
682 1070 853 1109 hostium
884 1071 1091 1109 arbitratus
1121 1077 1189 1117 est,
1213 1084 1277 1108 eas
1299 1072 1343 1109 C.
1366 1073 1506 1110 Verres

184 1148 261 1172 non
302 1136 428 1172 solum
468 1134 541 1173 illis
581 1135 819 1173 ornamentis
858 1137 928 1174 sed
968 1135 1084 1173 etiam
1125 1135 1213 1172 viris
1253 1135 1506 1174 nobilissimis

183 1198 330 1236 nefario
376 1201 519 1237 scelere
564 1199 737 1249 privavit.
798 1202 859 1237 En
899 1202 1006 1250 quod
1042 1199 1299 1249 Tyndaritani
1339 1200 1504 1239 libenter

183 1264 433 1313 praedicent:
472 1266 577 1303 ‘Nos
608 1265 647 1302 in
682 1265 964 1315 septemdecim
999 1265 1153 1315 populis
1186 1265 1339 1303 Siciliae
1374 1280 1507 1305 nume-

183 1342 322 1375 ramur,
345 1342 416 1367 nos
446 1342 598 1378 semper
619 1329 803 1367 omnibus
833 1329 989 1368 Punicis
1020 1329 1368 1379 Siciliensibusque
1396 1331 1507 1369 bellis

125 1409 164 1430 20
182 1392 393 1431 amicitiam
425 1395 624 1443 fidemque
652 1394 786 1444 populi
820 1395 991 1433 Romani
1021 1397 1142 1433 secuti
1175 1408 1320 1442 sumus,
1344 1410 1366 1433 a
1393 1396 1506 1434 nobis

183 1457 316 1496 omnia
342 1460 489 1507 populo
520 1460 703 1497 Romano
732 1473 885 1509 semper
913 1467 950 1498 et
979 1460 1068 1498 belli
1094 1460 1323 1498 adiumenta
1343 1468 1381 1498 et
1401 1461 1507 1510 pacis

182 1530 412 1560 ornamenta
450 1522 665 1561 ministrata
703 1525 817 1561 sunt.'
877 1526 1049 1562 Multum
1085 1538 1176 1562 vero
1211 1526 1307 1563 haec
1342 1525 1386 1563 iis
1426 1527 1508 1564 iura

182 1588 409 1636 profuerunt
431 1586 468 1625 in
486 1587 594 1625 istius
616 1588 779 1638 imperio
795 1602 840 1626 ac
864 1596 1057 1638 potestate
1075 1592 1081 1627 l
1125 1591 1286 1627 Vestros
1304 1592 1506 1638 quondam
1531 1603 1589 1633 125

182 1659 319 1689 nautas
355 1660 488 1690 contra
520 1652 796 1702 Carthaginem
833 1654 965 1703 Scipio
999 1654 1119 1701 duxit,
1153 1662 1191 1692 at
1226 1668 1331 1693 nunc
1366 1669 1505 1693 navem

124 1732 162 1764 25
182 1724 316 1754 contra
346 1718 563 1766 praedones
593 1731 718 1767 paene
753 1717 910 1757 inanem
943 1721 1179 1758 Cleomenes
1209 1721 1342 1766 ducit3
1381 1721 1506 1759 vobis-

181 1794 271 1818 cum
294 1780 499 1818 Africanus
527 1783 699 1819 hostium
727 1782 850 1832 spolia
877 1791 914 1821 et
944 1785 1115 1833 praemia
1140 1785 1264 1822 laudis
1290 1787 1505 1823 communi-

181 1846 291 1891 cavit,
326 1854 363 1883 at
398 1860 514 1893 nunc,
551 1861 618 1896 per
661 1848 808 1885 Verrem
843 1849 1011 1899 spoliati,
1047 1864 1145 1888 nave
1178 1863 1201 1887 a
1240 1851 1504 1899 praedonibus

181 1910 364 1957 abducta,
386 1910 456 1960 ipsi
486 1911 523 1948 in
551 1912 723 1950 hostium
751 1914 839 1951 loco
868 1928 1111 1965 numeroque
1134 1914 1335 1953 ducimini.
1396 1916 1503 1964 Quid

228 2024 239 2042 1
268 2013 390 2043 auditis
402 2015 443 2052 ῥδ
462 2014 622 2048 (audietis
645 2014 707 2053 Vi}
728 2026 733 2044 :
759 2016 896 2047 audistis
915 2017 1007 2048 RSW
1129 2029 1147 2048 2
1172 2023 1223 2048 est
1241 2029 1307 2048 om.
1334 2018 1365 2047 V
1485 2030 1504 2058 3

178 2067 236 2088 vos
253 2058 305 2088 hic
322 2068 454 2096 quoque
472 2057 566 2088 RSW
726 2070 743 2097 4
770 2070 901 2090 maeror
921 2065 1100 2099 parentum
1120 2060 1161 2091 K.
1183 2061 1310 2091 Busche
1463 2072 1499 2091 21

178 2101 288 2131 omnia
310 2101 394 2140 Vp‘o':
431 2112 495 2131 om.
516 2101 610 2132 RSW
743 2113 784 2132 22
810 2104 998 2134 ministrata
1027 2104 1145 2134 stz
1181 2105 1406 2135 administrata
1439 2104 1503 2144 Vp&

180 2144 220 2173 iis
242 2144 322 2173 VR:
348 2144 399 2173 his
413 2150 458 2185 p:
484 2145 510 2175 is
527 2155 547 2184 q
689 2156 728 2183 24
755 2147 896 2176 adduxit
916 2147 945 2175 l’
1101 2157 1141 2185 25
1167 2148 1257 2177 ducit
1278 2147 1363 2178 codd.
1377 2153 1505 2188 practer

179 2186 243 2216 RS
262 2187 371 2227 (duxit
390 2190 437 2226 et)
571 2198 610 2226 27
636 2199 697 2227 per
714 2199 766 2219 me
792 2189 892 2229 RSp&
922 2191 984 2226 tim.
1015 2201 1073 2228 per
1101 2197 1157 2220 ure
1178 2206 1201 2215 2
1222 2202 1282 2230 per
1297 2192 1450 2229 Verrem,
1468 2195 1505 2221 ut

180 2231 256 2260 coni.
287 2230 470 2270 Neltlesln'p,
502 2231 624 2269 Nolzl);
661 2233 698 2270 cf.
719 2232 763 2268 iii,
792 2237 806 2269 ξ
827 2243 890 2263 200
920 2234 977 2262 m'n'
1003 2245 1062 2263 ure
1081 2250 1106 2258 ε
1126 2235 1232 2263 Verre
1259 2235 1314 2271 (J.
1333 2234 1395 2264 Plz.
1419 2245 1500 2265 xxx.

184 2276 278 2311 1955:
304 2284 365 2312 per
381 2274 469 2304 hunc
492 2275 535 2304 V:
562 2285 622 2313 per
644 2280 835 2314 praetorem
859 2277 973 2315 populi
996 2277 1141 2306 Romani
1159 2277 1296 2307 lllueller
1311 2277 1372 2317 (ed.
1394 2279 1502 2308 minor

185 2317 280 2356 1898)
370 2318 512 2356 spoliata
530 2319 603 2347 navi
623 2329 641 2347 a
661 2319 887 2357 praedonibus
909 2319 938 2349 V
954 2331 1032 2357 gom.
1051 2321 1208 2359 abducta)
1338 2322 1379 2351 28
1402 2322 1500 2351 duce-

182 2360 261 2389 mini
283 2359 352 2389 V‘o':
377 2361 543 2390 ducamini
564 2372 602 2400 q:
630 2362 814 2391 duceamini
830 2368 852 2401 p

1353 2407 1413 2437 28*
