<?xml version="1.0" encoding="UTF-8"?>
<!DOCTYPE html PUBLIC "-//W3C//DTD XHTML 1.0 Transitional//EN"
    "http://www.w3.org/TR/xhtml1/DTD/xhtml1-transitional.dtd">
<html xmlns="http://www.w3.org/1999/xhtml" xml:lang="en" lang="en">
 <head>
  <title>
</title>
<meta http-equiv="Content-Type" content="text/html;charset=utf-8" />
  <meta name='ocr-system' content='tesseract 3.04.00' />
  <meta name='ocr-capabilities' content='ocr_page ocr_carea ocr_par ocr_line ocrx_word'/>
</head>
<body>
  <div class='ocr_page' id='page_1' title='image "./orationesrecogno03ciceuoft/orationesrecogno03ciceuoft_0085.png"; bbox 0 0 1715 2734; ppageno 0'>
   <div class='ocr_carea' id='block_1_1' title="bbox 172 80 1471 123">
    <p class='ocr_par' dir='ltr' id='par_1_1' title="bbox 172 80 1471 123">
     <span class='ocr_line' id='line_1_1' title="bbox 172 80 1471 123; baseline -0.005 0"><span class='ocrx_word' id='word_1_1' title='bbox 172 84 440 123; x_wconf 84' lang='lat' dir='ltr'><strong>ACTIONIS</strong></span> <span class='ocrx_word' id='word_1_2' title='bbox 472 82 533 120; x_wconf 94' lang='lat' dir='ltr'>IN</span> <span class='ocrx_word' id='word_1_3' title='bbox 565 81 608 120; x_wconf 89' lang='lat' dir='ltr'>C.</span> <span class='ocrx_word' id='word_1_4' title='bbox 632 80 874 118; x_wconf 89' lang='lat' dir='ltr'>VERREM</span> <span class='ocrx_word' id='word_1_5' title='bbox 906 80 1207 118; x_wconf 90' lang='lat' dir='ltr'><strong>SECVNDAE</strong></span> <span class='ocrx_word' id='word_1_6' title='bbox 1238 81 1342 118; x_wconf 88' lang='lat' dir='ltr'>LIB.</span> <span class='ocrx_word' id='word_1_7' title='bbox 1369 81 1387 117; x_wconf 90' lang='grc' dir='ltr'>Ι</span> <span class='ocrx_word' id='word_1_8' title='bbox 1427 88 1471 117; x_wconf 83' lang='lat'>12</span> 
     </span>
    </p>
   </div>
   <div class='ocr_carea' id='block_1_2' title="bbox 68 188 1469 2124">
    <p class='ocr_par' dir='ltr' id='par_1_2' title="bbox 68 188 1469 2124">
     <span class='ocr_line' id='line_1_2' title="bbox 144 188 1469 242; baseline -0.004 -10"><span class='ocrx_word' id='word_1_9' title='bbox 144 193 240 232; x_wconf 90' lang='lat' dir='ltr'>mihi</span> <span class='ocrx_word' id='word_1_10' title='bbox 254 192 380 242; x_wconf 87' lang='lat' dir='ltr'>turpia</span> <span class='ocrx_word' id='word_1_11' title='bbox 395 190 502 229; x_wconf 90' lang='lat' dir='ltr'>dictu</span> <span class='ocrx_word' id='word_1_12' title='bbox 516 190 764 236; x_wconf 90' lang='lat' dir='ltr'>videbuntur,</span> <span class='ocrx_word' id='word_1_13' title='bbox 784 203 912 239; x_wconf 91' lang='lat' dir='ltr'>neque</span> <span class='ocrx_word' id='word_1_14' title='bbox 934 191 1060 227; x_wconf 91' lang='lat' dir='ltr'>solum</span> <span class='ocrx_word' id='word_1_15' title='bbox 1078 189 1173 238; x_wconf 93' lang='lat' dir='ltr'>quid</span> <span class='ocrx_word' id='word_1_16' title='bbox 1187 188 1305 226; x_wconf 89' lang='lat' dir='ltr'>istum</span> <span class='ocrx_word' id='word_1_17' title='bbox 1320 189 1469 237; x_wconf 77' lang='lat' dir='ltr'>audire,</span> 
     </span>
     <span class='ocr_line' id='line_1_3' title="bbox 142 253 1469 304; baseline -0.002 -9"><span class='ocrx_word' id='word_1_18' title='bbox 142 271 276 296; x_wconf 91' lang='lat' dir='ltr'>verum</span> <span class='ocrx_word' id='word_1_19' title='bbox 305 256 422 294; x_wconf 89' lang='lat' dir='ltr'>etiam</span> <span class='ocrx_word' id='word_1_20' title='bbox 457 254 552 304; x_wconf 90' lang='lat' dir='ltr'>quid</span> <span class='ocrx_word' id='word_1_21' title='bbox 595 268 658 292; x_wconf 92' lang='lat' dir='ltr'>me</span> <span class='ocrx_word' id='word_1_22' title='bbox 701 255 840 292; x_wconf 91' lang='lat' dir='ltr'>deceat</span> <span class='ocrx_word' id='word_1_23' title='bbox 883 254 1013 292; x_wconf 79' lang='lat' dir='ltr'><strong>dicere</strong></span> <span class='ocrx_word' id='word_1_24' title='bbox 1043 253 1313 292; x_wconf 75' lang='lat' dir='ltr'>considerabo.</span> <span class='ocrx_word' id='word_1_25' title='bbox 1372 256 1469 302; x_wconf 79' lang='lat' dir='ltr'>Vos,</span> 
     </span>
     <span class='ocr_line' id='line_1_4' title="bbox 141 318 1467 371; baseline -0.002 -12"><span class='ocrx_word' id='word_1_26' title='bbox 141 334 298 371; x_wconf 81' lang='lat' dir='ltr'>quaeso,</span> <span class='ocrx_word' id='word_1_27' title='bbox 315 321 405 358; x_wconf 89' lang='lat' dir='ltr'>date</span> <span class='ocrx_word' id='word_1_28' title='bbox 426 321 502 357; x_wconf 92' lang='lat' dir='ltr'>hoc</span> <span class='ocrx_word' id='word_1_29' title='bbox 523 326 560 357; x_wconf 88' lang='lat' dir='ltr'>et</span> <span class='ocrx_word' id='word_1_30' title='bbox 576 318 783 357; x_wconf 77' lang='lat' dir='ltr'>concedite</span> <span class='ocrx_word' id='word_1_31' title='bbox 805 318 946 368; x_wconf 90' lang='lat' dir='ltr'>pudori</span> <span class='ocrx_word' id='word_1_32' title='bbox 963 332 1052 356; x_wconf 93' lang='lat' dir='ltr'>meo</span> <span class='ocrx_word' id='word_1_33' title='bbox 1068 325 1109 355; x_wconf 92' lang='lat' dir='ltr'>ut</span> <span class='ocrx_word' id='word_1_34' title='bbox 1129 318 1301 368; x_wconf 80' lang='lat' dir='ltr'>aliquam</span> <span class='ocrx_word' id='word_1_35' title='bbox 1317 327 1467 368; x_wconf 87' lang='lat' dir='ltr'>partem</span> 
     </span>
     <span class='ocr_line' id='line_1_5' title="bbox 140 383 1467 434; baseline -0.002 -10"><span class='ocrx_word' id='word_1_36' title='bbox 140 387 190 424; x_wconf 91' lang='lat' dir='ltr'>de</span> <span class='ocrx_word' id='word_1_37' title='bbox 211 385 319 424; x_wconf 89' lang='lat' dir='ltr'>istius</span> <span class='ocrx_word' id='word_1_38' title='bbox 350 383 596 434; x_wconf 87' lang='lat' dir='ltr'>impudentia</span> <span class='ocrx_word' id='word_1_39' title='bbox 622 383 782 421; x_wconf 90' lang='lat' dir='ltr'>reticere</span> <span class='ocrx_word' id='word_1_40' title='bbox 807 383 966 433; x_wconf 87' lang='lat' dir='ltr'>possim.</span> <span class='ocrx_word' id='word_1_41' title='bbox 1026 384 1157 421; x_wconf 88' lang='lat' dir='ltr'>Omne</span> <span class='ocrx_word' id='word_1_42' title='bbox 1186 383 1282 421; x_wconf 91' lang='lat' dir='ltr'>illud</span> <span class='ocrx_word' id='word_1_43' title='bbox 1312 391 1467 433; x_wconf 89' lang='lat' dir='ltr'>tempus</span> 
     </span>
     <span class='ocr_line' id='line_1_6' title="bbox 103 448 1467 500; baseline -0.001 -12"><span class='ocrx_word' id='word_1_44' title='bbox 103 465 120 496; x_wconf 90' lang='lat'>5</span> <span class='ocrx_word' id='word_1_45' title='bbox 140 451 247 500; x_wconf 92' lang='lat' dir='ltr'>quod</span> <span class='ocrx_word' id='word_1_46' title='bbox 272 450 342 487; x_wconf 88' lang='lat' dir='ltr'>fuit</span> <span class='ocrx_word' id='word_1_47' title='bbox 375 457 587 498; x_wconf 75' lang='lat' dir='ltr'>antequam</span> <span class='ocrx_word' id='word_1_48' title='bbox 619 448 691 486; x_wconf 88' lang='lat' dir='ltr'>iste</span> <span class='ocrx_word' id='word_1_49' title='bbox 726 449 776 486; x_wconf 90' lang='lat' dir='ltr'>ad</span> <span class='ocrx_word' id='word_1_50' title='bbox 804 448 1048 497; x_wconf 78' lang='lat' dir='ltr'>magistratus</span> <span class='ocrx_word' id='word_1_51' title='bbox 1077 461 1238 497; x_wconf 90' lang='lat' dir='ltr'>remque</span> <span class='ocrx_word' id='word_1_52' title='bbox 1267 448 1467 497; x_wconf 87' lang='lat' dir='ltr'>publicam</span> 
     </span>
     <span class='ocr_line' id='line_1_7' title="bbox 137 512 1467 563; baseline -0.001 -10"><span class='ocrx_word' id='word_1_53' title='bbox 137 514 311 562; x_wconf 89' lang='lat' dir='ltr'>accessit,</span> <span class='ocrx_word' id='word_1_54' title='bbox 345 515 487 552; x_wconf 88' lang='lat' dir='ltr'>habeat</span> <span class='ocrx_word' id='word_1_55' title='bbox 519 527 586 563; x_wconf 87' lang='lat' dir='ltr'>per</span> <span class='ocrx_word' id='word_1_56' title='bbox 611 527 674 551; x_wconf 93' lang='lat' dir='ltr'>me</span> <span class='ocrx_word' id='word_1_57' title='bbox 698 515 870 551; x_wconf 90' lang='lat' dir='ltr'>solutum</span> <span class='ocrx_word' id='word_1_58' title='bbox 897 527 943 551; x_wconf 87' lang='lat' dir='ltr'>ac</span> <span class='ocrx_word' id='word_1_59' title='bbox 969 513 1146 550; x_wconf 89' lang='lat' dir='ltr'>liberum.</span> <span class='ocrx_word' id='word_1_60' title='bbox 1224 512 1388 551; x_wconf 87' lang='lat' dir='ltr'>Sileatur</span> <span class='ocrx_word' id='word_1_61' title='bbox 1417 515 1467 552; x_wconf 90' lang='lat' dir='ltr'>de</span> 
     </span>
     <span class='ocr_line' id='line_1_8' title="bbox 138 578 1467 627; baseline -0.001 -9"><span class='ocrx_word' id='word_1_62' title='bbox 138 580 339 618; x_wconf 83' lang='lat' dir='ltr'>nocturnis</span> <span class='ocrx_word' id='word_1_63' title='bbox 374 579 456 618; x_wconf 91' lang='lat' dir='ltr'>eius</span> <span class='ocrx_word' id='word_1_64' title='bbox 501 579 826 617; x_wconf 82' lang='lat' dir='ltr'>bacchationibus</span> <span class='ocrx_word' id='word_1_65' title='bbox 857 592 903 616; x_wconf 89' lang='lat' dir='ltr'>ac</span> <span class='ocrx_word' id='word_1_66' title='bbox 933 578 1095 627; x_wconf 88' lang='lat' dir='ltr'>vigiliis;</span> <span class='ocrx_word' id='word_1_67' title='bbox 1135 579 1336 625; x_wconf 86' lang='lat' dir='ltr'>lenonum,</span> <span class='ocrx_word' id='word_1_68' title='bbox 1368 580 1467 617; x_wconf 89' lang='lat' dir='ltr'>alea—</span> 
     </span>
     <span class='ocr_line' id='line_1_9' title="bbox 136 643 1463 694; baseline -0.001 -12"><span class='ocrx_word' id='word_1_69' title='bbox 136 652 276 691; x_wconf 85' lang='lat' dir='ltr'>torum,</span> <span class='ocrx_word' id='word_1_70' title='bbox 305 646 584 694; x_wconf 88' lang='lat' dir='ltr'>perductorum</span> <span class='ocrx_word' id='word_1_71' title='bbox 622 645 728 681; x_wconf 90' lang='lat' dir='ltr'>nulla</span> <span class='ocrx_word' id='word_1_72' title='bbox 759 643 908 681; x_wconf 87' lang='lat' dir='ltr'>mentio</span> <span class='ocrx_word' id='word_1_73' title='bbox 938 644 1031 689; x_wconf 75' lang='lat' dir='ltr'>fiat3</span> <span class='ocrx_word' id='word_1_74' title='bbox 1071 643 1229 690; x_wconf 77' lang='lat' dir='ltr'>damna,</span> <span class='ocrx_word' id='word_1_75' title='bbox 1257 643 1463 690; x_wconf 89' lang='lat' dir='ltr'>dedecora,</span> 
     </span>
     <span class='ocr_line' id='line_1_10' title="bbox 135 707 1466 759; baseline -0.001 -12"><span class='ocrx_word' id='word_1_76' title='bbox 135 722 236 758; x_wconf 86' lang='lat' dir='ltr'>quae</span> <span class='ocrx_word' id='word_1_77' title='bbox 274 723 333 747; x_wconf 90' lang='lat' dir='ltr'>res</span> <span class='ocrx_word' id='word_1_78' title='bbox 372 709 490 759; x_wconf 82' lang='lat' dir='ltr'>patris</span> <span class='ocrx_word' id='word_1_79' title='bbox 528 709 620 755; x_wconf 90' lang='lat' dir='ltr'>eius,</span> <span class='ocrx_word' id='word_1_80' title='bbox 653 716 759 746; x_wconf 87' lang='lat' dir='ltr'>aetas</span> <span class='ocrx_word' id='word_1_81' title='bbox 802 708 922 758; x_wconf 88' lang='lat' dir='ltr'>ipsius</span> <span class='ocrx_word' id='word_1_82' title='bbox 954 707 1123 757; x_wconf 89' lang='lat' dir='ltr'>pertulit,</span> <span class='ocrx_word' id='word_1_83' title='bbox 1156 715 1466 756; x_wconf 75' lang='lat' dir='ltr'>praetereantur3</span> 
     </span>
     <span class='ocr_line' id='line_1_11' title="bbox 80 772 1465 823; baseline 0 -11"><span class='ocrx_word' id='word_1_84' title='bbox 80 792 117 812; x_wconf 90' lang='lat'>10</span> <span class='ocrx_word' id='word_1_85' title='bbox 135 775 303 812; x_wconf 90' lang='lat' dir='ltr'>lucretur</span> <span class='ocrx_word' id='word_1_86' title='bbox 336 774 482 812; x_wconf 90' lang='lat' dir='ltr'>indicia</span> <span class='ocrx_word' id='word_1_87' title='bbox 501 773 640 811; x_wconf 89' lang='lat' dir='ltr'>veteris</span> <span class='ocrx_word' id='word_1_88' title='bbox 670 773 852 810; x_wconf 86' lang='lat' dir='ltr'>infamiae</span> <span class='ocrx_word' id='word_1_89' title='bbox 871 788 880 819; x_wconf 75' lang='lat'><em>3</em></span> <span class='ocrx_word' id='word_1_90' title='bbox 910 772 1077 822; x_wconf 86' lang='lat' dir='ltr'>patiatur</span> <span class='ocrx_word' id='word_1_91' title='bbox 1103 772 1185 810; x_wconf 89' lang='lat' dir='ltr'>eius</span> <span class='ocrx_word' id='word_1_92' title='bbox 1213 772 1291 810; x_wconf 89' lang='lat' dir='ltr'>vita</span> <span class='ocrx_word' id='word_1_93' title='bbox 1317 773 1465 823; x_wconf 86' lang='lat' dir='ltr'>reliqua</span> 
     </span>
     <span class='ocr_line' id='line_1_12' title="bbox 136 838 1460 886; baseline 0.001 -11"><span class='ocrx_word' id='word_1_94' title='bbox 136 852 198 876; x_wconf 95' lang='lat' dir='ltr'>me</span> <span class='ocrx_word' id='word_1_95' title='bbox 218 840 320 877; x_wconf 91' lang='lat' dir='ltr'>hanc</span> <span class='ocrx_word' id='word_1_96' title='bbox 340 847 489 876; x_wconf 87' lang='lat' dir='ltr'>tantam</span> <span class='ocrx_word' id='word_1_97' title='bbox 510 838 699 876; x_wconf 88' lang='lat' dir='ltr'>iacturam</span> <span class='ocrx_word' id='word_1_98' title='bbox 728 838 935 876; x_wconf 87' lang='lat' dir='ltr'>criminum</span> <span class='ocrx_word' id='word_1_99' title='bbox 965 839 1101 875; x_wconf 85' lang='lat' dir='ltr'>facere.</span> <span class='ocrx_word' id='word_1_100' title='bbox 1162 838 1359 886; x_wconf 86' lang='lat' dir='ltr'>Quaestor</span> <span class='ocrx_word' id='word_1_101' title='bbox 1388 839 1460 877; x_wconf 87' lang='lat' dir='ltr'>Cn.</span> 
     </span>
     <span class='ocr_line' id='line_1_13' title="bbox 136 902 1463 952; baseline 0.001 -12"><span class='ocrx_word' id='word_1_102' title='bbox 136 903 289 952; x_wconf 89' lang='lat' dir='ltr'>Papirio</span> <span class='ocrx_word' id='word_1_103' title='bbox 310 903 461 941; x_wconf 88' lang='lat' dir='ltr'>consuli</span> <span class='ocrx_word' id='word_1_104' title='bbox 489 903 592 941; x_wconf 89' lang='lat' dir='ltr'>fuisti</span> <span class='ocrx_word' id='word_1_105' title='bbox 623 903 767 940; x_wconf 86' lang='lat' dir='ltr'>abhinc</span> <span class='ocrx_word' id='word_1_106' title='bbox 796 916 921 939; x_wconf 87' lang='lat' dir='ltr'>annos</span> <span class='ocrx_word' id='word_1_107' title='bbox 949 902 1276 951; x_wconf 87' lang='lat' dir='ltr'>quattuordecim.</span> <span class='ocrx_word' id='word_1_108' title='bbox 1337 904 1397 940; x_wconf 80' lang='lat' dir='ltr'>Ex</span> <span class='ocrx_word' id='word_1_109' title='bbox 1417 917 1463 941; x_wconf 90' lang='lat' dir='ltr'>ea</span> 
     </span>
     <span class='ocr_line' id='line_1_14' title="bbox 133 967 1462 1017; baseline -0.001 -11"><span class='ocrx_word' id='word_1_110' title='bbox 133 968 197 1006; x_wconf 91' lang='lat' dir='ltr'>die</span> <span class='ocrx_word' id='word_1_111' title='bbox 217 970 267 1006; x_wconf 90' lang='lat' dir='ltr'>ad</span> <span class='ocrx_word' id='word_1_112' title='bbox 288 970 390 1007; x_wconf 87' lang='lat' dir='ltr'>hanc</span> <span class='ocrx_word' id='word_1_113' title='bbox 416 969 522 1006; x_wconf 90' lang='lat' dir='ltr'>diem</span> <span class='ocrx_word' id='word_1_114' title='bbox 541 981 642 1017; x_wconf 90' lang='lat' dir='ltr'>quae</span> <span class='ocrx_word' id='word_1_115' title='bbox 666 967 790 1005; x_wconf 89' lang='lat' dir='ltr'>fecisti</span> <span class='ocrx_word' id='word_1_116' title='bbox 814 967 851 1004; x_wconf 94' lang='lat' dir='ltr'>in</span> <span class='ocrx_word' id='word_1_117' title='bbox 873 967 1062 1005; x_wconf 90' lang='lat' dir='ltr'>iudicium</span> <span class='ocrx_word' id='word_1_118' title='bbox 1083 981 1184 1005; x_wconf 83' lang='lat' dir='ltr'>voco</span> <span class='ocrx_word' id='word_1_119' title='bbox 1203 983 1209 1004; x_wconf 86' lang='grc'>;</span> <span class='ocrx_word' id='word_1_120' title='bbox 1239 969 1335 1005; x_wconf 90' lang='lat' dir='ltr'>hora</span> <span class='ocrx_word' id='word_1_121' title='bbox 1355 970 1462 1006; x_wconf 89' lang='lat' dir='ltr'>nulla</span> 
     </span>
     <span class='ocr_line' id='line_1_15' title="bbox 133 1031 1461 1081; baseline -0.001 -10"><span class='ocrx_word' id='word_1_122' title='bbox 133 1047 255 1071; x_wconf 90' lang='lat' dir='ltr'>vacua</span> <span class='ocrx_word' id='word_1_123' title='bbox 287 1047 311 1071; x_wconf 89' lang='lat' dir='ltr'>a</span> <span class='ocrx_word' id='word_1_124' title='bbox 337 1036 448 1079; x_wconf 84' lang='lat' dir='ltr'>furto,</span> <span class='ocrx_word' id='word_1_125' title='bbox 482 1035 637 1078; x_wconf 84' lang='lat' dir='ltr'>scelere,</span> <span class='ocrx_word' id='word_1_126' title='bbox 673 1032 913 1077; x_wconf 86' lang='lat' dir='ltr'>crudelitate,</span> <span class='ocrx_word' id='word_1_127' title='bbox 946 1031 1092 1081; x_wconf 87' lang='lat' dir='ltr'>flagitio</span> <span class='ocrx_word' id='word_1_128' title='bbox 1122 1032 1343 1081; x_wconf 86' lang='lat' dir='ltr'>reperietur.</span> <span class='ocrx_word' id='word_1_129' title='bbox 1405 1033 1461 1070; x_wconf 91' lang='lat' dir='ltr'>Hi</span> 
     </span>
     <span class='ocr_line' id='line_1_16' title="bbox 76 1096 1461 1148; baseline 0.001 -14"><span class='ocrx_word' id='word_1_130' title='bbox 76 1112 111 1144; x_wconf 86' lang='lat'>15</span> <span class='ocrx_word' id='word_1_131' title='bbox 132 1106 222 1136; x_wconf 90' lang='lat' dir='ltr'>sunt</span> <span class='ocrx_word' id='word_1_132' title='bbox 252 1098 345 1135; x_wconf 89' lang='lat' dir='ltr'>anni</span> <span class='ocrx_word' id='word_1_133' title='bbox 379 1098 604 1148; x_wconf 87' lang='lat' dir='ltr'>consumpti</span> <span class='ocrx_word' id='word_1_134' title='bbox 639 1099 679 1135; x_wconf 88' lang='lat' dir='ltr'>in</span> <span class='ocrx_word' id='word_1_135' title='bbox 709 1105 917 1147; x_wconf 85' lang='lat' dir='ltr'>quaestura</span> <span class='ocrx_word' id='word_1_136' title='bbox 945 1105 982 1134; x_wconf 92' lang='lat' dir='ltr'>et</span> <span class='ocrx_word' id='word_1_137' title='bbox 1006 1096 1199 1146; x_wconf 82' lang='lat' dir='ltr'>legatione</span> <span class='ocrx_word' id='word_1_138' title='bbox 1220 1096 1393 1135; x_wconf 86' lang='lat' dir='ltr'>Asiatica</span> <span class='ocrx_word' id='word_1_139' title='bbox 1423 1105 1461 1135; x_wconf 93' lang='lat' dir='ltr'>et</span> 
     </span>
     <span class='ocr_line' id='line_1_17' title="bbox 131 1161 1460 1213; baseline -0.002 -11"><span class='ocrx_word' id='word_1_140' title='bbox 131 1172 309 1213; x_wconf 87' lang='lat' dir='ltr'>praetura</span> <span class='ocrx_word' id='word_1_141' title='bbox 330 1164 478 1201; x_wconf 91' lang='lat' dir='ltr'>urbana</span> <span class='ocrx_word' id='word_1_142' title='bbox 508 1171 545 1201; x_wconf 91' lang='lat' dir='ltr'>et</span> <span class='ocrx_word' id='word_1_143' title='bbox 577 1171 756 1213; x_wconf 87' lang='lat' dir='ltr'>praetura</span> <span class='ocrx_word' id='word_1_144' title='bbox 788 1161 979 1200; x_wconf 85' lang='lat' dir='ltr'>Siciliensi</span> <span class='ocrx_word' id='word_1_145' title='bbox 996 1176 1003 1207; x_wconf 85' lang='lat'>;</span> <span class='ocrx_word' id='word_1_146' title='bbox 1044 1175 1163 1210; x_wconf 89' lang='lat' dir='ltr'>quare</span> <span class='ocrx_word' id='word_1_147' title='bbox 1192 1162 1290 1199; x_wconf 91' lang='lat' dir='ltr'>haec</span> <span class='ocrx_word' id='word_1_148' title='bbox 1320 1163 1460 1200; x_wconf 89' lang='lat' dir='ltr'>eadem</span> 
     </span>
     <span class='ocr_line' id='line_1_18' title="bbox 131 1225 1356 1279; baseline -0.002 -13"><span class='ocrx_word' id='word_1_149' title='bbox 131 1228 200 1266; x_wconf 91' lang='lat' dir='ltr'>erit</span> <span class='ocrx_word' id='word_1_150' title='bbox 232 1228 512 1279; x_wconf 89' lang='lat' dir='ltr'>quadripertita</span> <span class='ocrx_word' id='word_1_151' title='bbox 541 1227 765 1266; x_wconf 87' lang='lat' dir='ltr'>distributio</span> <span class='ocrx_word' id='word_1_152' title='bbox 797 1226 916 1265; x_wconf 90' lang='lat' dir='ltr'>totius</span> <span class='ocrx_word' id='word_1_153' title='bbox 945 1225 1205 1264; x_wconf 87' lang='lat' dir='ltr'>accusationis</span> <span class='ocrx_word' id='word_1_154' title='bbox 1235 1239 1356 1264; x_wconf 89' lang='lat' dir='ltr'>meae.</span> 
     </span>
     <span class='ocr_line' id='line_1_19' title="bbox 184 1290 1459 1342; baseline -0.002 -11"><span class='ocrx_word' id='word_1_155' title='bbox 184 1294 379 1342; x_wconf 85' lang='lat' dir='ltr'>Quaestor</span> <span class='ocrx_word' id='word_1_156' title='bbox 417 1307 464 1332; x_wconf 83' lang='lat' dir='ltr'>ex</span> <span class='ocrx_word' id='word_1_157' title='bbox 501 1300 659 1331; x_wconf 87' lang='lat' dir='ltr'>senatus</span> <span class='ocrx_word' id='word_1_158' title='bbox 698 1293 881 1330; x_wconf 90' lang='lat' dir='ltr'>consulto</span> <span class='ocrx_word' id='word_1_159' title='bbox 923 1290 1163 1341; x_wconf 83' lang='lat' dir='ltr'>provinciam</span> <span class='ocrx_word' id='word_1_160' title='bbox 1204 1291 1362 1328; x_wconf 89' lang='lat' dir='ltr'>sortitus</span> <span class='ocrx_word' id='word_1_161' title='bbox 1392 1305 1459 1329; x_wconf 88' lang='lat' dir='ltr'>es:</span> 
     </span>
     <span class='ocr_line' id='line_1_20' title="bbox 129 1356 1458 1408; baseline -0.002 -12"><span class='ocrx_word' id='word_1_162' title='bbox 129 1358 267 1408; x_wconf 82' lang='lat' dir='ltr'>obtigit</span> <span class='ocrx_word' id='word_1_163' title='bbox 289 1358 358 1396; x_wconf 87' lang='lat' dir='ltr'>tibi</span> <span class='ocrx_word' id='word_1_164' title='bbox 388 1358 614 1403; x_wconf 89' lang='lat' dir='ltr'>consularis,</span> <span class='ocrx_word' id='word_1_165' title='bbox 647 1364 689 1395; x_wconf 91' lang='lat' dir='ltr'>ut</span> <span class='ocrx_word' id='word_1_166' title='bbox 723 1371 814 1395; x_wconf 84' lang='lat' dir='ltr'>cum</span> <span class='ocrx_word' id='word_1_167' title='bbox 846 1357 1009 1394; x_wconf 88' lang='lat' dir='ltr'>consule</span> <span class='ocrx_word' id='word_1_168' title='bbox 1036 1356 1109 1394; x_wconf 89' lang='lat' dir='ltr'>Cn.</span> <span class='ocrx_word' id='word_1_169' title='bbox 1140 1356 1324 1394; x_wconf 88' lang='lat' dir='ltr'>Carbone</span> <span class='ocrx_word' id='word_1_170' title='bbox 1353 1369 1458 1394; x_wconf 89' lang='lat' dir='ltr'>esses</span> 
     </span>
     <span class='ocr_line' id='line_1_21' title="bbox 72 1421 1455 1473; baseline -0.001 -13"><span class='ocrx_word' id='word_1_171' title='bbox 72 1439 112 1460; x_wconf 86' lang='lat'>20</span> <span class='ocrx_word' id='word_1_172' title='bbox 130 1437 296 1473; x_wconf 91' lang='lat' dir='ltr'>eamque</span> <span class='ocrx_word' id='word_1_173' title='bbox 317 1424 556 1473; x_wconf 88' lang='lat' dir='ltr'>provinciam</span> <span class='ocrx_word' id='word_1_174' title='bbox 578 1423 786 1461; x_wconf 89' lang='lat' dir='ltr'>obtineres.</span> <span class='ocrx_word' id='word_1_175' title='bbox 848 1424 939 1459; x_wconf 86' lang='lat' dir='ltr'>Erat</span> <span class='ocrx_word' id='word_1_176' title='bbox 967 1429 1050 1458; x_wconf 90' lang='lat' dir='ltr'>tum</span> <span class='ocrx_word' id='word_1_177' title='bbox 1078 1421 1271 1458; x_wconf 89' lang='lat' dir='ltr'>dissensio</span> <span class='ocrx_word' id='word_1_178' title='bbox 1300 1421 1455 1467; x_wconf 84' lang='lat' dir='ltr'>civium,</span> 
     </span>
     <span class='ocr_line' id='line_1_22' title="bbox 129 1485 1457 1538; baseline -0.002 -11"><span class='ocrx_word' id='word_1_179' title='bbox 129 1490 180 1527; x_wconf 91' lang='lat' dir='ltr'>de</span> <span class='ocrx_word' id='word_1_180' title='bbox 199 1502 276 1538; x_wconf 89' lang='lat' dir='ltr'>qua</span> <span class='ocrx_word' id='word_1_181' title='bbox 297 1489 393 1526; x_wconf 85' lang='lat' dir='ltr'>nihil</span> <span class='ocrx_word' id='word_1_182' title='bbox 414 1503 500 1526; x_wconf 89' lang='lat' dir='ltr'>sum</span> <span class='ocrx_word' id='word_1_183' title='bbox 515 1488 687 1526; x_wconf 88' lang='lat' dir='ltr'>dicturus</span> <span class='ocrx_word' id='word_1_184' title='bbox 710 1487 805 1537; x_wconf 89' lang='lat' dir='ltr'>quid</span> <span class='ocrx_word' id='word_1_185' title='bbox 831 1486 972 1524; x_wconf 89' lang='lat' dir='ltr'>sentire</span> <span class='ocrx_word' id='word_1_186' title='bbox 1000 1485 1206 1524; x_wconf 87' lang='lat' dir='ltr'>debueris:</span> <span class='ocrx_word' id='word_1_187' title='bbox 1236 1499 1359 1523; x_wconf 91' lang='lat' dir='ltr'>unum</span> <span class='ocrx_word' id='word_1_188' title='bbox 1381 1487 1457 1524; x_wconf 92' lang='lat' dir='ltr'>hoc</span> 
     </span>
     <span class='ocr_line' id='line_1_23' title="bbox 128 1551 1457 1603; baseline -0.002 -11"><span class='ocrx_word' id='word_1_189' title='bbox 128 1554 229 1601; x_wconf 82' lang='lat' dir='ltr'>dico,</span> <span class='ocrx_word' id='word_1_190' title='bbox 258 1554 297 1592; x_wconf 90' lang='lat' dir='ltr'>in</span> <span class='ocrx_word' id='word_1_191' title='bbox 331 1554 414 1593; x_wconf 91' lang='lat' dir='ltr'>eius</span> <span class='ocrx_word' id='word_1_192' title='bbox 439 1554 547 1593; x_wconf 90' lang='lat' dir='ltr'>modi</span> <span class='ocrx_word' id='word_1_193' title='bbox 590 1562 765 1603; x_wconf 91' lang='lat' dir='ltr'>tempore</span> <span class='ocrx_word' id='word_1_194' title='bbox 804 1566 850 1590; x_wconf 87' lang='lat' dir='ltr'>ac</span> <span class='ocrx_word' id='word_1_195' title='bbox 880 1560 982 1590; x_wconf 90' lang='lat' dir='ltr'>sorte</span> <span class='ocrx_word' id='word_1_196' title='bbox 1012 1559 1180 1589; x_wconf 87' lang='lat' dir='ltr'>statuere</span> <span class='ocrx_word' id='word_1_197' title='bbox 1204 1558 1242 1589; x_wconf 88' lang='lat' dir='ltr'>te</span> <span class='ocrx_word' id='word_1_198' title='bbox 1271 1551 1457 1590; x_wconf 88' lang='lat' dir='ltr'>debuisse</span> 
     </span>
     <span class='ocr_line' id='line_1_24' title="bbox 128 1616 1457 1669; baseline -0.003 -12"><span class='ocrx_word' id='word_1_199' title='bbox 128 1627 255 1658; x_wconf 90' lang='lat' dir='ltr'>utrum</span> <span class='ocrx_word' id='word_1_200' title='bbox 278 1622 412 1658; x_wconf 87' lang='lat' dir='ltr'>malles</span> <span class='ocrx_word' id='word_1_201' title='bbox 443 1620 584 1658; x_wconf 90' lang='lat' dir='ltr'>sentire</span> <span class='ocrx_word' id='word_1_202' title='bbox 605 1628 723 1669; x_wconf 86' lang='lat' dir='ltr'>atque</span> <span class='ocrx_word' id='word_1_203' title='bbox 745 1619 967 1656; x_wconf 92' lang='lat' dir='ltr'>defendere.</span> <span class='ocrx_word' id='word_1_204' title='bbox 1029 1618 1160 1655; x_wconf 87' lang='lat' dir='ltr'>Carbo</span> <span class='ocrx_word' id='word_1_205' title='bbox 1180 1616 1344 1665; x_wconf 79' lang='lat' dir='ltr'>graviter</span> <span class='ocrx_word' id='word_1_206' title='bbox 1364 1618 1457 1654; x_wconf 88' lang='lat' dir='ltr'>fere-</span> 
     </span>
     <span class='ocr_line' id='line_1_25' title="bbox 126 1680 1455 1734; baseline -0.003 -13"><span class='ocrx_word' id='word_1_207' title='bbox 126 1683 192 1722; x_wconf 91' lang='lat' dir='ltr'>bat</span> <span class='ocrx_word' id='word_1_208' title='bbox 231 1684 305 1722; x_wconf 88' lang='lat' dir='ltr'>sibi</span> <span class='ocrx_word' id='word_1_209' title='bbox 343 1693 590 1734; x_wconf 87' lang='lat' dir='ltr'>quaestorem</span> <span class='ocrx_word' id='word_1_210' title='bbox 625 1684 811 1734; x_wconf 88' lang='lat' dir='ltr'>obtigisse</span> <span class='ocrx_word' id='word_1_211' title='bbox 843 1682 1045 1720; x_wconf 87' lang='lat' dir='ltr'>hominem</span> <span class='ocrx_word' id='word_1_212' title='bbox 1081 1680 1264 1730; x_wconf 88' lang='lat' dir='ltr'>singulari</span> <span class='ocrx_word' id='word_1_213' title='bbox 1306 1681 1455 1718; x_wconf 82' lang='lat' dir='ltr'>luxuria</span> 
     </span>
     <span class='ocr_line' id='line_1_26' title="bbox 69 1745 1454 1799; baseline -0.001 -13"><span class='ocrx_word' id='word_1_214' title='bbox 69 1762 107 1794; x_wconf 85' lang='lat'>25</span> <span class='ocrx_word' id='word_1_215' title='bbox 125 1757 243 1799; x_wconf 92' lang='lat' dir='ltr'>atque</span> <span class='ocrx_word' id='word_1_216' title='bbox 257 1749 411 1795; x_wconf 79' lang='lat' dir='ltr'>inertia3</span> <span class='ocrx_word' id='word_1_217' title='bbox 433 1764 566 1788; x_wconf 91' lang='lat' dir='ltr'>verum</span> <span class='ocrx_word' id='word_1_218' title='bbox 584 1758 716 1788; x_wconf 88' lang='lat' dir='ltr'>tamen</span> <span class='ocrx_word' id='word_1_219' title='bbox 732 1749 896 1787; x_wconf 90' lang='lat' dir='ltr'>ornabat</span> <span class='ocrx_word' id='word_1_220' title='bbox 916 1760 1006 1784; x_wconf 91' lang='lat' dir='ltr'>eum</span> <span class='ocrx_word' id='word_1_221' title='bbox 1021 1745 1221 1783; x_wconf 90' lang='lat' dir='ltr'>beneficiis</span> <span class='ocrx_word' id='word_1_222' title='bbox 1237 1745 1454 1795; x_wconf 87' lang='lat' dir='ltr'>officiisque</span> 
     </span>
     <span class='ocr_line' id='line_1_27' title="bbox 125 1811 1454 1862; baseline -0.005 -9"><span class='ocrx_word' id='word_1_223' title='bbox 125 1814 319 1853; x_wconf 89' lang='lat' dir='ltr'>omnibus.</span> <span class='ocrx_word' id='word_1_224' title='bbox 380 1816 442 1853; x_wconf 94' lang='lat' dir='ltr'>Ne</span> <span class='ocrx_word' id='word_1_225' title='bbox 471 1815 618 1853; x_wconf 89' lang='lat' dir='ltr'>diutius</span> <span class='ocrx_word' id='word_1_226' title='bbox 648 1823 815 1859; x_wconf 89' lang='lat' dir='ltr'>teneam,</span> <span class='ocrx_word' id='word_1_227' title='bbox 846 1812 1012 1862; x_wconf 87' lang='lat' dir='ltr'>pecunia</span> <span class='ocrx_word' id='word_1_228' title='bbox 1036 1811 1231 1857; x_wconf 87' lang='lat' dir='ltr'>attributa,</span> <span class='ocrx_word' id='word_1_229' title='bbox 1251 1818 1454 1848; x_wconf 85' lang='lat' dir='ltr'>numerata</span> 
     </span>
     <span class='ocr_line' id='line_1_28' title="bbox 125 1875 1452 1929; baseline -0.002 -13"><span class='ocrx_word' id='word_1_230' title='bbox 125 1886 205 1917; x_wconf 91' lang='lat' dir='ltr'>est:</span> <span class='ocrx_word' id='word_1_231' title='bbox 238 1881 431 1929; x_wconf 79' lang='lat' dir='ltr'>profectus</span> <span class='ocrx_word' id='word_1_232' title='bbox 466 1888 524 1918; x_wconf 91' lang='lat' dir='ltr'>est</span> <span class='ocrx_word' id='word_1_233' title='bbox 564 1887 746 1929; x_wconf 91' lang='lat' dir='ltr'>quaestor</span> <span class='ocrx_word' id='word_1_234' title='bbox 788 1879 828 1915; x_wconf 93' lang='lat' dir='ltr'>in</span> <span class='ocrx_word' id='word_1_235' title='bbox 872 1876 1140 1927; x_wconf 84' lang='lat' dir='ltr'>provinciam:</span> <span class='ocrx_word' id='word_1_236' title='bbox 1181 1875 1287 1913; x_wconf 84' lang='lat' dir='ltr'>venit</span> <span class='ocrx_word' id='word_1_237' title='bbox 1320 1889 1452 1925; x_wconf 81' lang='lat' dir='ltr'>exspe—</span> 
     </span>
     <span class='ocr_line' id='line_1_29' title="bbox 124 1940 1447 1989; baseline -0.004 -8"><span class='ocrx_word' id='word_1_238' title='bbox 124 1951 250 1982; x_wconf 89' lang='lat' dir='ltr'>ctatus</span> <span class='ocrx_word' id='word_1_239' title='bbox 277 1944 316 1982; x_wconf 88' lang='lat' dir='ltr'>in</span> <span class='ocrx_word' id='word_1_240' title='bbox 344 1944 512 1983; x_wconf 88' lang='lat' dir='ltr'>Galliam</span> <span class='ocrx_word' id='word_1_241' title='bbox 547 1946 599 1983; x_wconf 90' lang='lat' dir='ltr'>ad</span> <span class='ocrx_word' id='word_1_242' title='bbox 630 1943 841 1982; x_wconf 80' lang='lat' dir='ltr'>exercitum</span> <span class='ocrx_word' id='word_1_243' title='bbox 869 1943 1115 1979; x_wconf 87' lang='lat' dir='ltr'>consularem</span> <span class='ocrx_word' id='word_1_244' title='bbox 1145 1953 1235 1977; x_wconf 92' lang='lat' dir='ltr'>cum</span> <span class='ocrx_word' id='word_1_245' title='bbox 1270 1940 1447 1989; x_wconf 88' lang='lat' dir='ltr'>pecunia.</span> 
     </span>
     <span class='ocr_line' id='line_1_30' title="bbox 125 2004 1451 2059; baseline -0.005 -12"><span class='ocrx_word' id='word_1_246' title='bbox 125 2009 247 2047; x_wconf 88' lang='lat' dir='ltr'>Simul</span> <span class='ocrx_word' id='word_1_247' title='bbox 278 2023 324 2047; x_wconf 91' lang='lat' dir='ltr'>ac</span> <span class='ocrx_word' id='word_1_248' title='bbox 357 2009 525 2059; x_wconf 86' lang='lat' dir='ltr'>primum</span> <span class='ocrx_word' id='word_1_249' title='bbox 553 2009 589 2047; x_wconf 92' lang='lat' dir='ltr'>ei</span> <span class='ocrx_word' id='word_1_250' title='bbox 616 2008 772 2047; x_wconf 91' lang='lat' dir='ltr'>occasio</span> <span class='ocrx_word' id='word_1_251' title='bbox 793 2007 874 2044; x_wconf 91' lang='lat' dir='ltr'>visa</span> <span class='ocrx_word' id='word_1_252' title='bbox 900 2004 1253 2054; x_wconf 87' lang='lat' dir='ltr'>est‚—cognoscite</span> <span class='ocrx_word' id='word_1_253' title='bbox 1280 2004 1451 2041; x_wconf 83' lang='lat' dir='ltr'>hominis</span> 
     </span>
     <span class='ocr_line' id='line_1_31' title="bbox 68 2068 1451 2124; baseline -0.004 -14"><span class='ocrx_word' id='word_1_254' title='bbox 68 2088 107 2118; x_wconf 80' lang='lat'>30</span> <span class='ocrx_word' id='word_1_255' title='bbox 124 2074 358 2123; x_wconf 89' lang='lat' dir='ltr'>principium</span> <span class='ocrx_word' id='word_1_256' title='bbox 384 2074 678 2124; x_wconf 87' lang='lat' dir='ltr'>magistratuum</span> <span class='ocrx_word' id='word_1_257' title='bbox 722 2073 982 2122; x_wconf 88' lang='lat' dir='ltr'>gerendorum</span> <span class='ocrx_word' id='word_1_258' title='bbox 1015 2078 1051 2107; x_wconf 90' lang='lat' dir='ltr'>et</span> <span class='ocrx_word' id='word_1_259' title='bbox 1086 2069 1139 2106; x_wconf 92' lang='lat' dir='ltr'>rei</span> <span class='ocrx_word' id='word_1_260' title='bbox 1174 2068 1356 2118; x_wconf 89' lang='lat' dir='ltr'>publicae</span> <span class='ocrx_word' id='word_1_261' title='bbox 1387 2070 1451 2106; x_wconf 88' lang='lat' dir='ltr'>ad-</span> 
     </span>
    </p>
   </div>
   <div class='ocr_carea' id='block_1_3' title="bbox 170 2172 1448 2217">
    <p class='ocr_par' dir='ltr' id='par_1_3' title="bbox 170 2172 1448 2217">
     <span class='ocr_line' id='line_1_32' title="bbox 170 2172 1448 2217; baseline -0.005 -10"><span class='ocrx_word' id='word_1_262' title='bbox 170 2188 183 2207; x_wconf 86' lang='lat'>1</span> <span class='ocrx_word' id='word_1_263' title='bbox 209 2179 298 2208; x_wconf 91' lang='lat' dir='ltr'>dictu</span> <span class='ocrx_word' id='word_1_264' title='bbox 316 2179 424 2217; x_wconf 89' lang='lat' dir='ltr'>turpia</span> <span class='ocrx_word' id='word_1_265' title='bbox 440 2189 501 2217; x_wconf 76' lang='lat' dir='ltr'>qr:</span> <span class='ocrx_word' id='word_1_266' title='bbox 526 2179 616 2209; x_wconf 85' lang='lat' dir='ltr'>dictu</span> <span class='ocrx_word' id='word_1_267' title='bbox 634 2188 699 2208; x_wconf 81' lang='lat' dir='ltr'>om.</span> <span class='ocrx_word' id='word_1_268' title='bbox 718 2177 736 2206; x_wconf 85' lang='lat' dir='ltr'>b</span> <span class='ocrx_word' id='word_1_269' title='bbox 835 2175 855 2205; x_wconf 91' lang='lat'><em>8</em></span> <span class='ocrx_word' id='word_1_270' title='bbox 875 2175 1113 2214; x_wconf 86' lang='lat' dir='ltr'>perductorum</span> <span class='ocrx_word' id='word_1_271' title='bbox 1135 2173 1259 2212; x_wconf 65' lang='lat' dir='ltr'>DWpr:</span> <span class='ocrx_word' id='word_1_272' title='bbox 1283 2172 1448 2211; x_wconf 86' lang='lat' dir='ltr'>perlecto-</span> 
     </span>
    </p>
   </div>
   <div class='ocr_carea' id='block_1_4' title="bbox 124 2214 1453 2347">
    <p class='ocr_par' dir='ltr' id='par_1_4' title="bbox 124 2214 1453 2347">
     <span class='ocr_line' id='line_1_33' title="bbox 124 2214 1453 2261; baseline -0.005 -11"><span class='ocrx_word' id='word_1_273' title='bbox 124 2231 196 2251; x_wconf 85' lang='lat' dir='ltr'>rum</span> <span class='ocrx_word' id='word_1_274' title='bbox 213 2233 253 2261; x_wconf 86' lang='lat' dir='ltr'>q:</span> <span class='ocrx_word' id='word_1_275' title='bbox 278 2223 483 2261; x_wconf 82' lang='lat' dir='ltr'>perditorum</span> <span class='ocrx_word' id='word_1_276' title='bbox 503 2221 531 2251; x_wconf 92' lang='lat' dir='ltr'><em>L</em></span> <span class='ocrx_word' id='word_1_277' title='bbox 692 2231 731 2251; x_wconf 89' lang='lat'>10</span> <span class='ocrx_word' id='word_1_278' title='bbox 755 2219 900 2259; x_wconf 87' lang='lat' dir='ltr'>patietur</span> <span class='ocrx_word' id='word_1_279' title='bbox 923 2218 1001 2248; x_wconf 75' lang='lat' dir='ltr'>coni.</span> <span class='ocrx_word' id='word_1_280' title='bbox 1021 2216 1159 2246; x_wconf 66' lang='lat' dir='ltr'>Schuetz</span> <span class='ocrx_word' id='word_1_281' title='bbox 1177 2227 1183 2245; x_wconf 82' lang='lat' dir='ltr'>z</span> <span class='ocrx_word' id='word_1_282' title='bbox 1208 2216 1331 2254; x_wconf 88' lang='lat' dir='ltr'>patitur</span> <span class='ocrx_word' id='word_1_283' title='bbox 1350 2214 1453 2244; x_wconf 72' lang='lat' dir='ltr'>Orelli</span> 
     </span>
     <span class='ocr_line' id='line_1_34' title="bbox 128 2257 1446 2304; baseline -0.005 -10"><span class='ocrx_word' id='word_1_284' title='bbox 128 2275 164 2294; x_wconf 89' lang='lat'>12</span> <span class='ocrx_word' id='word_1_285' title='bbox 181 2271 251 2294; x_wconf 81' lang='lat' dir='ltr'>cos.</span> <span class='ocrx_word' id='word_1_286' title='bbox 266 2264 301 2294; x_wconf 91' lang='lat' dir='ltr'><em>D</em></span> <span class='ocrx_word' id='word_1_287' title='bbox 313 2265 387 2304; x_wconf 80' lang='lat' dir='ltr'>al.p</span> <span class='ocrx_word' id='word_1_288' title='bbox 403 2277 409 2295; x_wconf 75' lang='grc' dir='ltr'>ε</span> <span class='ocrx_word' id='word_1_289' title='bbox 435 2266 563 2295; x_wconf 86' lang='lat' dir='ltr'>consuli</span> <span class='ocrx_word' id='word_1_290' title='bbox 580 2264 632 2303; x_wconf 80' lang='lat' dir='ltr'>G2⁷</span> <span class='ocrx_word' id='word_1_291' title='bbox 654 2264 794 2294; x_wconf 80' lang='lat' dir='ltr'>consule</span> <span class='ocrx_word' id='word_1_292' title='bbox 817 2262 878 2301; x_wconf 73' lang='lat' dir='ltr'>G‚b</span> <span class='ocrx_word' id='word_1_293' title='bbox 972 2271 1007 2299; x_wconf 94' lang='lat'>17</span> <span class='ocrx_word' id='word_1_294' title='bbox 1033 2259 1280 2298; x_wconf 77' lang='lat' dir='ltr'>quadripertita</span> <span class='ocrx_word' id='word_1_295' title='bbox 1297 2257 1332 2287; x_wconf 91' lang='lat' dir='ltr'><em>D</em></span> <span class='ocrx_word' id='word_1_296' title='bbox 1348 2258 1391 2288; x_wconf 85' lang='lat' dir='ltr'>al.</span> <span class='ocrx_word' id='word_1_297' title='bbox 1403 2264 1446 2298; x_wconf 82' lang='lat' dir='ltr'>p:</span> 
     </span>
     <span class='ocr_line' id='line_1_35' title="bbox 124 2301 1448 2347; baseline -0.005 -10"><span class='ocrx_word' id='word_1_298' title='bbox 124 2308 362 2347; x_wconf 85' lang='lat' dir='ltr'>quadripartita</span> <span class='ocrx_word' id='word_1_299' title='bbox 378 2307 409 2337; x_wconf 96' lang='lat' dir='ltr'><em>Z</em></span> <span class='ocrx_word' id='word_1_300' title='bbox 423 2308 466 2340; x_wconf 83' lang='lat' dir='ltr'>al.</span> <span class='ocrx_word' id='word_1_301' title='bbox 609 2317 651 2346; x_wconf 84' lang='lat'>25</span> <span class='ocrx_word' id='word_1_302' title='bbox 675 2307 818 2338; x_wconf 86' lang='lat' dir='ltr'>ornabat</span> <span class='ocrx_word' id='word_1_303' title='bbox 835 2305 916 2346; x_wconf 82' lang='lat' dir='ltr'>prb:</span> <span class='ocrx_word' id='word_1_304' title='bbox 943 2303 1127 2335; x_wconf 83' lang='lat' dir='ltr'>honorabat</span> <span class='ocrx_word' id='word_1_305' title='bbox 1142 2301 1206 2332; x_wconf 78' lang='grc' dir='ltr'>ΒΨ</span> <span class='ocrx_word' id='word_1_306' title='bbox 1351 2311 1390 2340; x_wconf 86' lang='lat'>27</span> <span class='ocrx_word' id='word_1_307' title='bbox 1417 2301 1448 2331; x_wconf 89' lang='lat' dir='ltr'>in</span> 
     </span>
    </p>
   </div>
   <div class='ocr_carea' id='block_1_5' title="bbox 125 2350 433 2391">
    <p class='ocr_par' dir='ltr' id='par_1_5' title="bbox 125 2350 433 2391">
     <span class='ocr_line' id='line_1_36' title="bbox 125 2350 433 2391; baseline 0.006 -11"><span class='ocrx_word' id='word_1_308' title='bbox 125 2350 263 2381; x_wconf 86' lang='lat' dir='ltr'>Galliam</span> <span class='ocrx_word' id='word_1_309' title='bbox 280 2361 379 2391; x_wconf 82' lang='lat' dir='ltr'>exsp.</span> <span class='ocrx_word' id='word_1_310' title='bbox 396 2352 433 2382; x_wconf 77' lang='grc' dir='ltr'>ὸδ</span> 
     </span>
    </p>
   </div>
   <div class='ocr_carea' id='block_1_6' title="bbox 1490 94 1528 124">
    <p class='ocr_par' dir='ltr' id='par_1_6' title="bbox 1490 94 1528 124">
     <span class='ocr_line' id='line_1_37' title="bbox 1490 94 1528 124; baseline 0 -8"><span class='ocrx_word' id='word_1_311' title='bbox 1490 94 1528 124; x_wconf 75' lang='grc'>32</span> 
     </span>
    </p>
   </div>
   <div class='ocr_carea' id='block_1_7' title="bbox 1490 399 1530 429">
    <p class='ocr_par' dir='ltr' id='par_1_7' title="bbox 1490 399 1530 429">
     <span class='ocr_line' id='line_1_38' title="bbox 1490 399 1530 429; baseline 0 0"><span class='ocrx_word' id='word_1_312' title='bbox 1490 399 1530 429; x_wconf 84' lang='grc'>33</span> 
     </span>
    </p>
   </div>
   <div class='ocr_carea' id='block_1_8' title="bbox 1487 855 1526 886">
    <p class='ocr_par' dir='ltr' id='par_1_8' title="bbox 1487 855 1526 886">
     <span class='ocr_line' id='line_1_39' title="bbox 1487 855 1526 886; baseline 0.026 -1"><span class='ocrx_word' id='word_1_313' title='bbox 1487 855 1526 886; x_wconf 82' lang='lat'>34</span> 
     </span>
    </p>
   </div>
   <div class='ocr_carea' id='block_1_9' title="bbox 1480 1302 1522 1338">
    <p class='ocr_par' dir='ltr' id='par_1_9' title="bbox 1480 1302 1522 1338">
     <span class='ocr_line' id='line_1_40' title="bbox 1480 1302 1522 1338; baseline 0 0"><span class='ocrx_word' id='word_1_314' title='bbox 1480 1302 1522 1338; x_wconf 88' lang='lat'>13</span> 
     </span>
    </p>
   </div>
  </div>
 </body>
</html>
