1715 2734
133 75 188 112 29
212 78 250 112 70
578 66 634 103 M.
665 66 832 103 TVLLI
865 65 1172 104 CICERONIS

121 1531 177 1568 30

205 178 308 215 clare
346 176 406 227 agi
445 176 722 215 arbitrarentur
761 176 791 213 si
831 189 975 215 vacuos
1013 189 1126 226 agros
1165 176 1344 226 Apronio
1383 177 1534 216 tradere

204 242 360 289 liceret,
393 244 535 280 multas
565 241 670 280 enim
696 254 831 279 cruces
861 240 1080 291 propositas
1110 242 1279 290 effugere
1308 241 1532 292 cupiebant.

205 309 411 356 Quantum
455 307 654 357 Apronius
698 305 886 344 edidisset
929 305 1075 352 deberi,
1122 313 1273 344 tantum
1318 320 1364 345 ex
1402 306 1535 345 edicto

203 373 383 410 dandum
415 379 504 410 erat.
582 370 764 409 Etiamne
799 370 829 408 si
861 372 948 420 plus
978 370 1167 409 edidisset
1197 384 1314 420 quam
1341 378 1531 420 quantum

203 445 339 475 natum
364 439 495 475 esset?
553 436 695 482 Etiam,
730 437 891 486 quando
921 435 1166 485 magistratus
1194 450 1240 474 ex
1268 434 1379 473 istius
1403 435 1534 475 edicto

203 502 354 553 exigere
399 501 609 540 debebant.
671 503 724 539 At
765 508 892 539 arator
941 508 1114 551 repetere
1162 508 1324 550 poterat.
1385 502 1532 538 Verum

202 567 454 606 Artemidoro
488 574 770 615 recuperatore.
834 564 942 614 Quid
974 565 1005 603 si
1039 564 1168 603 minus
1199 564 1373 604 dedisset
1407 573 1535 604 arator

201 645 319 682 quam
360 630 606 681 poposcisset
647 630 876 680 Apronius?
945 629 1142 668 Iudicium
1184 629 1222 667 in
1262 638 1453 668 aratorem
1495 631 1533 667 in

200 697 476 746 quadruplum.
556 697 615 733 Ex
664 708 743 745 quo
788 694 963 733 iudicum
999 696 1193 732 numero?
1269 696 1327 732 Ex
1370 695 1533 733 cohorte

200 762 393 812 praetoria
451 763 648 811 praeclara
706 760 914 798 hominum
972 760 1350 799 honestissimorum.
1422 760 1532 808 Quid

200 827 399 877 amplius?
458 826 593 865 Minus
629 834 666 864 te
698 825 874 875 iugerum
911 827 1129 876 professum
1163 838 1247 863 esse
1281 825 1396 863 dico:
1427 838 1532 864 recu-

201 899 398 941 peratores
431 891 542 938 reice,
578 892 686 941 quod
721 892 908 930 adversus
944 891 1118 930 edictum
1152 891 1298 930 feceris.
1361 893 1419 929 Ex
1452 905 1532 940 quo

202 959 396 995 numero?
438 958 497 994 Ex
518 958 657 995 eadem
680 957 853 996 cohorte.
893 956 1003 1005 Quid
1024 956 1095 994 erit
1116 958 1365 995 extremum?
1408 955 1447 995 Si
1469 957 1532 994 da-

202 1030 357 1060 mnatus
372 1021 455 1068 eris,
475 1030 593 1071 atque
609 1023 711 1060 adeo
732 1036 821 1060 cum
845 1023 1055 1061 damnatus
1078 1022 1314 1068 eris‚—-nam
1336 1020 1532 1060 dubitatio

200 1086 466 1125 damnationis
488 1086 561 1124 illis
589 1086 929 1137 recuperatoribus
951 1100 1052 1136 quae
1073 1094 1225 1136 poterat
1246 1099 1331 1125 esse
1344 1085 1531 1135 ?——virgis

200 1159 237 1190 te
266 1153 317 1190 ad
348 1166 487 1191 necem
509 1152 620 1190 caedi
642 1166 804 1190 necesse
825 1151 906 1190 erit.
969 1151 1044 1189 His
1066 1151 1227 1202 legibus,
1252 1151 1311 1189 his
1333 1150 1532 1190 condicio-

199 1216 315 1255 nibus
344 1216 414 1255 erit
441 1216 650 1267 quisquam
679 1225 759 1255 tam
780 1218 921 1255 stultus
951 1216 1017 1266 qui
1043 1218 1230 1255 decumas
1261 1216 1414 1255 venisse
1434 1216 1532 1254 arbi-

199 1290 328 1329 tretur,
353 1282 419 1332 qui
436 1282 575 1320 aratori
594 1295 735 1320 novem
758 1281 876 1332 partis
894 1281 1061 1331 reliquas
1085 1283 1204 1319 factas
1221 1295 1305 1320 esse
1323 1282 1528 1328 existimet,

198 1347 265 1398 qui
287 1361 366 1386 non
389 1348 587 1397 intellegat
618 1347 733 1385 istum
765 1346 838 1385 sibi
867 1346 1046 1397 quaestui
1071 1347 1318 1397 praedaeque
1347 1346 1530 1385 babuisse

199 1413 305 1451 bona
331 1413 599 1463 possessiones
629 1414 882 1462 fortunasque
908 1414 1136 1451 aratorum?
1194 1411 1399 1462 Virgarum
1422 1420 1528 1450 metu

197 1477 460 1528 Agyrinenses
478 1479 585 1527 quod
600 1477 832 1527 imperatum
855 1485 955 1515 esset
978 1479 1146 1517 facturos
1168 1492 1209 1517 se
1230 1492 1314 1517 esse
1336 1477 1526 1516 dixerunt.

254 1542 434 1592 Accipite
464 1556 570 1581 nunc
592 1541 688 1592 quid
718 1541 927 1592 imperarit,
952 1550 989 1580 et
1018 1542 1273 1589 dissimulate,
1299 1543 1328 1581 si
1352 1542 1526 1593 potestiS,

198 1622 268 1646 vos
298 1608 522 1658 intellegere
554 1607 680 1657 ipsum
709 1614 940 1657 praetorem,
965 1606 1005 1645 id
1035 1610 1144 1658 quod
1176 1616 1257 1647 tota
1288 1607 1418 1646 Sicilia
1449 1621 1531 1657 per-

200 1672 335 1723 spexit,
377 1674 667 1722 redemptorem
716 1673 973 1710 decumarum
1012 1680 1131 1723 atque
1180 1675 1283 1712 adeo
1331 1681 1527 1711 aratorum

197 1738 406 1777 dominum
444 1752 490 1776 ac
538 1752 668 1788 regem
713 1737 840 1776 fuisse.
921 1739 1094 1788 Imperat
1136 1738 1446 1789 Agyrinensibus
1486 1745 1527 1776 ut

197 1805 385 1842 decumas
415 1802 487 1853 ipsi
519 1802 676 1853 publice
706 1802 914 1853 accipiant,
939 1803 1118 1853 Apronio
1147 1805 1298 1842 lucrum
1321 1805 1427 1843 dent.
1488 1803 1527 1842 Si

198 1882 342 1918 magno
373 1875 531 1914 emerat,
568 1867 756 1917 quoniam
796 1876 836 1906 tu
877 1881 917 1906 es
957 1868 1024 1918 qui
1069 1868 1366 1918 diligentissime
1406 1867 1529 1918 pretia

197 1932 409 1983 exquisisti,
444 1932 522 1982 qui,
564 1940 606 1971 ut
645 1932 712 1979 ais,
755 1946 898 1983 magno
934 1932 1158 1981 vendidisti,
1201 1947 1320 1983 quare
1361 1933 1528 1983 putabas

241 2047 270 2075 3,
289 2048 307 2075 4
333 2037 495 2067 edixisset
517 2036 549 2065 V
641 2046 660 2075 5
687 2036 794 2067 Etiam
812 2036 946 2075 quando
968 2047 1054 2075 mag.
1079 2036 1128 2067 V:
1158 2037 1276 2068 Etiam.
1313 2036 1389 2075 Quo
1408 2037 1528 2068 modo?

199 2080 350 2119 Magistr.
367 2085 390 2119 p
408 2080 473 2110 rell.
498 2079 548 2118 (cst
571 2080 615 2112 iii.
635 2083 649 2116 ᾗ
669 2090 703 2118 31
843 2080 938 2110 istius
961 2079 1060 2110 VcO:
1087 2081 1226 2120 ipsiusp
1244 2080 1310 2111 rell.
1439 2081 1460 2110 6
1484 2079 1529 2111 At

197 2129 308 2154 arator
330 2124 408 2154 VO:
435 2123 475 2153 ab
493 2128 626 2154 aratore
645 2130 760 2162 pctcrc
774 2128 797 2163 p
815 2124 881 2154 rell.
954 2129 1086 2163 poterat
1105 2129 1237 2163 poterat
1255 2134 1335 2154 vero
1357 2124 1388 2153 V
1510 2133 1527 2162 7

197 2168 345 2197 (ledisset
366 2168 469 2208 (edid.
493 2167 537 2199 O}
557 2173 670 2197 arator
691 2166 771 2196 1⁷0:
797 2172 909 2197 arator
926 2167 1114 2207 dedissctp
1130 2167 1196 2198 rell.
1368 2178 1403 2206 14
1428 2172 1529 2206 atque

198 2212 283 2241 adeo
300 2221 374 2241 cum
393 2212 570 2241 damnatus
588 2211 654 2240 eris
678 2210 723 2239 V:
750 2221 816 2241 om.
831 2215 855 2250 j>
872 2210 937 2242 rell.
1045 2220 1087 2241 20
1112 2210 1329 2250 fortunasque
1349 2210 1400 2241 O:
1427 2211 1528 2241 sortu-

199 2264 260 2284 nas
278 2254 343 2285 rell.
497 2263 537 2291 23
564 2254 596 2283 id
612 2254 698 2292 quod
719 2277 724 2282 .
745 2277 751 2283 .
772 2278 778 2284 .
799 2254 973 2294 perspexit
992 2254 1021 2284 Ο
1039 2265 1045 2284 :
1070 2258 1101 2284 ct
1119 2254 1210 2293 quod
1228 2278 1235 2285 .
1257 2278 1264 2286 .
1287 2278 1293 2285 .
1313 2254 1529 2294 perspexerit

193 2302 218 2337 p
235 2297 301 2328 rcll.
439 2307 478 2336 27
505 2297 614 2336 pretia
631 2296 722 2335 dilig.
745 2296 775 2326 O

1555 449 1572 481 5

1556 775 1594 799 10

1556 1101 1591 1134 ¹5

1551 1427 1591 1448 20

1550 1751 1587 1784 25
