1715 2734
131 55 184 95 52
208 58 267 92 137
574 44 631 80 M.
663 43 831 80 TVLLI
865 42 1172 82 CICERONIS

121 163 182 202 138
203 157 276 195 bus
306 163 420 206 capta
449 162 487 195 et
522 156 682 193 incensa
716 161 774 193 est
790 169 800 202 3
837 161 926 204 post
961 155 1169 203 Syracusas
1198 153 1378 193 conditas
1411 167 1530 206 quem

132 750 182 789 53

123 956 182 988 Ι39

126 1800 189 1832 140

202 222 241 260 in
272 229 428 272 portum
462 232 681 270 numquam
716 218 839 256 hostis
869 225 1096 265 accesserat,
1127 218 1166 256 in
1201 232 1250 258 eo
1282 226 1321 257 te
1355 226 1531 269 praetore

202 286 370 337 primum
410 285 557 335 piratae
596 283 902 334 navigaverunt;
946 294 1076 333 neque
1115 284 1212 321 hacc
1251 290 1308 321 tot
1348 291 1385 322 et
1424 291 1532 322 tanta

202 352 398 390 dedecora
426 349 740 388 dissimulatione
771 356 837 386 tua
870 361 999 398 neque
1027 347 1227 386 oblivione
1254 347 1462 387 hominum
1486 361 1531 387 ac

202 416 465 455 taciturnitate
500 423 629 465 tegere
659 413 825 460 voluisti,
863 414 932 452 sed
969 413 1086 451 etiam
1122 412 1280 450 navium
1313 414 1530 463 praefectos

202 482 286 520 sine
315 482 394 519 ulla
423 493 540 518 causa
570 481 620 517 de
650 479 856 528 complexu
889 485 1093 528 parentum
1128 490 1300 524 suorum,
1331 477 1531 527 hospitum

202 555 370 593 tuorum,
409 546 460 583 ad
500 552 667 583 mortem
706 543 1002 592 cruciatumque
1040 542 1211 592 rapuisti,
1248 555 1377 592 neque
1416 550 1454 580 te
1492 542 1531 581 in

202 619 408 662 parentum
436 612 543 648 luctu
571 617 689 658 atque
716 607 884 646 lacrimis
911 607 986 646 mei
1015 607 1186 645 nominis
1208 606 1532 646 commemoratio

203 675 418 726 mitigavit3
455 674 525 712 tibi
556 673 762 712 hominum
797 672 1068 711 innocentium
1104 672 1260 722 sanguis
1295 685 1375 711 non
1412 672 1532 710 modo

202 740 392 792 voluptati
435 740 505 778 sed
549 739 667 778 etiarn
708 737 886 788 quaestui
929 737 1222 776 fuitl’—haec
1262 736 1293 775 si
1333 736 1403 775 tibi
1442 744 1532 774 tuus

203 820 342 858 parens
372 805 530 852 diceret,
552 817 688 855 posses
717 804 768 841 ab
799 816 846 841 eo
866 802 1020 841 veniam
1052 810 1195 853 petere,
1225 815 1360 852 posses
1390 809 1431 840 ut
1461 800 1532 840 tibi

202 873 421 923 ignosceret
442 871 669 921 postulare?

257 936 357 976 Satis
378 943 436 975 est
456 937 603 974 factum
625 934 777 982 Siculis,
799 934 890 972 satis
911 933 1041 972 officio
1060 947 1106 971 ac
1127 932 1419 979 necessitudini,
1441 932 1532 970 satis

202 1002 397 1053 promisso
418 1009 552 1039 nostro
572 1014 617 1038 ac
646 1008 817 1050 recepto.
878 999 1046 1049 Reliqua
1074 1006 1131 1037 est
1153 1013 1198 1037 ea
1219 1012 1348 1045 causa,
1370 997 1533 1045 iudices,

202 1082 304 1118 quae
331 1067 407 1105 iam
435 1080 515 1105 non
544 1072 701 1116 recepta
727 1066 797 1103 sed
824 1065 968 1112 innata,
992 1078 1120 1114 neque
1148 1065 1277 1102 delata
1303 1065 1353 1102 ad
1379 1077 1442 1102 me
1463 1064 1532 1102 sed

202 1133 242 1171 in
276 1133 411 1171 animo
445 1145 643 1182 sensuque
678 1144 769 1169 meo
802 1130 958 1180 penitus
992 1131 1121 1168 adfixa
1154 1137 1272 1179 atque
1306 1129 1422 1167 insita
1451 1136 1534 1176 est3

203 1212 304 1249 quae
325 1212 405 1237 non
427 1199 477 1236 ad
499 1197 694 1237 sociorum
717 1198 894 1242 salutem,
916 1196 985 1234 sed
1006 1196 1057 1234 ad
1078 1195 1223 1233 civium
1247 1197 1532 1242 Romanorum,

203 1266 279 1303 hoc
309 1272 367 1302 est
396 1264 446 1302 ad
482 1262 597 1300 unius
627 1261 820 1312 cuiusque
854 1269 1042 1308 nostrum,
1074 1260 1192 1298 vitam
1229 1268 1266 1298 et
1301 1259 1532 1310 sanguinem

203 1329 381 1380 pertinet.
453 1330 499 1367 In
530 1341 608 1378 qua
638 1328 760 1366 nolite
788 1341 811 1365 a
840 1340 913 1374 me,
945 1327 1055 1376 quasi
1088 1325 1254 1364 dubium
1290 1325 1338 1363 sit
1372 1324 1533 1374 aliquid,

202 1401 443 1445 argumenta,
482 1393 644 1440 iudices,
684 1399 932 1442 exspectare:
981 1391 1116 1430 omnia
1159 1404 1261 1441 quae
1303 1390 1432 1429 dicam
1478 1389 1534 1428 sie

204 1469 317 1499 erunt
351 1459 527 1498 inlustria
560 1466 601 1497 ut
636 1459 686 1497 ad
721 1472 766 1496 ea
801 1458 1005 1507 probanda
1037 1465 1158 1495 totam
1192 1456 1363 1495 Siciliam
1394 1463 1533 1495 testem

203 1525 391 1564 adhibere
413 1538 581 1575 possem.
643 1525 765 1561 Furor
785 1522 889 1561 enim
912 1522 1086 1572 quidam,
1113 1522 1267 1561 sceleris
1288 1530 1325 1560 et
1346 1520 1534 1560 audaciae

205 1604 350 1637 come&
372 1590 481 1628 istius
510 1590 740 1627 effrenatum
771 1588 947 1626 animum
980 1588 1326 1639 importunamque
1356 1594 1534 1625 naturam

206 1664 314 1694 tanta
334 1655 527 1706 oppressit
547 1655 720 1693 amentia
747 1662 789 1692 ut
811 1668 1029 1704 numquam
1052 1654 1249 1693 dubitaret
1276 1653 1315 1691 in
1336 1659 1534 1691 conventu

206 1723 334 1771 palam
357 1720 558 1771 supplicia,
576 1733 676 1769 quae
698 1720 736 1757 in
759 1720 960 1758 convictos
983 1719 1148 1758 malefici
1171 1732 1302 1757 servos
1323 1717 1536 1756 constituta

207 1795 308 1834 sunt,
331 1800 376 1824 ca
403 1786 441 1823 in
463 1785 556 1824 civis
580 1787 783 1824 Romanos
806 1799 1043 1835 expromere.
1103 1784 1230 1835 Virgis
1252 1797 1369 1834 quam
1392 1784 1536 1821 multos

207 1851 392 1890 ceciderit
431 1851 526 1900 quid
566 1864 638 1900 ego
678 1852 1017 1889 commemorem?
1084 1851 1258 1888 Tantum
1298 1847 1536 1894 brevissime,

208 1917 368 1964 iudices
391 1917 505 1954 dico:
536 1918 685 1954 nullum
717 1915 786 1953 fuit
808 1915 973 1954 omnino
1001 1914 1165 1953 civitatis
1196 1914 1271 1952 isto
1297 1920 1474 1964 praetore
1498 1911 1537 1949 in

208 1984 284 2020 hoc
304 1996 446 2032 genere
467 1981 689 2020 discrimen.
737 1982 877 2030 Itaque
899 1980 974 2018 iam
997 1979 1284 2019 consuetudine
1304 1979 1354 2016 ad
1376 1989 1538 2027 corpora

209 2047 352 2086 civium
377 2049 649 2086 Romanorum
672 2046 788 2085 ctiam
816 2045 900 2084 sine
928 2045 1037 2084 istius
1065 2052 1162 2083 nutu
1184 2044 1378 2083 ferebatur
1399 2055 1537 2081 manus

210 2113 293 2163 ipsa
314 2112 469 2151 lictoris.

255 2227 274 2254 3
301 2221 347 2247 tot
365 2220 494 2256 tantas>
582 2217 611 2248 6.
631 2215 650 2245 8
675 2214 901 2254 parentiump
923 2212 1039 2252 (Prisc.
1059 2212 1114 2244 Gr.
1135 2211 1212 2243 Lat.
1233 2212 1264 2251 ii,
1280 2217 1312 2252 p.
1331 2213 1406 2251 355x
1428 2213 1537 2242 contra

213 2260 292 2290 R55
422 2270 459 2299 13
484 2259 725 2290 necessitudini
745 2258 872 2289 iudices
885 2259 927 2299 pb
1054 2267 1095 2287 22
1120 2267 1253 2297 possem
1271 2255 1363 2286 st
1381 2267 1387 2286 :
1413 2255 1538 2295 possim

207 2305 250 2344 p&
270 2306 325 2344 (ἐς
344 2305 396 2344 84,
421 2304 495 2344 158)
631 2304 672 2334 28
697 2302 805 2332 dicam
823 2313 842 2342 q

1550 426 1568 458 5

1554 751 1592 773 10

1556 1078 1592 1110 15

1554 1404 1596 1426 20

1557 1729 1595 1760 25

1558 2055 1597 2086 30
