1715 2734
153 74 194 110 13
221 78 258 108 32
589 64 645 101 M.
678 63 847 100 TVLLI
879 62 1185 102 CICERONIS

215 174 424 221 amisisses,
462 182 545 212 tum
582 174 687 212 bona
726 181 793 211 tua
826 181 1000 222 repetere
1033 186 1079 211 ac
1114 172 1296 223 persequi
1331 172 1397 211 lite
1430 180 1548 222 atque

154 255 192 285 33
216 238 372 277 iudicio.
435 240 538 278 Cum
560 251 652 276 vero
673 237 793 276 verbo
815 237 1004 275 iudicium
1027 237 1075 275 sit
1096 237 1135 275 in
1158 237 1300 284 edicto,
1324 251 1364 276 re
1385 237 1548 287 quidem

214 316 305 342 vera
334 311 491 342 tuorum
521 302 724 349 comitum,
759 301 966 339 hominurn
996 301 1340 351 nequissimorum,
1370 301 1550 340 conlusio

217 382 306 407 cum
322 368 563 414 decumanis,
581 366 696 405 sociis
719 366 794 404 tuis
811 374 930 416 atque
946 367 1048 404 adeo
1069 366 1398 415 procuratoribus,
1415 375 1547 405 tamen

214 436 337 473 audes
367 433 483 471 ullius
514 431 757 470 mentionem
787 430 907 469 iudici
936 432 1091 469 facere?
1130 431 1356 481 praesertim
1387 444 1477 469 cum
1508 431 1549 470 id
1570 445 1587 475 5

216 512 295 537 non
318 500 438 537 modo
464 497 640 536 oratione
670 509 757 534 mea
785 497 853 534 sed
883 495 1001 534 etiam
1032 510 1072 534 re
1100 495 1184 545 ipsa
1211 497 1416 542 refellatur,
1440 498 1548 545 quod

215 564 254 601 in
290 563 406 601 tantis
442 561 706 600 incommodis
742 569 939 598 aratorum
977 560 1205 610 iniuriisque
1237 563 1547 599 decumanorum

215 630 365 667 nullum
397 642 442 666 ex
473 627 548 665 isto
578 627 777 676 praeclaro
807 625 939 664 edicto
969 638 1049 664 non
1078 627 1199 664 modo
1228 627 1373 664 sactum
1401 627 1471 664 sed
1500 640 1548 664 ne

216 695 456 743 postulatum
488 692 649 742 quidem
682 690 871 729 iudicium
904 690 1109 729 invenitur.

149 777 190 808 34
270 758 353 795 Erit
376 766 507 795 tamen
529 757 568 794 in
589 764 761 794 aratores
783 755 908 793 lenior
929 769 1046 804 quam
1070 755 1232 794 videtur.
1295 757 1398 794 Nam
1420 756 1486 805 qui
1508 755 1546 793 in
1573 771 1609 791 10

213 824 457 860 decumanos
478 820 627 871 octupli
650 819 839 858 iudicium
862 833 903 858 se
924 821 1107 858 daturum
1129 820 1259 867 edixit,
1284 820 1388 858 idem
1410 821 1547 858 habuit

213 887 254 925 in
289 887 421 926 edicto
455 900 496 925 se
531 886 570 924 in
603 894 795 924 aratorem
826 885 866 922 in
896 886 1160 935 quadruplum
1191 887 1386 923 daturum.
1448 885 1548 934 Quis

214 955 319 991 hunc
340 954 460 991 audet
480 951 610 990 dicere
631 950 850 989 aratoribus
874 949 1059 988 infestum
1081 958 1148 988 aut
1173 949 1377 988 inimicum
1399 951 1548 989 fuisse?

213 1026 364 1069 quanto
392 1018 517 1056 lenior
547 1025 605 1056 est
634 1030 753 1067 quam
784 1016 824 1054 in
855 1016 1136 1066 publicanum!
1196 1016 1327 1055 Edixit
1357 1024 1410 1063 ut,
1437 1017 1546 1066 quod

213 1086 457 1123 decumanus
483 1082 670 1121 edidisset
698 1081 772 1120 sibi
801 1081 883 1120 dari
912 1090 1102 1131 oportere,
1127 1081 1166 1120 id
1187 1082 1238 1119 ab
1257 1089 1410 1120 aratore
1429 1081 1547 1132 magi·
1572 1097 1606 1128 15

214 1157 355 1187 stratus
389 1148 542 1186 Siculus
578 1147 756 1197 exigeret.
819 1146 927 1195 Quid
962 1154 1020 1184 est
1050 1146 1189 1196 reliqui
1219 1146 1339 1185 iudici
1369 1148 1477 1197 quod
1507 1146 1547 1184 in

213 1221 404 1252 aratorem
443 1212 525 1251 dari
569 1212 722 1263 possit?
786 1213 905 1250 ‘Non
949 1213 1095 1249 malum
1135 1213 1218 1258 est‚'
1257 1212 1395 1262 inquit,
1441 1215 1548 1250 ‘esse

214 1279 327 1317 istam
358 1278 620 1324 formidinem,
651 1285 706 1324 ut,
733 1291 824 1315 cum
855 1285 1035 1315 exactum
1067 1277 1115 1315 sit
1143 1277 1195 1315 ab
1223 1286 1389 1324 aratore,
1413 1285 1546 1316 tamen

215 1358 265 1382 ne
302 1358 343 1382 se
381 1350 631 1381 commoveat
670 1342 841 1392 reliquus
877 1350 1004 1380 metus
1039 1342 1159 1381 iudici
1193 1343 1266 1380 sit.'
1324 1342 1363 1381 Si
1399 1343 1546 1382 iudicio

213 1409 270 1447 vis
305 1423 327 1447 a
363 1423 425 1446 mc
454 1408 616 1457 exigere,
649 1421 806 1445 remove
836 1407 1011 1445 Siculum
1043 1407 1336 1457 magistratum:
1376 1407 1407 1446 si
1443 1409 1545 1446 hanc
1567 1422 1610 1443 20

213 1474 291 1511 vim
318 1473 495 1518 adhibes,
519 1473 613 1522 quid
641 1486 741 1521 opus
767 1480 825 1510 est
853 1472 1030 1511 iudicio?
1088 1473 1187 1521 Quis
1215 1486 1332 1522 porro
1359 1473 1429 1511 erit
1450 1474 1546 1523 quin

214 1539 322 1577 malit
362 1538 591 1577 decumanis
632 1537 708 1575 tuis
747 1539 840 1576 dare
879 1539 987 1587 quod
1031 1538 1296 1588 poposcerint,
1338 1551 1457 1588 quam
1496 1539 1548 1577 ab

213 1603 408 1643 adseculis
439 1603 514 1641 tuis
545 1604 766 1652 quadruplo
797 1603 1084 1641 condemnari?

271 1670 344 1707 Illa
377 1681 469 1707 vero
507 1670 704 1718 praeclara
742 1676 800 1706 est
838 1670 1013 1707 clausula
1052 1668 1181 1715 edicti,
1219 1670 1327 1718 quod
1367 1669 1546 1708 omnium

215 1733 569 1772 controversiarum
590 1746 691 1783 quae
716 1741 845 1771 essent
874 1733 973 1771 inter
993 1742 1185 1772 aratorem
1207 1742 1244 1772 et
1265 1735 1543 1782 decumanum,
1570 1750 1608 1781 25

215 1799 247 1836 si
282 1807 366 1837 uter
399 1798 500 1845 velit,
538 1798 657 1837 edicit
697 1812 738 1837 se
778 1807 1070 1848 recuperatores
1110 1800 1304 1837 daturum.
1371 1799 1545 1838 Primum

215 1878 316 1914 quae
355 1872 485 1914 potest
523 1878 610 1902 esse
649 1864 924 1910 controversia,
962 1878 1052 1902 cum
1089 1863 1123 1901 is·
1154 1864 1220 1913 qui
1262 1873 1393 1914 petere
1427 1866 1546 1903 debet

216 1931 349 1976 aufert,
373 1938 411 1968 et
438 1943 528 1967 cum
558 1929 587 1967 is
616 1943 695 1967 non
718 1937 909 1978 quantum
939 1930 1104 1967 debetur
1131 1930 1200 1967 sed
1230 1939 1420 1979 quantun}
1443 1943 1546 1968 com-

218 1996 379 2033 modum
420 2003 478 2033 est
515 1996 651 2041 aufert,
688 1994 751 2032 ille
790 2002 921 2032 autem
958 1997 1064 2033 unde
1098 1996 1272 2033 ablatum
1308 2004 1365 2033 est
1400 1995 1545 2034 iudicio

217 2074 331 2098 suum
353 2074 581 2111 recuperare
602 2061 711 2098 nullo
734 2061 856 2098 modo
877 2063 1035 2110 potest?
1096 2060 1249 2099 Deinde
1266 2061 1305 2098 in
1327 2062 1402 2099 hoc
1424 2062 1545 2099 homo
1566 2073 1607 2103 30

151 1645 195 1682 14

155 1704 193 1736 35

262 2175 281 2195 2
306 2175 341 2195 re
359 2175 439 2195 vera
457 2165 590 2203 quidem
613 2164 642 2194 0
775 2173 794 2202 5
820 2169 922 2195 ment.
945 2165 1044 2195 iudici
1066 2164 1138 2194 O-k
1179 2165 1268 2205 prob.
1291 2163 1367 2195 Zr'el.
1385 2170 1417 2205 p.
1444 2167 1517 2204 ¹95*
1537 2176 1543 2195 :

219 2210 285 2240 iud.
304 2214 405 2239 ment.
426 2209 490 2238 rell.
590 2210 654 2238 6-0
679 2208 768 2246 quod
787 2232 792 2237 .
816 2233 822 2238 .
842 2233 846 2237 .
867 2208 1034 2238 invenitur
1050 2207 1119 2238 cO:
1144 2218 1216 2237 cum
1239 2232 1245 2239 .
1268 2232 1274 2239 .
1294 2233 1298 2238 .
1319 2209 1546 2248 inveniaturp

220 2252 282 2283 rell.
413 2254 449 2281 16
474 2256 525 2281 cst
545 2250 660 2289 reliqui
678 2261 693 2280 c
711 2250 778 2290 [F]
797 2257 817 2288 p
835 2251 897 2282 rell.
920 2263 926 2282 :
952 2252 1068 2291 reliqui
1088 2257 1138 2281 cst
1159 2251 1189 2281 Ο
1305 2261 1340 2290 17
1366 2253 1471 2289 possit
1492 2251 1544 2282 O:

220 2300 332 2335 posset
352 2296 415 2325 rell.
438 2295 498 2333 iiii,
520 2298 534 2332 ξ
558 2296 630 2332 14οἴ
766 2304 801 2323 21
831 2294 909 2332 quin
930 2295 969 2324 nk
987 2307 992 2324 :
1017 2296 1070 2334 qui
1091 2295 1121 2325 O
1139 2307 1144 2325 :
1169 2295 1223 2333 qui
1242 2305 1308 2325 non
1328 2295 1389 2324 rell.
1505 2305 1545 2334 23

219 2339 404 2379 quadruplo
422 2337 470 2368 cO
485 2350 490 2368 :
515 2338 690 2376 quadrupli
709 2337 774 2368 rell,
