1769 2739
412 109 471 145 IN
505 108 553 155 Q.
587 108 907 146 CAECILIVM
939 109 1158 147 ORATIO
1396 121 1439 149 12
1460 119 1500 158 38

111 220 254 260 sarium
275 227 344 266 est,
367 221 494 257 facere
514 227 566 266 ut,
590 233 691 269 quae
712 220 775 258 ille
796 220 1016 267 libidinose,
1041 235 1142 271 quae
1164 222 1320 269 nefarie,
1339 236 1440 273 quae

109 285 317 324 crudeliter
337 283 480 330 fecerit,
505 297 551 322 ea
570 297 696 333 aeque
716 285 858 323 acerba
882 293 919 323 et
945 285 1106 335 indigna
1129 285 1335 325 videantur
1355 301 1440 326 esse

108 350 167 388 his
188 349 255 399 qui
274 348 437 387 audient
456 357 575 399 atque
595 349 668 387 illis
690 349 771 387 visa
800 358 891 388 sunt
913 350 979 400 qui
1006 353 1242 389 senserunt?
1292 355 1440 403 Magna
1460 369 1499 401 39

106 421 196 452 sunt
235 427 280 452 ea
319 427 420 463 quae
458 412 558 459 dico,
597 413 693 451 mihi
732 415 871 461 crede,
913 415 993 452 noli
1035 417 1131 453 haec
1171 424 1436 457 contemnere.

68 493 84 523 5
108 478 301 525 Dicenda,
322 479 640 524 demonstranda,
665 478 897 528 explicanda
925 487 1016 517 sunt
1043 480 1186 527 omnia,
1210 494 1328 519 causa
1357 495 1437 520 non

104 545 231 582 solum
263 544 509 592 exponenda,
545 544 614 581 sed
649 543 766 581 etiam
802 544 967 593 graviter
1007 544 1247 595 copioseque
1285 549 1436 596 agenda

103 616 184 653 est3
228 607 510 658 perficiendum
544 616 613 654 est,
645 609 676 646 si
710 608 805 658 quid
838 623 951 658 agere
985 617 1052 647 aut
1085 612 1272 659 proficere
1303 612 1371 659 vis,
1395 620 1435 650 ut

102 673 282 711 homines
325 681 362 710 te
410 686 490 710 non
534 675 661 711 solum
708 673 881 720 audiant,
924 688 1058 712 verum
1107 675 1223 713 etiarn
1270 676 1435 715 libenter

102 737 355 787 studioseque
375 737 547 775 audiant.
593 740 640 775 In
661 752 742 788 quo
758 739 789 776 si
812 747 849 777 te
871 741 1038 777 multum
1062 748 1199 778 natura
1219 741 1430 789 adiuvaret,

43 818 80 839 10
100 803 131 841 si
152 802 310 853 optimis
331 816 353 840 a
373 802 537 852 pueritia
558 802 775 853 disciplinis
797 812 916 854 atque
937 805 1084 843 artibus
1107 806 1322 844 studuisses
1339 815 1376 861 et
1393 807 1431 845 in

99 867 158 905 his
191 868 440 913 elaborasseS,
476 868 507 906 si
542 868 687 907 litteras
723 871 893 907 Graecas
926 870 1094 908 Athenis
1129 884 1209 908 non
1243 871 1429 921 Lilybaei,

98 933 257 970 Latinas
288 934 442 970 Romae
476 946 557 970 non
588 933 626 970 in
659 933 789 971 Sicilia
819 933 1038 981 didicisses,
1059 943 1190 973 tamen
1220 944 1321 974 esset
1354 951 1431 976 ma-

95 1010 217 1047 gnum
231 1005 379 1035 tantam
393 1011 563 1044 causam,
581 1005 660 1036 tam
675 1006 952 1048 exspectatam,
969 1006 1006 1038 et
1024 999 1225 1050 diligentia
1238 1001 1428 1051 consequi

95 1069 133 1100 et
168 1062 357 1100 memoria
391 1062 601 1112 complecti
636 1070 674 1101 et
709 1063 885 1101 oratione
921 1078 1148 1114 expromere
1180 1073 1217 1103 et
1251 1079 1348 1104 voce
1381 1081 1427 1105 ac

36 1142 71 1173 15
92 1127 238 1165 viribus
259 1127 459 1166 sustinere.

147 1195 327 1231 Fortasse
357 1193 488 1231 dices:
528 1193 657 1242 ‘Quid
688 1195 809 1243 ergo?
852 1195 950 1232 haec
979 1194 1019 1232 in
1052 1203 1089 1233 te
1119 1204 1209 1233 sunt
1239 1197 1425 1235 omnia?'
1443 1217 1485 1247 40

91 1257 252 1296 Vtinam
294 1258 456 1308 quidem
496 1261 650 1296 essent!
700 1272 833 1296 verum
876 1266 1008 1297 tamen
1049 1268 1089 1297 ut
1130 1274 1214 1299 esse
1260 1270 1421 1311 possent

91 1337 235 1374 magno
273 1324 404 1362 studio
444 1324 539 1362 mihi
577 1338 600 1362 a
639 1324 804 1374 pueritia
843 1333 900 1363 est
939 1326 1195 1364 elaboratum.
1266 1328 1421 1376 Quodsi

89 1402 162 1439 ego
204 1391 301 1428 haec
346 1397 504 1440 propter
543 1389 856 1439 magnitudinem
898 1404 1025 1428 rerum
1064 1404 1110 1429 ac
1149 1391 1419 1431 difficultatem

31 1471 70 1492 20
87 1454 251 1504 adsequi
283 1469 362 1493 non
392 1454 513 1504 potui,
537 1454 604 1504 qui
634 1454 674 1492 in
704 1454 813 1492 omni
835 1454 913 1492 vita
942 1455 1039 1493 nihil
1068 1455 1175 1494 aliud
1205 1456 1276 1506 egi,
1299 1471 1417 1507 quam

86 1520 202 1569 longe
229 1527 270 1557 tu
298 1528 336 1558 te
361 1520 412 1557 ab
439 1519 498 1557 his
529 1520 644 1557 rebus
674 1519 813 1557 abesse
843 1520 1038 1566 arbitrare,
1062 1534 1159 1570 quas
1187 1535 1266 1559 non
1295 1524 1417 1561 modo

84 1592 199 1623 antea
233 1599 450 1635 numquam
486 1585 674 1635 cogitasti,
710 1586 779 1623 sed
816 1599 864 1623 ne
898 1599 1005 1623 nunc
1039 1586 1213 1636 quidem,
1250 1600 1340 1625 curn
1376 1587 1414 1625 in

85 1662 150 1688 eas
176 1650 399 1700 ingrederis,
423 1665 523 1701 quae
551 1658 589 1689 et
610 1659 781 1700 quantae
807 1650 884 1688 sint
911 1651 1097 1701 suspicari
1129 1654 1271 1701 potes?
1328 1654 1414 1703 Ego
1431 1667 1475 1704 13

84 1713 164 1763 qui,
194 1715 293 1753 sicut
328 1729 466 1754 omnes
498 1716 636 1762 sciunt,
670 1715 708 1753 in
740 1717 823 1753 foro
858 1715 1093 1766 iudiciisque
1127 1716 1180 1754 ita
1210 1730 1338 1755 verser
1372 1726 1413 1756 ut
1433 1728 1469 1757 41

26 1796 63 1828 25
83 1779 259 1819 eiusdem
284 1782 421 1819 aetatis
448 1789 514 1819 aut
542 1795 660 1819 nemo
686 1789 753 1819 aut
781 1781 896 1830 pauci
920 1781 1040 1831 pluris
1068 1795 1204 1819 causas
1229 1783 1414 1821 defende-

82 1844 168 1892 rint,
191 1854 229 1884 et
250 1846 318 1896 qui
344 1860 463 1884 omne
489 1854 643 1896 tempus
665 1847 773 1896 quod
802 1846 898 1884 mihi
924 1847 974 1884 ab
1001 1846 1217 1884 amicorum
1246 1847 1412 1897 negotiis

81 1911 195 1948 datur
226 1910 264 1948 in
295 1910 354 1948 his
385 1910 523 1949 studiis
553 1911 834 1961 laboribusque
864 1924 1108 1957 consumam,
1133 1924 1213 1961 quo
1242 1912 1412 1961 paratior

80 1976 130 2013 ad
165 1989 280 2013 usum
315 1977 510 2014 forensem
545 1976 842 2026 promptiorque
877 1990 962 2014 esse
996 1976 1156 2026 possim,
1191 1983 1323 2015 tamen
1357 1978 1410 2016 ita

80 2039 175 2078 mihi
196 2042 293 2079 deos
314 2041 430 2079 velim
452 2041 641 2091 propitios
663 2048 715 2088 ut,
739 2055 829 2079 curn
850 2041 952 2080 illius
979 2041 1073 2079 mihi
1095 2041 1281 2091 temporis
1303 2043 1408 2081 venit

20 2120 59 2150 30
78 2104 118 2142 in
153 2113 326 2144 mentem
362 2119 441 2155 quo
479 2105 543 2144 die
582 2105 701 2143 citato
740 2120 806 2144 reo
845 2106 941 2144 mihi
975 2106 1190 2145 dicendum
1230 2106 1289 2153 sit,
1326 2121 1406 2146 non

126 2220 138 2238 1
150 2219 160 2239 1
188 2209 379 2240 laborasses
396 2222 416 2238 π
563 2220 600 2249 14
626 2220 800 2249 exponere
818 2212 833 2239 δ
953 2221 990 2241 ac
1008 2210 1063 2250 Dp
1078 2214 1107 2240 et
1116 2210 1197 2250 pler.
1213 2221 1219 2239 :
1245 2216 1278 2241 et
1299 2212 1407 2249 G2LK

79 2262 120 2289 24
144 2253 178 2282 in
195 2252 393 2292 iudiciisque
411 2266 431 2282 π
542 2263 660 2283 versor
679 2252 750 2291 G2L
910 2264 951 2293 29
976 2254 1066 2284 illius
1084 2254 1162 2284 mihi
1181 2256 1344 2294 temporis
1361 2267 1401 2284 π;

79 2295 167 2325 illius
200 2298 364 2335 temporis
405 2295 485 2326 mihi
516 2295 611 2327 Dpr.
653 2297 831 2337 Vtramque
868 2297 1030 2328 lectionem
1070 2300 1180 2327 tuelztr
1209 2297 1403 2328 Priscianus

77 2348 119 2377 3ο
144 2339 197 2369 die
214 2350 279 2370 om.
298 2340 326 2369 L
