1715 2734
168 103 223 140 92
244 109 303 142 215
606 97 660 133 M.
693 96 861 133 TVLLI
893 96 1200 135 CICERONIS

163 639 216 675 93

154 692 215 720 216

150 1590 210 1625 217

240 206 278 243 hi
300 205 568 256 sesquimodii,
599 208 648 255 Q.
674 205 875 253 Hortensi,
899 205 1072 254 fuissent,
1095 220 1195 257 quos
1217 214 1258 245 tu
1279 221 1370 246 cum
1390 209 1442 248 ad
1462 222 1568 248 men-

237 285 350 310 surae
388 279 468 309 tam
508 271 685 321 exiguam
727 271 918 310 rationem
953 274 1102 322 populo
1142 275 1327 311 Romano
1365 273 1405 311 in
1439 274 1569 324 capita

237 336 519 386 descripsisses,
561 337 824 386 gratissimum
864 337 1050 375 omnibus
1089 337 1240 385 fecisti3
1284 338 1422 377 caritas
1461 339 1566 377 enim

236 416 418 441 annonae
440 402 608 440 faciebat
629 410 671 440 ut
693 403 802 448 istuc,
826 404 935 452 quod
956 416 996 440 re
1017 415 1180 452 parvum
1202 402 1367 450 videtur,
1391 411 1568 454 tempore

239 481 424 517 magnum
454 467 659 506 videretur.
722 468 836 506 Idem
868 467 968 505 istuc
1001 467 1032 505 si
1062 467 1101 505 in
1132 469 1278 507 vilitate
1309 470 1457 519 populo
1489 471 1567 508 Ro·
1589 481 1605 512 5

238 546 356 571 mano
376 533 502 581 largiri
523 534 723 579 voluisses,
742 532 914 571 derisum
937 540 1048 571 tuum
1070 533 1307 572 beneficium
1327 541 1428 572 esset
1448 542 1567 584 atque

236 606 522 647 contemptum.

291 663 382 702 Noli
413 663 529 714 igitur
557 663 688 702 dicere
718 663 835 702 istum
864 663 969 703 idem
991 664 1130 703 fecisse
1159 665 1269 714 quod
1298 666 1564 712 Sacerdotem,

234 729 423 777 quoniam
453 743 534 767 non
565 730 708 768 eodem
739 737 916 779 tempore
945 743 1075 780 neque
1106 729 1221 768 simili
1258 730 1349 768 fecit
1380 744 1565 769 annona:

234 793 355 831 dicito
394 793 536 843 potius,
582 794 771 843 quoniam
812 795 934 833 habes
972 802 1173 833 auctorem
1214 794 1415 842 idoneum,
1456 797 1565 845 quod
1591 808 1626 829 ¹0

235 858 432 897 Antonius
463 873 543 897 uno
572 861 744 898 adventu
776 867 814 898 et
841 860 902 898 vix
933 860 1142 898 menstruis
1172 859 1327 898 cibariis
1357 861 1502 908 fecerit,
1526 861 1565 899 id

234 924 351 962 istum
382 937 450 973 per
479 924 690 962 triennium
722 924 871 971 fecisse,
895 932 933 962 et
964 924 1074 962 istius
1107 925 1374 963 innocentiam
1408 927 1463 963 M.
1487 928 1566 964 An-

234 989 317 1027 toni
337 991 442 1027 facto
471 997 590 1039 atque
619 989 851 1028 auctoritate
877 990 1092 1028 defendito.
1155 992 1259 1028 Nam
1289 992 1340 1029 de
1370 993 1455 1029 Sex.
1484 991 1565 1041 qui-

233 1055 324 1092 dem
356 1055 577 1100 Peducaeo,
601 1054 813 1093 fortissimo
842 1062 962 1104 atque
994 1054 1320 1094 innocentissimo
1352 1055 1444 1101 viro,
1468 1056 1564 1105 quid

233 1119 403 1158 dicetis?
459 1120 510 1157 de
530 1133 610 1169 quo
631 1119 718 1169 quis
739 1132 929 1169 umquam
950 1127 1077 1157 arator
1093 1128 1254 1168 questus
1278 1122 1358 1158 est?
1388 1129 1455 1158 aut
1476 1120 1564 1170 quis
1590 1133 1625 1163 ¹5

232 1199 313 1223 non
343 1186 394 1222 ad
424 1186 499 1222 hoc
530 1192 686 1235 tempus
716 1184 1081 1223 innocentissimam
1108 1184 1287 1222 omnium
1318 1185 1564 1235 diligentissi-

232 1264 418 1300 mamque
448 1258 669 1300 praeturam
708 1249 811 1288 illius
851 1249 1023 1288 hominis
1063 1249 1290 1288 existimat?
1351 1250 1562 1289 Biennium

232 1315 472 1366 provinciam
504 1315 686 1354 obtinuit.
747 1317 850 1355 Cum
880 1317 977 1354 alter
1005 1329 1132 1353 annus
1163 1315 1202 1353 in
1224 1315 1381 1362 vilitate,
1403 1318 1500 1355 alter
1523 1317 1562 1355 in

231 1395 386 1420 summa
415 1381 574 1419 caritate
597 1380 719 1427 fuerit,
745 1395 839 1418 num
870 1389 937 1419 aut
961 1380 1000 1418 in
1024 1380 1170 1418 vilitate
1203 1394 1409 1419 nummum
1435 1390 1563 1421 arator

231 1446 440 1496 quisquam
476 1446 586 1485 dedit
617 1453 684 1484 aut
717 1446 756 1484 in
788 1446 948 1484 caritate
985 1447 1034 1484 de
1071 1445 1344 1485 aestimatione
1377 1447 1561 1485 frumenti
1585 1464 1624 1485 20

231 1519 392 1561 questus
431 1514 525 1550 est?
600 1513 653 1549 At
692 1511 872 1550 uberiora
922 1510 1067 1549 cibaria
1108 1512 1209 1548 facta
1248 1519 1339 1548 sunt
1388 1511 1558 1551 caritate.

232 1578 386 1624 Credo,
417 1591 546 1627 neque
562 1576 601 1615 id
619 1584 675 1615 est
690 1590 836 1615 novum
856 1590 985 1626 neque
1000 1576 1382 1626 reprehendendum.
1433 1578 1562 1615 Modo

233 1645 277 1683 C.
301 1643 480 1682 Sentium
501 1643 682 1690 vidimus,
707 1643 910 1681 hominem
932 1650 1061 1680 vetere
1083 1641 1147 1679 illa
1174 1656 1219 1680 ac
1247 1642 1431 1692 singulari
1453 1642 1563 1681 inno-

230 1709 360 1748 centia
394 1709 628 1759 praeditum,
663 1716 821 1759 propter
852 1707 1053 1746 caritatem
1085 1707 1269 1746 frumenti
1300 1721 1401 1757 quae
1437 1709 1561 1746 fuerat

232 1775 270 1813 in
302 1774 542 1814 Macedonia
572 1788 825 1825 permagnam
853 1788 899 1812 ex
923 1773 1077 1811 cibariis
1105 1772 1314 1823 pecuniam
1339 1774 1557 1823 deportare.
1584 1788 1622 1819 ²5

233 1842 364 1889 Quam
394 1841 447 1879 ob
477 1854 558 1879 rem
584 1853 663 1877 non
689 1853 763 1889 ego
792 1839 950 1878 invideo
972 1837 1193 1877 commodis
1214 1838 1300 1883 tuis,
1325 1838 1355 1875 si
1382 1852 1484 1888 quae
1509 1839 1561 1877 ad

231 1913 268 1944 te
298 1908 383 1956 lege
412 1914 626 1945 venerunt:
657 1905 837 1943 iniuriam
870 1917 1021 1954 queror,
1054 1903 1344 1953 improbitatem
1376 1917 1557 1954 coarguo,

229 1971 428 2009 avaritiam
453 1971 491 2009 in
513 1971 660 2010 crimen
682 1979 720 2009 et
742 1971 780 2008 in
803 1969 993 2008 iudicium
1016 1982 1122 2007 voco.

285 2037 440 2086 Quodsi
471 2037 714 2087 suspiciones
745 2036 889 2074 inicere
921 2033 1045 2072 velitis
1075 2035 1126 2072 ad
1158 2033 1276 2083 pluris
1307 2033 1488 2073 homines
1519 2042 1557 2073 et

229 2102 279 2139 ad
310 2102 428 2152 pluris
459 2101 677 2152 provincias
708 2101 855 2139 crimen
887 2101 963 2137 hoc
995 2098 1196 2148 pertinere,
1228 2112 1307 2136 non
1338 2112 1411 2148 ego
1441 2099 1554 2138 istam
1580 2116 1619 2146 30

273 2216 293 2244 3
318 2206 467 2245 discrips.
491 2206 599 2237 llsnrll.
696 2216 712 2244 4
742 2205 828 2234 istud
848 2204 878 2233 O
983 2214 1003 2242 9
1028 2203 1145 2233 codem
1167 2202 1197 2231 ()
1215 2214 1219 2231 :
1245 2207 1323 2242 eos)
1341 2202 1403 2233 rell.
1426 2206 1458 2243 Q
1477 2204 1555 2239 201)

229 2260 363 2280 annona
381 2250 428 2279 cO
449 2262 454 2279 t
480 2260 568 2281 anno
584 2254 606 2289 p
625 2249 686 2279 rell.
810 2258 844 2286 17
870 2247 1041 2278 biennium
1060 2247 1106 2277 cO
1124 2257 1130 2276 z
1155 2246 1291 2276 biennio
1306 2251 1329 2285 j>
1346 2246 1410 2277 rell.
1522 2249 1558 2277 18

230 2294 316 2330 vulg.
340 2294 495 2327 obtinuit,
516 2304 589 2324 cuin
609 2317 615 2323 .
637 2316 643 2322 .
665 2317 671 2323 .
692 2292 801 2322 suerit.
823 2292 908 2321 Num
927 2295 978 2321 clf.
1123 2292 1165 2320 26
1189 2301 1274 2329 quae
1294 2290 1347 2319 O:
1371 2295 1474 2330 quap
1491 2290 1554 2322 rell.

229 2347 268 2374 27
295 2348 437 2373 coarguo
454 2338 502 2367 cO
521 2349 527 2367 ε
551 2347 655 2372 arguo
669 2341 691 2377 p
708 2336 774 2366 rell.
919 2345 960 2373 29
985 2333 1097 2364 velitis
1115 2333 1145 2363 O
1164 2345 1168 2363 :
1195 2333 1352 2373 voletisp
1370 2334 1432 2364 rell.
1523 2339 1557 2364 et

222 2385 248 2420 p
261 2381 326 2412 rell.
346 2393 352 2411 ε
377 2392 444 2411 ουτ.
467 2382 497 2409 ()
515 2380 583 2412 rdd.

1714 1459 1715 1470 i

1713 1487 1715 1508 A
