1769 2739
657 100 978 138 PRAEFATIO

152 219 313 247 causam
341 208 550 248 adumbrat
578 210 784 259 Zumptius
813 221 934 258 quare
963 207 1051 247 libri
1081 209 1106 247 ii
1136 216 1174 248 et
1203 207 1243 247 iii
1273 207 1481 259 separatim

153 273 296 312 fuerint
324 274 493 314 exarati:
536 274 742 313 ‘nimirum
781 274 975 324 optimum
1005 274 1102 313 illud
1131 275 1330 324 exemplar
1357 273 1484 312 Verri-

153 351 302 385 narum,
335 352 381 377 ex
409 352 489 389 quo
519 346 720 388 tamquam
751 353 798 378 ex
827 338 1031 377 communi
1070 340 1178 377 fonte
1217 352 1356 378 omnes
1397 337 1484 377 libri

154 403 334 442 meliores
363 405 568 451 fluxerunt,
590 403 685 442 olim
705 412 772 442 aut
792 417 886 442 casu
907 405 1094 453 quodam,
1115 412 1181 442 aut
1208 403 1300 454 quia
1330 405 1484 443 mediae

153 470 350 507 orationes
380 482 517 520 parum
556 469 752 508 iucundae
791 469 1048 515 habebantur,
1084 470 1292 508 discissum
1332 470 1484 509 videtur

154 547 250 581 esse,
281 547 360 583 qua
398 535 437 571 in
477 541 636 583 ruptura
674 547 765 571 cum
794 535 987 584 perissent
1021 541 1193 572 extrema
1230 534 1318 573 libri
1352 535 1362 573 i
1392 534 1484 572 folia

155 599 301 637 factum
323 606 382 637 est
403 606 444 637 ut
464 606 602 650 postea
622 600 770 649 primae
799 607 876 637 tres
903 612 994 637 cum
1022 599 1203 638 extremis
1229 600 1395 647 duabus,
1417 607 1484 638 aut

154 663 271 702 etiarn
301 665 375 703 hae
398 665 500 703 duae
528 666 646 712 solae,
670 672 707 703 et
730 677 861 702 rursus
883 664 1037 703 mediae
1066 665 1153 702 illae
1183 664 1388 715 separatim
1417 665 1484 703 de-

154 730 425 779 scriberentur,
466 732 540 769 hae
577 730 739 781 quidem
779 737 938 780 propter
976 731 1221 769 severitatem
1265 729 1484 780 argumenti

154 795 370 834 rarissime'
397 795 538 846 (Praef.
567 809 606 845 p.
632 794 775 845 xxxiii).
834 796 926 843 Qua
953 794 1140 833 fidelitate
1166 794 1345 832 librarius
1371 794 1484 845 Regii

154 861 350 910 exemplar
385 861 494 909 quod
532 868 624 898 ante
663 861 800 898 oculos
833 859 1008 898 habebat
1034 858 1328 908 transcripserit,
1362 873 1407 897 ex
1437 872 1484 897 eo

154 923 318 962 iudicari
344 932 474 974 potest
497 925 604 973 quod
627 923 667 961 in
697 923 733 961 iv
755 924 773 973 ξ
799 938 870 971 142
893 931 972 961 tres
992 923 1115 961 lineas
1135 936 1277 961 vacuas
1302 923 1484 973 relinquit

154 996 197 1027 ut
217 988 335 1027 verba
355 1002 456 1038 quae
477 990 604 1038 legere
624 988 815 1038 nequibat
835 987 926 1039 (sese
951 993 1064 1024 antea
1094 1018 1102 1026 .
1134 1017 1142 1026 .
1174 1017 1183 1026 .
1213 1000 1365 1037 cumque
1384 988 1485 1039 eum)

154 1063 293 1105 postea
319 1062 613 1103 reponerentur.
672 1055 828 1091 Desunt
856 1054 955 1091 haec
984 1052 1103 1090 verba
1130 1051 1248 1090 etiam
1279 1053 1317 1090 in
1348 1054 1485 1091 ceteris

155 1118 323 1157 familiae
343 1120 388 1157 X
402 1118 621 1166 codicibus,
646 1119 715 1156 sed
736 1119 843 1156 nulla
863 1117 1036 1156 indicata
1056 1118 1220 1155 lacuna.¹

210 1186 325 1223 quta
352 1186 394 1222 R
422 1184 560 1223 merito
591 1185 800 1234 ponendus
831 1191 889 1222 est
919 1185 1005 1222 Par.
1040 1195 1139 1232 7775
1169 1181 1246 1233 (S),
1271 1184 1386 1221 saecl.
1408 1181 1482 1229 xiii,

155 1251 263 1288 cuius
294 1250 440 1288 codicis
471 1249 699 1299 scriptorem
726 1248 860 1287 iudico
887 1249 1104 1298 perfectum
1127 1248 1330 1297 quoddam
1358 1261 1485 1286 exem-

154 1316 247 1365 plar,
272 1313 384 1364 Regii
411 1315 633 1364 gemellum,
655 1322 748 1352 ante
779 1314 915 1352 oculos
944 1312 1156 1351 habuisse.²
1214 1313 1261 1350 In
1292 1312 1484 1363 prioribus

154 1379 405 1418 Verrinarum
436 1378 542 1417 libris
571 1380 653 1417 duo
683 1386 837 1417 tantum
867 1377 962 1416 folia
995 1377 1115 1416 hodie
1154 1385 1373 1429 supersunt,
1404 1377 1442 1416 ii.
1473 1377 1484 1415 i

153 1445 192 1494 ἐξ
214 1459 367 1495 90-111
401 1445 653 1483 continentia.
715 1446 799 1482 Iam
831 1443 927 1482 illud
959 1443 1150 1494 imprimis
1176 1452 1235 1483 est
1265 1445 1483 1482 notandum

153 1512 273 1561 quod,
304 1524 395 1550 cum
426 1509 543 1549 ceteri
582 1509 698 1547 huius
729 1517 858 1547 sectae
892 1510 1061 1556 codices,
1093 1509 1160 1559 qui
1191 1522 1329 1548 omnes
1357 1517 1484 1548 aetate

154 1577 386 1627 posteriores
408 1584 497 1613 sunt
519 1588 635 1624 quam
655 1577 694 1621 S,
713 1575 838 1613 isdem
856 1575 983 1612 verbis
1005 1574 1068 1612 hic
1089 1575 1299 1620 desinant,·'³
1313 1587 1393 1612 non
1410 1573 1483 1611 nisi

154 1643 306 1692 expleta
327 1643 486 1680 demum
509 1639 650 1690 pagina
676 1640 753 1678 hoc
781 1641 903 1678 modo
929 1639 1063 1677 deficit
1083 1640 1138 1678 S:
1170 1653 1247 1689 qua
1267 1653 1313 1677 ex
1334 1653 1373 1677 re
1393 1652 1483 1677 con-

154 1708 313 1745 cludere
342 1706 432 1744 ]icet
458 1705 659 1743 librarium
689 1706 778 1742 cod.
812 1706 852 1752 S,
881 1718 1124 1754 quamquam
1154 1703 1344 1754 potuisset
1374 1706 1484 1754 plura

154 1785 200 1809 ex
230 1769 439 1820 exemplari
478 1783 550 1807 suo
580 1768 846 1815 transcribere,
879 1771 955 1807 hoc
985 1771 1074 1807 loco
1102 1768 1355 1806 intermisisse
1384 1782 1483 1818 opus

154 1837 370 1886 ceterisque
391 1843 590 1873 auctorem
617 1834 810 1873 exstitisse
830 1848 899 1873 cur
923 1834 1047 1873 isdem
1074 1834 1200 1872 verbis
1228 1833 1483 1872 subsisterent

154 1915 292 1939 omnes
315 1901 378 1952 (J.
401 1902 473 1938 Plz.
496 1914 579 1947 xxx,
602 1913 664 1950 pp.
693 1902 765 1949 163
787 1899 902 1950 sqq).
961 1901 1101 1949 Itaque
1128 1899 1320 1937 debemus
1341 1899 1428 1937 cod.
1454 1897 1485 1935 S

154 1965 353 2017 permagni
387 1966 592 2003 aestimare
623 1972 666 2002 ut
697 1965 875 2003 omnium
907 1965 947 2003 in
982 1964 1127 2002 familia
1156 1965 1201 2002 X
1229 1963 1295 2013 qui
1335 1964 1482 2013 priores

153 2031 273 2069 libros
299 2031 446 2069 habent
473 2030 656 2068 codicum
684 2038 898 2080 parentem.
952 2031 1001 2067 Et
1029 2029 1205 2067 recensio
1232 2041 1349 2078 quam
1378 2041 1482 2079 prae-

197 2132 209 2151 ¹
235 2133 335 2164 Haud
353 2133 533 2163 absurdum
560 2132 659 2162 suerit
683 2132 736 2162 hic
761 2141 1023 2162 commemorare
1049 2131 1191 2161 candem
1218 2131 1287 2161 sere
1310 2141 1379 2160 rern
1397 2135 1431 2160 et
1448 2130 1480 2161 in

152 2176 379 2210 Cluniaccnsi.
399 2176 453 2215 qui
479 2182 512 2206 et
537 2177 608 2215 ipse
635 2180 746 2215 potest
771 2186 814 2205 cx
838 2176 957 2206 codem
983 2185 1047 2214 quo
1076 2174 1204 2213 Regius
1220 2174 1407 2213 archetypo
1424 2174 1481 2204 de-

153 2221 300 2259 scriptus
323 2230 410 2258 esse,
437 2220 566 2250 duobus
591 2219 624 2248 in
650 2219 732 2248 locis
756 2219 922 2257 evenisse,
951 2219 971 2248 ii
999 2221 1035 2256 §5
1054 2228 1104 2256 23,
1127 2228 1188 2255 243
1224 2228 1252 2248 v.
1277 2217 1477 2255 Anecdoton,

154 2275 186 2305 p.
205 2273 297 2294 xxvx.

198 2306 211 2328 ²
236 2317 266 2337 v.
282 2306 318 2344 J.
337 2306 398 2336 Pla.
416 2316 497 2343 xxx,
517 2316 570 2344 pp.
594 2306 651 2344 167
669 2315 741 2344 sqq.

196 2350 210 2371 ⁸
233 2350 272 2382 dc
287 2350 380 2381 istius
395 2347 612 2391 singu(lari>‚
633 2349 665 2379 ii.
686 2349 693 2378 i
713 2351 728 2386 ξ
751 2359 819 2380 111.

802 2419 825 2442 X
