1715 2734
214 90 268 118 20
288 99 330 129 54
658 82 714 119 M.
747 82 915 120 TVLLI
948 81 1255 121 CICERONIS

285 199 428 239 tamen,
458 193 609 242 opinor,
639 205 740 243 quae
766 191 876 242 signa
901 199 1019 242 atque
1049 200 1280 231 ornamenta
1305 205 1352 231 ex
1376 192 1421 232 iis
1450 193 1614 232 urbibus

285 258 517 305 sustulisses,
537 260 634 297 haec
664 271 744 296 non
766 257 805 294 in
836 265 942 295 tuam
970 258 1133 296 domum
1163 271 1291 307 neque
1321 257 1360 295 in
1388 258 1615 297 suburbana

284 322 513 370 amicorum,
532 325 601 362 sed
623 325 793 361 Romam
815 322 854 360 in
876 322 1078 372 publicum
1099 324 1356 372 deportasses.
1417 324 1527 371 Quid
1540 336 1614 374 ego

222 370 263 402 ⁵⁵
284 388 334 425 de
357 390 411 426 M.
437 390 627 428 Marcello
648 390 796 437 loquar,
820 387 886 437 qui
908 389 1128 436 Syracusas,
1151 389 1288 426 urbem
1309 387 1610 435 ornatissimam,

282 452 414 503 cepit?
461 453 556 503 quid
596 455 646 492 de
686 454 730 491 L.
773 452 967 503 Scipione,
1005 452 1071 502 qui
1112 454 1258 491 bellum
1293 453 1332 490 in
1369 453 1462 491 Asia
1495 453 1614 503 gessit
1634 465 1651 496 5

282 517 617 568 Antiochumque,
673 531 802 568 regem
853 517 1181 567 potentissimum,
1233 517 1356 556 vicit?
1417 518 1513 567 quid
1561 519 1612 557 de

282 583 514 631 Flaminino,
539 582 605 632 qui
637 596 767 632 regem
790 582 1017 633 Philippum
1048 591 1086 621 et
1117 583 1398 621 Macedoniam
1429 583 1612 633 subegit?

279 648 375 697 quid
396 649 446 687 de
468 650 509 686 L.
532 650 664 695 Paulo,
689 648 756 698 qui
777 662 907 698 regem
931 650 1074 686 Persen
1095 648 1130 686 vi
1159 662 1204 686 ac
1224 648 1364 687 virtute
1386 648 1611 697 superavit?

279 713 375 762 quid
396 715 444 752 de
467 716 508 752 L.
535 714 744 761 Mummio,
777 714 843 764 qui
872 715 1008 752 urbem
1038 714 1339 764 pulcherrimam
1361 721 1479 763 atque
1500 727 1610 752 orna-

278 778 480 826 tissimam,
505 779 753 825 Corinthum,
777 778 1046 829 plenissimam
1075 792 1202 817 rerum
1224 778 1416 825 omnium,
1439 779 1605 825 sustulit,
1632 789 1671 811 10

277 843 465 893 urbisque
487 843 660 882 Achaiae
683 843 952 893 Boeotiaeque
974 845 1116 881 multas
1144 843 1218 881 sub
1243 843 1450 893 imperium
1472 844 1607 894 populi

278 908 449 947 Romani
496 908 776 959 dicionemque
822 908 1052 947 subiunxit?
1100 910 1280 957 Quorum
1320 910 1474 955 domus,
1516 922 1607 947 cum

277 974 427 1012 honore
458 987 502 1012 ac
538 973 678 1012 virtute
712 975 906 1020 florerent,
944 973 1062 1024 signis
1094 981 1132 1012 et
1167 973 1310 1011 tabulis
1350 973 1462 1023 pictis
1497 980 1607 1011 erant

275 1051 421 1077 vacuae
437 1054 445 1085 3
475 1047 513 1076 at
534 1052 625 1077 vero
646 1039 784 1077 urbem
807 1047 929 1078 totam
957 1040 1183 1089 templaque
1210 1039 1375 1077 deorum
1396 1038 1606 1089 omnisque

277 1103 414 1142 Italiae
444 1104 561 1154 partis
582 1104 736 1143 illorum
758 1104 874 1143 donis
902 1117 949 1142 ac
979 1103 1247 1142 monumentis
1268 1111 1472 1142 exornatas
1502 1103 1606 1142 vide·
1628 1115 1663 1148 15

214 1174 255 1214 56
277 1181 374 1206 muS.
434 1171 583 1207 Vereor
602 1183 652 1207 ne
680 1170 778 1207 haec
804 1171 904 1207 forte
932 1168 1103 1219 cuipiam
1131 1168 1247 1206 nimis
1274 1168 1436 1218 antiqua
1463 1176 1500 1207 et
1526 1169 1602 1207 iam

275 1234 454 1273 obsoleta
474 1235 704 1282 videantur3
734 1234 786 1273 ita
810 1234 915 1273 enim
943 1242 1026 1273 tum
1051 1233 1308 1284 aequabiliter
1334 1247 1473 1272 omnes
1494 1243 1603 1272 erant

273 1298 356 1337 eius
385 1300 489 1338 modi
523 1309 563 1338 ut
584 1301 681 1339 haec
711 1302 795 1338 laus
815 1299 980 1338 eximiae
1000 1299 1150 1337 virtutis
1180 1308 1217 1337 et
1248 1299 1497 1338 innocentiae
1521 1313 1602 1338 non

273 1366 400 1402 solum
450 1365 669 1412 hominum,
712 1379 845 1403 verum
885 1364 1002 1403 etiam
1048 1372 1271 1415 temporum
1317 1364 1471 1402 illorum
1517 1378 1602 1403 esse

271 1429 458 1467 videatur.
511 1431 550 1467 P.
575 1429 768 1476 Servilius,
792 1429 848 1467 vir
868 1429 1116 1475 clarissimus,
1137 1429 1314 1467 maximis
1334 1430 1450 1467 rebus
1470 1430 1600 1479 gestis,
1623 1446 1664 1468 20

270 1495 381 1532 adest
411 1495 461 1533 de
491 1503 529 1533 te
559 1495 793 1533 sententiam
823 1496 993 1532 laturus:
1025 1495 1239 1544 Olympum
1270 1494 1317 1541 vi,
1345 1494 1479 1544 copiis,
1512 1508 1603 1533 con-

271 1559 367 1605 silio,
384 1559 524 1599 virtute
545 1560 658 1610 cepit,
679 1561 816 1599 urbem
830 1560 1032 1610 antiquam
1048 1568 1085 1598 et
1107 1559 1292 1598 omnibus
1309 1560 1424 1598 rebus
1444 1568 1601 1599 auctam

271 1633 308 1663 et
329 1634 518 1663 ornatam.
571 1627 728 1664 Recens
749 1627 973 1675 exemplum
995 1625 1193 1663 fortissimi
1211 1625 1279 1662 viri
1302 1627 1479 1674 profer03
1509 1640 1601 1664 nam

270 1698 407 1740 postea
429 1690 612 1729 Servilius
634 1690 844 1740 imperator
870 1690 1005 1740 populi
1029 1690 1199 1728 Romani
1223 1691 1437 1741 Olympum
1463 1692 1600 1730 urbem

270 1755 441 1794 hostium
460 1755 563 1806 cepit
580 1769 696 1805 quam
715 1763 755 1793 tu
778 1755 816 1793 in
838 1755 963 1794 isdem
981 1755 1054 1794 illis
1076 1755 1170 1793 locis
1193 1757 1340 1805 legatus
1356 1756 1600 1806 quaestorius
1622 1770 1660 1802 ²5

270 1821 417 1871 oppida
462 1829 601 1871 pacata
643 1821 838 1859 sociorum
880 1829 999 1871 atque
1037 1821 1253 1859 amicorum
1293 1821 1514 1871 diripienda
1555 1836 1601 1861 ac

209 1898 250 1931 57
271 1887 448 1924 vexanda
468 1885 620 1924 curasti.
680 1888 742 1923 Tu
764 1899 864 1935 quae
885 1900 930 1924 ex
952 1885 1050 1923 sanis
1068 1885 1364 1936 religiosissimis
1387 1899 1454 1935 per
1473 1889 1600 1925 scelus

270 1960 308 1990 et
329 1952 576 1990 latrocinium
593 1952 798 1997 abstulisti,
822 1965 867 1990 ea
889 1965 960 1990 nos
974 1952 1106 1990 videre
1127 1951 1199 1989 nisi
1216 1951 1253 1989 in
1272 1951 1347 1990 tuis
1367 1952 1599 1990 amicorum-

270 2032 347 2068 que
372 2026 527 2056 tuorum
559 2017 670 2056 tectis
701 2031 780 2055 non
812 2030 1047 2067 possumus:
1079 2018 1119 2054 P.
1144 2016 1327 2055 Servilius
1358 2030 1459 2066 quae
1489 2017 1599 2067 signa

221 307 266 338 21

318 2132 330 2151 1
357 2126 456 2160 atque
478 2127 523 2161 pr
547 2122 616 2151 aL:
652 2126 685 2151 ct
714 2132 778 2160 quc
808 2121 850 2159 D,
879 2126 911 2152 ct
938 2131 1024 2160 quae
1051 2124 1079 2150 ψ
1109 2128 1210 2158 (quae
1239 2119 1283 2154 Κ,
1311 2125 1343 2150 et
1369 2119 1422 2159 Gst
1559 2121 1599 2151 iis

272 2164 398 2205 Zumpt
410 2166 452 2199 lis
463 2165 510 2195 ed.
522 2165 654 2195 Ronm:
672 2165 724 2195 his
736 2164 790 2204 Dp
800 2165 842 2195 al.
861 2177 865 2192 τ
889 2166 960 2195 istis
973 2165 1014 2203 G²
1079 2165 1098 2194 8
1118 2164 1220 2194 Paulo
1234 2163 1322 2194 codd.
1341 2175 1346 2193 :
1366 2163 1482 2194 Paullo
1497 2163 1596 2201 Iord„

271 2208 378 2247 Klots,
399 2208 503 2248 Κανᾶ.
633 2219 668 2246 14
697 2209 819 2246 templa
837 2208 889 2237 Κδ
1027 2210 1063 2238 16
1087 2207 1172 2237 sorte
1189 2218 1255 2237 om.
1276 2207 1312 2245 G,
1334 2207 1431 2238 Prisc.
1559 2209 1597 2238 18

272 2252 371 2282 huius
398 2253 485 2282 modi
513 2252 572 2281 nb5
600 2251 689 2282 (Dz'v.
715 2256 728 2288 ,ξ
754 2253 818 2290 38;
853 2253 873 2286 i,
901 2255 935 2288 §S
964 2262 1014 2290 17,
1046 2252 1141 2289 1515:
1177 2251 1229 2280 vel
1256 2251 1354 2280 huius
1377 2251 1465 2281 modi
1489 2250 1600 2289 G2KZ

271 2295 337 2327 (vcl
355 2307 380 2326 s.
398 2296 415 2325 l.
437 2296 500 2334 D²>
604 2306 641 2325 21
672 2296 797 2325 laturus
815 2301 863 2324 est
879 2296 938 2335 pr&
1061 2294 1250 2325 Olinthium
1268 2293 1325 2323 D:
1351 2293 1536 2334 Olinphum
1550 2300 1595 2334 p:

271 2339 458 2378 Olynthum
477 2339 539 2369 rell.
632 2339 756 2370 virtute
773 2339 916 2368 consilio
933 2349 952 2377 q
1040 2348 1079 2375 24
1106 2338 1281 2369 Olinthum
1299 2337 1354 2377 Dp
