1715 2734
85 63 140 101 40
161 69 204 102 99
533 52 589 89 M.
621 51 789 89 TVLLI
821 50 1128 90 CICERONIS

87 801 133 839 41

74 861 133 882 100

75 1553 130 1575 101

161 164 321 202 Etenim
342 163 373 202 si
394 170 528 214 posset
555 176 643 201 reus
663 162 826 200 absente
850 168 1078 200 accusatore
1098 160 1289 208 damnari,
1312 175 1394 200 non
1418 175 1493 211 ego

157 243 180 267 a
201 229 359 267 Vibone
379 228 535 267 Veliam
556 228 718 278 parvulo
745 226 900 276 navigio
921 226 1021 265 inter
1047 226 1299 277 fugitivorum
1319 240 1366 264 ac
1386 240 1493 277 prae-

158 295 309 332 donum
334 307 380 332 ac
408 301 475 331 tua
505 294 582 331 tela
610 291 818 338 venissem,
841 305 921 341 quo
951 299 1128 341 tempore
1155 290 1284 329 omnis
1312 290 1378 329 illa
1404 304 1493 329 mea

158 358 357 398 festinatio
379 358 451 396 fuit
472 371 563 396 cum
585 357 760 408 periculo
777 356 925 406 capitis,
949 355 1001 395 ob
1022 369 1109 394 eam
1130 369 1290 394 causam
1311 369 1362 394 ne
1382 363 1424 393 tu
1445 370 1492 394 ex

158 424 232 462 reis
253 423 465 462 eximerere
486 423 516 461 si
539 436 612 473 ego
632 423 683 461 ad
711 422 816 461 diem
838 436 919 460 non
940 421 1165 460 adfuissem.
1229 422 1351 470 Quod
1376 420 1491 471 igitur
1509 433 1526 464 5

158 489 228 528 tibi
251 497 331 528 erat
352 489 391 526 in
413 496 482 527 tuo
503 487 650 527 iudicio
674 487 975 538 optatissimum,
1000 501 1063 525 me
1083 501 1173 525 cum
1200 486 1342 525 citatus
1363 500 1490 524 essem

158 568 239 593 non
273 555 424 600 adesse,
461 567 529 591 cur
567 552 732 591 Sthenio
767 566 846 590 non
886 551 1030 602 putasti
1069 552 1256 601 prodesse
1296 558 1487 601 oportere,

158 634 249 658 cum
280 620 363 658 eius
392 626 597 657 accusator
624 631 704 656 non
734 616 953 656 adfuisset?
1011 618 1151 666 Itaque
1179 616 1270 655 fecit
1300 624 1342 654 ut
1365 616 1491 654 exitus

157 684 351 736 principio
398 683 620 722 simillimus
668 683 921 734 reperiretur:
969 696 1087 733 quem
1130 683 1337 721 absentem
1381 695 1491 720 reum

156 752 312 797 fecerat,
336 764 427 788 eum
448 750 614 788 absente
634 757 862 788 accusatore
883 750 1135 787 condemnat.

212 815 479 854 Nuntiabatur
510 814 564 853 illi
598 814 733 865 primis
768 813 841 852 illis
875 813 1128 864 temporibus,
1167 813 1207 851 id
1237 814 1348 863 quod
1382 820 1492 864 pater

157 895 319 932 quoque
347 882 399 919 ad
433 894 524 919 eum
559 879 736 930 pluribus
775 879 902 918 verbis
937 878 1153 929 scripserat,
1189 878 1374 929 agitatam
1409 892 1492 917 rem

157 960 242 986 esse
281 946 321 984 in
361 954 525 993 senatu3
572 945 690 984 etiam
730 944 769 982 in
808 944 996 983 contione
1034 944 1236 982 tribunum
1276 944 1402 994 plebis
1442 945 1492 983 de

156 1026 276 1051 causa
316 1011 464 1058 Stheni,
514 1013 569 1049 M.
618 1010 858 1057 Palicanum,
904 1023 989 1048 esse
1033 1017 1243 1059 questum;
1291 1018 1492 1059 postremo

158 1092 223 1117 me
262 1077 392 1128 ipsum
431 1078 539 1128 apud
579 1078 655 1115 hoc
691 1075 899 1126 collegium
940 1074 1186 1113 tribunorum
1221 1074 1362 1125 plebis,
1399 1089 1491 1113 cum

157 1157 294 1182 eorum
322 1142 502 1181 omnium
529 1142 661 1180 edicto
691 1155 771 1180 non
799 1141 932 1179 liceret
961 1142 1115 1179 Romae
1139 1154 1382 1190 quemquam
1407 1154 1492 1179 esse

157 1207 224 1258 qui
246 1207 299 1247 rei
327 1207 504 1258 capitalis
532 1207 821 1245 condemnatus
853 1213 965 1252 esset,
997 1205 1122 1255 egisse
1150 1219 1309 1243 causam
1340 1205 1490 1253 Stheni,

156 1281 205 1321 et,
236 1287 327 1312 cum
354 1273 407 1311 ita
431 1287 513 1311 rem
542 1272 811 1323 exposuissem
839 1285 959 1322 quem
986 1273 1036 1310 ad
1066 1272 1231 1310 modum
1257 1285 1365 1309 nunc
1384 1273 1492 1321 apud

156 1352 236 1386 vos,
261 1338 567 1388 docuissemque
588 1339 689 1376 hanc
715 1336 1011 1376 damnationem
1033 1336 1125 1375 duci
1147 1350 1227 1374 non
1248 1344 1439 1386 oportere,
1464 1349 1491 1374 x

156 1404 335 1443 tribunos
370 1403 496 1453 plebis
531 1404 608 1442 hoc
636 1402 830 1448 statuisse,
856 1401 976 1451 idque
1006 1403 1057 1440 de
1087 1400 1266 1439 omnium
1297 1401 1492 1440 sententia

156 1469 454 1520 pronuntiatum
472 1482 567 1515 esse,
587 1469 684 1506 NON
708 1479 852 1505 V1DER1
877 1468 1101 1505 STHENWM
1125 1478 1321 1504 1MPED1R1
1338 1479 1492 1505 EDICTO

157 1546 239 1579 Qvo
270 1546 400 1572 MINVS
429 1547 467 1572 EI
492 1535 648 1572 ROMAE
674 1545 850 1571 LICERET
879 1545 984 1571 ESSE.
1047 1533 1150 1571 Cum
1172 1533 1270 1570 haec
1296 1533 1348 1570 ad
1373 1531 1490 1570 istum

155 1601 409 1646 adferrentur,
442 1598 643 1650 pertimuit
673 1598 888 1648 aliquando
924 1606 962 1636 et
998 1605 1224 1636 commotus
1257 1605 1340 1644 est3
1378 1597 1492 1636 vertit

156 1664 288 1703 stilum
327 1665 366 1702 in
407 1664 548 1703 tabulis
588 1664 681 1711 suis,
713 1677 793 1714 quo
825 1664 929 1701 facto
964 1676 1123 1701 causam
1159 1676 1320 1700 omnem
1354 1663 1491 1701 evertit

155 1745 293 1778 suam,
332 1730 428 1768 nihil
461 1730 565 1769 enim
606 1729 680 1768 sibi
715 1729 853 1779 reliqui
886 1728 978 1767 fecit
1017 1729 1126 1779 quod
1164 1727 1324 1766 defendi
1359 1728 1491 1779 aliqua

156 1796 306 1835 ratione
345 1803 487 1846 posset.
549 1797 653 1833 Nam
693 1794 724 1833 si
759 1794 813 1832 ita
851 1795 1091 1840 defenderet,
1137 1792 1303 1843 ‘Recipi
1342 1807 1489 1832 nomen

155 1861 329 1900 absentis
359 1860 475 1907 licet;
504 1862 580 1899 hoc
613 1860 694 1898 fieri
722 1859 761 1897 in
793 1859 994 1910 provincia
1019 1859 1126 1896 nulla
1156 1859 1217 1896 lex
1237 1859 1366 1905 vetat‚'
1388 1859 1491 1896 mala

155 1934 194 1965 et
224 1926 404 1976 improba
434 1925 676 1971 defensione,
709 1939 843 1963 verum
869 1924 1000 1974 aliqua
1026 1931 1158 1961 tamen
1188 1922 1244 1960 uti
1270 1922 1490 1970 videretur3

157 1999 356 2041 postremo
382 1990 448 2028 illo
476 1989 795 2041 desperatissimo
823 1988 999 2040 perfugio
1026 1987 1081 2026 uti
1109 1995 1251 2038 posset,
1280 2000 1320 2025 se
1348 1986 1491 2037 impru-

204 2105 215 2124 x
244 2094 462 2125 condemnari
482 2092 520 2124 0¹
661 2093 681 2122 8
707 2092 757 2123 Ita
777 2091 817 2123 0¹
972 2101 1006 2121 11
1036 2090 1089 2121 isti
1106 2090 1236 2129 Kayser
1380 2090 1419 2120 18
1444 2089 1490 2121 ita

157 2149 225 2168 rem
248 2138 331 2178 Vqr:
362 2147 432 2168 rem
451 2138 495 2168 ita
514 2137 584 2177 Opb
600 2136 693 2177 (Ds'v.
714 2139 729 2173 §
753 2138 783 2175 Ι)
891 2145 932 2165 20
958 2135 1000 2165 de
1022 2133 1106 2164 VcO¹
1127 2144 1132 2163 :
1158 2138 1262 2174 om.p
1279 2132 1343 2164 rell.
1447 2144 1489 2163 22

159 2182 289 2212 Romae
308 2182 424 2212 liceret
446 2181 530 2211 VO:
555 2181 674 2210 liceret
696 2179 825 2208 Romae
840 2183 863 2218 p
884 2177 950 2208 rell.
1129 2187 1170 2215 23
1196 2176 1367 2215 pertimuit
1389 2176 1463 2207 1ch
1482 2188 1489 2208 ε

158 2225 303 2264 timuitp
321 2225 382 2255 rell.
533 2225 575 2253 26
603 2223 729 2262 Recepi
749 2233 871 2252 nomen
890 2220 1038 2251 absentis
1057 2231 1064 2253 ζ
1089 2219 1169 2251 licet
1185 2220 1249 2250 hoc
1268 2220 1338 2249 fieri
1358 2220 1390 2249 in
1411 2230 1488 2259 pro-

159 2268 277 2305 vincia,
299 2268 389 2298 nulla
415 2268 470 2298 lex
495 2272 587 2297 vetat
610 2267 678 2305 qu
829 2276 871 2303 29
897 2265 951 2294 illo
974 2264 1021 2303 Vp
1037 2263 1102 2294 rell.
1125 2274 1131 2293 :
1164 2262 1220 2294 illo
1238 2268 1350 2293 tamen
1369 2266 1438 2304 (ἰῇ)
1459 2262 1490 2294 O

153 2317 207 2354 pr.
225 2323 232 2342 ε
256 2317 368 2342 tamen
389 2311 446 2342 illo
463 2321 541 2341 corr.
561 2320 606 2340 m.
631 2320 643 2339 1
737 2308 783 2338 uti
802 2308 957 2348 profugio
974 2307 992 2336 b

1513 761 1552 784 10

1514 1089 1550 1121 15

1513 1415 1552 1436 20

1511 1741 1549 1773 ²5
