1715 2734
135 93 180 130 41

135 332 177 366 97

136 913 178 953 98

124 1539 176 1576 42

136 1599 177 1632 99

199 89 242 132 96
570 82 625 119 M.
657 82 826 119 TVLLI
858 82 1166 122 CICERONIS

198 194 317 235 etiam
338 195 456 235 istum
479 203 715 241 senatorem,
736 200 778 232 ut
799 195 876 232 hoe
896 193 1183 244 amplissimum
1205 208 1351 234 nomen
1373 196 1526 236 s‘enato-

198 261 296 299 rium
330 275 409 300 non
443 263 565 299 modo
598 261 648 298 ad
685 258 873 298 invidiam
909 258 1190 309 imperitorum,
1225 262 1295 299 sed
1329 261 1447 300 etiam
1476 263 1529 301 ad

197 326 479 365 contumeliam
510 325 780 375 improborum
813 331 948 362 natum
980 338 1065 363 esse
1096 324 1328 363 videatur?'
1386 328 1529 377 Neque

198 392 275 429 hoc
305 391 344 429 in
376 405 456 430 uno
477 390 567 429 fecit
599 392 777 436 Annaeo,
809 390 879 428 sed
907 388 945 426 in
981 389 1166 428 omnibus
1199 391 1456 439 senatoribus,
1487 400 1529 431 ut

197 455 345 495 ordinis
374 470 520 495 nomen
549 469 629 494 non
658 463 810 493 tantum
835 455 886 493 ad
917 455 1108 493 honorem
1137 464 1328 504 quantum
1350 458 1400 494 ad
1423 456 1527 506 igno-

198 520 359 560 miniam
383 523 537 559 valeret.
601 522 648 558 In
671 521 714 559 C.
741 519 889 566 Cassio,
917 519 1132 557 clarissimo
1149 528 1186 558 et
1205 520 1416 559 fortissimo
1433 521 1524 569 viro,

197 599 287 624 cum
321 586 352 624 is
385 600 433 624 eo
465 585 551 635 ipso
586 593 763 634 tempore
798 583 926 634 primo
962 583 1072 622 istius
1107 598 1213 622 anno
1243 587 1381 623 consul
1412 594 1524 630 esset.

197 659 305 689 tanta
335 650 586 701 improbitate
616 663 709 688 usus
739 657 797 688 est
828 657 883 697 ut,
905 662 995 687 cum
1029 649 1112 688 eius
1144 663 1251 697 uxor,
1280 650 1425 689 femina
1457 651 1528 701 pri-

198 716 328 763 maria,
356 724 538 766 paternas
566 715 727 754 haberet
757 714 952 753 arationes
985 713 1025 752 in
1054 714 1262 762 Leontino,
1287 717 1527 754 frumentum

197 795 316 820 omne
345 782 589 820 decumanos
619 781 769 819 auferre
800 779 962 818 iusserit.
1026 780 1146 818 Hunc
1175 788 1215 818 tu
1248 780 1286 818 in
1315 782 1389 819 hac
1410 794 1528 820 causa

198 855 349 893 testem,
373 848 525 893 Verres,
547 845 726 892 habebis,
756 844 943 894 quoniam
976 844 1147 884 iudicem
1178 860 1228 884 ne
1258 847 1423 885 haberes
1444 861 1529 897 pro-

198 911 338 950 vidisti.
398 913 481 949 Vos
509 919 654 957 autem,
680 910 840 957 iudices,
878 918 1013 959 putare
1043 910 1196 949 debetis
1224 925 1309 950 esse
1336 912 1528 961 quiddam

197 976 312 1016 nobis
342 976 442 1016 inter
471 990 543 1015 nos
573 989 786 1015 commune
809 983 929 1025 atque
959 975 1228 1014 coniunctum.
1288 979 1416 1016 Multa
1437 987 1528 1017 sunt

196 1042 380 1092 imposita
409 1041 500 1080 huic
527 1041 655 1080 ordini
684 1054 855 1086 munera,
881 1041 992 1079 multi
1021 1042 1185 1088 labores,
1211 1044 1334 1080 multa
1355 1043 1527 1092 pericula

196 1121 275 1145 non
303 1109 431 1146 solum
466 1109 597 1157 legum
630 1120 675 1145 ac
709 1106 956 1153 iudiciorum,
991 1108 1062 1146 sed
1095 1107 1212 1146 etiam
1245 1121 1445 1147 rumorum
1479 1123 1525 1148 ac

196 1180 442 1223 temporum:
478 1172 533 1210 sic
562 1180 618 1210 est
646 1171 709 1210 hic
737 1173 835 1210 ordo
863 1171 974 1221 quasi
1006 1172 1230 1222 propositus
1258 1181 1376 1223 atque
1397 1174 1526 1213 editus

196 1238 234 1276 in
264 1240 387 1277 altum
418 1246 460 1276 ut
489 1238 538 1276 ab
569 1237 754 1276 omnibus
784 1237 910 1275 ventis
942 1237 1112 1276 invidiae
1144 1237 1376 1277 circumflari
1411 1253 1526 1289 posse

195 1304 382 1343 videatur.
443 1306 490 1342 In
512 1305 585 1342 hae
607 1311 686 1341 tam
710 1302 849 1341 misera
869 1310 907 1341 et
936 1302 1070 1353 iniqua
1098 1303 1334 1342 condicione
1355 1304 1456 1343 vitae
1477 1318 1527 1343 ne

195 1371 271 1408 hoc
292 1369 454 1419 quidem
476 1368 743 1414 retinebimus,
768 1367 928 1415 iudices,
955 1376 995 1406 ut
1018 1368 1306 1418 magistratibus
1329 1369 1470 1408 nostris
1487 1369 1526 1407 in

195 1434 416 1473 obtinendo
445 1434 527 1472 iure
558 1441 691 1471 nostro
723 1446 771 1471 ne
803 1432 1130 1483 contemptissimi
1158 1447 1203 1472 ac
1224 1433 1526 1484 despicatissimi

196 1513 281 1538 esse
302 1499 535 1537 videamur?

251 1564 496 1603 Thermitani
546 1564 735 1602 miserunt
785 1562 851 1613 qui
892 1564 1081 1602 decumas
1121 1572 1296 1602 emerent
1335 1563 1414 1614 agri
1454 1563 1524 1603 sui.

199 1630 335 1680 Magni
352 1644 422 1668 sua
442 1630 634 1680 putabant
655 1629 841 1667 interesse
863 1628 1020 1679 publice
1036 1628 1166 1679 potius
1188 1629 1366 1679 quamvis
1385 1643 1528 1680 magno

196 1696 272 1733 emi
304 1709 422 1745 quam
453 1694 491 1732 in
522 1694 693 1744 aliquem
728 1694 838 1732 istius
876 1693 1119 1732 emissarium
1155 1693 1384 1733 inciderent.
1447 1697 1526 1734 Ad-

196 1759 345 1810 positus
375 1768 455 1798 erat
480 1759 696 1798 Venuleius
730 1758 892 1809 quidam
925 1758 992 1808 qui
1024 1767 1179 1797 emeret.
1243 1761 1282 1797 Is
1313 1759 1418 1798 liceri
1444 1774 1524 1799 non

195 1825 367 1872 destitit3
398 1826 451 1862 illi
472 1826 605 1875 quoad
629 1824 836 1863 videbatur
854 1822 940 1861 ferri
972 1823 1105 1873 aliquo
1138 1825 1259 1862 modo
1291 1838 1404 1874 posse
1435 1838 1524 1863 con-

196 1891 405 1928 tenderunt
423 1905 432 1937 3
463 1897 662 1939 postremo
684 1888 789 1927 liceri
810 1887 1054 1927 destiterunt.
1102 1888 1310 1927 Addicitur
1331 1889 1525 1928 Venuleio

195 1954 309 1993 tritici
341 1954 586 1993 medimnum
609 1967 681 1991 vili
717 1953 884 1991 milibus.
946 1953 1115 2003 Legatus
1142 1953 1354 1992 Posidorus
1386 1968 1524 1993 renun-

196 2019 273 2058 tiat.
335 2021 437 2059 Cum
471 2020 655 2058 omnibus
697 2020 772 2056 hoc
813 2017 1103 2056 intolerandum
1145 2017 1348 2064 videretur,
1392 2027 1522 2058 tamen

230 2127 251 2154 6
269 2130 301 2154 et
319 2124 504 2154 fortissimo
519 2133 586 2152 om.
600 2120 630 2151 Ο
642 2123 676 2162 (ξ
690 2131 731 2160 52
745 2128 848 2162 supra
865 2133 871 2152 :
895 2122 970 2152 Act.
986 2121 1040 2152 Pr.
1057 2124 1072 2159 ξ
1088 2122 1144 2160 44)
1209 2132 1230 2161 9
1246 2129 1328 2154 arat.
1343 2122 1481 2152 haberet
1493 2123 1524 2153 Ο

199 2179 235 2197 10
259 2167 386 2199 decum.
409 2168 541 2198 auferre
558 2166 624 2196 cO:
653 2167 683 2194 in
704 2166 863 2195 decumas
879 2164 1010 2193 auferre
1024 2167 1048 2202 p
1065 2163 1128 2194 rell.
1314 2175 1349 2203 ¹7
1375 2166 1524 2196 videatur

195 2221 293 2249 posse
308 2216 342 2251 p,
359 2211 418 2241 scd
430 2222 504 2241 cum
522 2210 624 2247 signis
642 2213 764 2247 transf).
898 2208 934 2235 18
959 2207 1079 2236 misera
1096 2213 1195 2245 atque
1214 2206 1244 2235 O
1259 2207 1328 2238 edd.
1408 2209 1523 2249 iniqua

194 2255 264 2284 (Ο,
298 2255 434 2293 indigna
454 2259 478 2293 p
503 2254 568 2284 rell,
707 2262 748 2282 20
773 2250 1027 2290 despicatissimi
1054 2250 1122 2279 cO:
1149 2251 1395 2289 despectissimi
1412 2258 1434 2292 p
1452 2253 1519 2284 rell.

195 2308 233 2336 :¹4
254 2298 442 2328 inciderent
459 2296 529 2328 cdd.
550 2308 556 2326 ε
583 2296 745 2326 incideret
760 2294 808 2324 O:
835 2294 983 2324 incidere
1003 2294 1067 2324 wll.
1082 2325 1084 2328 ,
1102 2293 1122 2323 ii
1143 2297 1157 2330 ξ
1178 2304 1215 2332 91
1238 2304 1246 2332 ς
1271 2294 1302 2323 iv
1321 2297 1335 2331 ξ
1355 2294 1411 2333 39)
1481 2297 1524 2326 28

196 2341 416 2372 Pharsidorus
435 2341 482 2371 cO

1551 799 1590 822 10

1549 1124 1586 1156 ¹5

1549 1450 1588 1472 20

1547 1776 1584 1807 25

1697 2055 1702 2103 ³,

1697 2122 1701 2148 i

1695 2163 1700 2186 ε

1696 2192 1700 2215 i
1704 2216 1705 2219 ,

1695 2222 1699 2266 i

1694 2275 1698 2315 3
