1715 2734
120 49 174 96 56
200 52 263 96 14⁶
567 48 625 85 M.
656 47 825 84 TVLLI
857 46 1164 86 CICERONIS

193 159 365 206 linteam,
391 172 568 209 gemmas
600 157 664 197 alii
695 165 732 197 et
763 157 998 208 margaritas,
1022 157 1113 195 vina
1141 171 1221 196 non
1252 156 1348 195 nulli
1374 158 1525 196 Graeca

193 224 420 275 venalisque
452 223 659 270 Asiaticos,
689 230 731 261 ut
766 223 1053 273 intellegeretur
1080 236 1126 261 ex
1156 222 1352 261 mercibus
1381 222 1524 272 quibus

193 303 239 327 ex
260 288 356 327 locis
377 288 614 339 navigarent.
675 289 767 325 Non
787 287 1037 337 providerant
1061 301 1126 325 eas
1155 287 1258 336 ipsas
1285 286 1358 325 sibi
1389 300 1525 326 causas

194 367 278 391 esse
304 352 477 403 periculi,
505 352 649 402 quibus
678 351 917 401 argumentis
945 365 986 389 se
1012 353 1063 390 ad
1091 353 1254 389 salutem
1287 351 1341 389 uti
1371 351 1526 390 arbitra-

196 418 346 456 bantur.
408 419 487 455 Iste
509 416 613 455 enim
642 418 740 455 haec
761 430 828 454 eos
849 430 895 454 ex
916 416 1126 466 piratarum
1149 416 1335 455 societate
1361 417 1526 466 adeptos
1545 428 1563 460 5

194 497 278 521 esse
310 482 493 529 dicebat,
532 482 638 531 ipsos
670 481 708 518 in
741 481 949 519 lautumias
981 481 1125 519 abduci
1161 480 1389 531 imperabat,
1419 481 1527 520 navis

125 536 173 575 57
195 562 330 587 eorum
364 556 483 597 atque
522 560 642 585 onera
679 546 885 596 diligenter
923 547 1168 585 adservanda
1194 546 1376 584 ¹curabat.
1451 546 1526 585 His

110 594 172 628 ¹47
195 613 380 651 institutis
403 626 493 651 cum
515 613 734 662 completus
756 611 832 649 iam
856 619 1115 650 mercatorum
1148 624 1278 649 carcer
1308 618 1420 657 esset,
1443 618 1526 650 tum

194 678 258 716 illa
290 678 436 716 fiebant
464 690 565 727 quae
594 678 635 714 L.
669 676 873 723 Suettium,
898 676 1070 726 equitem
1101 678 1340 724 Romanum,
1370 676 1528 715 lectissi-

195 757 303 781 mum
338 743 474 790 virum,
525 742 656 781 dicere
704 742 880 789 audietis,
922 750 960 780 et
1007 755 1109 792 quae
1158 749 1308 780 ceteros
1346 741 1525 780 audietis.
1551 755 1588 777 10

195 808 376 848 Cervices
405 808 443 846 in
476 821 630 846 carcere
662 807 940 857 frangebantur
975 806 1245 857 indignissime
1275 806 1419 845 civium
1451 808 1529 845 Ro-

197 887 412 920 manorum,
441 880 483 911 ut
515 872 592 910 iam
625 871 690 910 illa
713 885 788 910 vox
818 879 856 910 et
888 871 1121 922 imploratiO,
1160 871 1288 911 ‘Civis
1322 873 1529 910 Romanus

195 940 307 985 sum,⁷
338 952 439 988 quae
474 951 591 987 saepe
619 937 751 975 multis
786 936 825 974 in
860 936 1007 974 ultimis
1034 936 1143 975 terris
1173 950 1290 987 opem
1318 936 1418 975 inter
1449 937 1531 975 bar-

196 1004 310 1042 baros
349 1012 387 1042 et
427 1005 593 1041 salutem
634 1002 732 1049 tulit,
774 1016 820 1040 ea
864 1011 1032 1040 mortem
1080 1002 1154 1040 illis
1202 1001 1443 1040 acerbiorem
1492 1010 1531 1041 et

195 1068 432 1119 supplicium
462 1067 652 1106 maturius
682 1069 806 1106 ferret.
1552 1080 1588 1113 15

250 1134 359 1184 Quid
398 1142 466 1181 est,
508 1135 679 1172 Verres?
727 1132 823 1183 quid
861 1134 912 1172 ad
947 1134 1046 1172 haec
1084 1132 1232 1183 cogitas
1265 1134 1532 1183 respondere?

196 1214 290 1239 num
313 1199 468 1239 mentiri
491 1213 564 1246 me,
588 1212 683 1237 num
707 1200 851 1249 fingere
878 1198 1039 1249 aliquid,
1063 1212 1159 1237 num
1188 1212 1329 1249 augere
1354 1198 1532 1237 crimen?

197 1279 291 1304 num
331 1265 428 1315 quid
468 1266 607 1304 horum
649 1264 779 1303 dicere
818 1264 900 1303 istis
940 1264 1215 1303 defensoribus
1263 1264 1339 1302 tuis
1377 1265 1532 1303 audes?

198 1333 311 1372 Cedo
342 1330 448 1378 mihi,
478 1343 637 1379 quaeso,
667 1343 713 1368 ex
739 1329 860 1380 ipsius
892 1329 979 1368 sinu
1012 1329 1157 1368 litteras
1185 1331 1527 1379 Syracusanorum,

197 1410 294 1447 quas
322 1396 405 1446 ipse
426 1397 477 1433 ad
502 1394 704 1433 arbitrium
726 1408 841 1432 suum
863 1396 1063 1432 confectas
1086 1408 1170 1432 esse
1190 1393 1407 1445 arbitratur,
1430 1395 1530 1433 cedo
1551 1405 1590 1427 20

198 1461 389 1500 rationem
411 1460 586 1507 carceris,
603 1474 704 1510 quae
720 1460 1018 1510 diligentissime
1036 1459 1252 1505 conficitur,
1268 1473 1348 1509 quo
1365 1459 1531 1509 quisque

199 1527 263 1566 die
302 1528 416 1565 datus
456 1526 495 1564 in
536 1525 768 1573 custodiam,
803 1539 883 1575 quo
923 1533 1111 1572 mortum,
1151 1538 1232 1575 quo
1270 1532 1432 1563 necatus
1471 1524 1530 1562 sit.

119 1600 178 1639 148
202 1595 417 1631 LITTERAE
446 1594 825 1631 SYRACVSANORVM.
898 1590 1052 1629 Videtis
1087 1590 1182 1629 civis
1218 1592 1422 1629 Romanos
1454 1603 1533 1640 gre-

200 1658 319 1707 gatim
351 1657 551 1695 coniectos
576 1656 615 1694 in
651 1656 871 1703 lautumias,
899 1655 1039 1694 videtis
1070 1655 1344 1705 indignissimo
1373 1655 1411 1693 in
1444 1657 1532 1693 loco

200 1731 468 1762 coacervatam
516 1722 810 1760 multitudinem
858 1729 1074 1760 vestrorum
1119 1721 1274 1759 civium.
1346 1720 1532 1770 Quaerite
1553 1733 1591 1765 25

202 1802 306 1827 nunc
327 1787 488 1838 vestigia
508 1787 651 1837 quibus
673 1787 797 1825 exitus
818 1799 954 1825 eorum
982 1800 1028 1824 ex
1055 1786 1121 1823 illo
1151 1788 1240 1824 loco
1267 1793 1530 1836 compareant.

203 1856 322 1893 Nulla
353 1861 453 1891 sunt.
514 1853 719 1892 Omnesne
753 1851 926 1890 mortui?
983 1851 1022 1890 Si
1058 1851 1110 1889 ita
1142 1858 1274 1901 posset
1308 1851 1530 1896 defendere,

202 1927 332 1958 tamen
356 1920 452 1957 fides
480 1918 572 1956 huic
602 1917 822 1956 defensioni
851 1930 930 1955 non
962 1916 1181 1955 haberetur.
1240 1917 1318 1954 Sed
1345 1915 1532 1965 scriptum

202 1992 324 2023 exstat
370 1984 409 2021 in
455 1983 579 2022 isdem
626 1982 760 2020 litteris
809 1983 918 2031 quod
967 1981 1038 2019 iste
1087 1982 1208 2019 homo
1252 1980 1438 2018 barbarus
1486 1992 1531 2017 ac

201 2049 414 2088 dissolutus
463 2062 592 2098 neque
639 2048 841 2086 attendere
890 2060 1078 2096 umquam
1130 2060 1259 2095 neque
1309 2045 1531 2095 intellegere
1550 2057 1590 2087 30

245 2165 262 2191 4
289 2153 533 2183 arbitrarentur
546 2157 569 2192 j>
691 2151 710 2180 8
735 2161 810 2180 cum
829 2151 950 2189 plenus
968 2151 1030 2180 iarn
1050 2148 1199 2179 Ham-us
1319 2159 1339 2187 9
1365 2149 1529 2178 Suettium

202 2197 323 2226 RSD:
350 2197 501 2227 Suetium
521 2197 536 2224 δ
554 2194 620 2225 cdd.
786 2204 822 2224 12
848 2194 903 2223 illa
921 2193 1110 2232 imploratio
1125 2198 1148 2232 p
1312 2193 1349 2221 18
1374 2192 1445 2222 istis
1463 2191 1527 2221 des.

203 2240 267 2269 tuis
284 2240 338 2279 Rp
355 2251 362 2269 ε
388 2241 460 2269 istis
477 2239 542 2269 tuis
561 2238 627 2268 def.
645 2236 739 2267 SDw
872 2248 914 2266 20
937 2247 1020 2275 quas
1037 2236 1109 2275 ipse
1125 2237 1166 2266 ad
1184 2235 1276 2265 SDW
1293 2246 1299 2264 :
1323 2234 1458 2273 quasise
1476 2234 1531 2263 R:

202 2293 287 2321 quas
304 2283 366 2313 iste
383 2283 424 2313 ad
440 2288 464 2322 p
606 2291 646 2311 22
671 2291 736 2320 quo
755 2281 906 2317 emissus,
928 2291 993 2319 quo
1011 2284 1161 2309 mortuus
1180 2277 1337 2307 Zielinski
1490 2278 1532 2306 26

204 2331 386 2365 conpareat
404 2325 468 2356 SD
