1769 2739
725 83 1045 120 PRAEFATIO

211 208 274 245 pp.
305 194 394 232 xxiii
425 207 521 244 sqq,
560 195 747 232 Classical
770 195 935 240 Review,
967 193 1039 241 xvi,
1073 207 1144 240 401
1180 207 1280 243 sqq„
1299 195 1481 245 Journal
1503 193 1550 243 of

210 260 418 308 Plzz'lology,
450 273 531 305 xxx,
564 272 626 309 pp.
673 271 810 308 194—5,
852 258 920 296 ubi
950 260 1095 297 multos
1133 259 1248 297 citavi
1287 260 1395 298 locos
1434 260 1541 297 unde

209 331 368 374 apparet
406 325 492 362 cod.
526 326 593 373 Lg.
626 338 674 371 42
707 324 847 373 raptim
876 337 899 362 a
928 325 1048 362 docto
1077 325 1252 373 quodam
1290 324 1372 362 viro
1402 323 1539 362 exscri-

209 396 320 438 ptum
350 401 449 434 esse,
469 388 536 438 qui
566 396 697 427 tamen
728 402 809 427 non
841 401 995 437 semper
1021 390 1130 438 quod
1157 396 1237 426 erat
1264 388 1303 425 in
1329 388 1539 439 exemplari

208 453 360 492 videtur
381 453 616 492 intellexisse
637 461 702 491 aut
720 455 848 503 legere
867 452 1052 502 potuisse.

263 519 352 555 Iure
373 517 486 568 igitur
507 519 675 568 primum
695 531 774 556 una
794 530 885 555 cum
907 516 1158 556 Cluniacensi
1180 519 1311 555 locum
1332 530 1400 566 per
1420 517 1539 556 libros

208 581 303 619 ii—iii
323 582 476 620 obtinet
497 582 560 620 hic
580 584 717 630 codex,
741 591 778 621 et
799 582 935 621 videor
956 581 1053 619 mihi
1076 583 1322 632 propositum
1350 582 1428 621 iam
1454 598 1539 633 pro-

207 647 321 686 basse
343 649 451 697 quod
472 661 537 686 sex
558 655 649 686 ante
670 649 782 685 annis
803 647 842 685 in
865 647 1040 685 medium
1067 648 1222 697 protuli,
1246 648 1425 687 codicem
1449 651 1538 689 Clu-

206 712 431 751 niacensern
470 714 642 751 eundem
674 726 758 751 esse
791 720 910 762 atque
943 711 1210 759 Nannianum,
1249 713 1535 761 Fabricianum,

208 777 492 824 Metellianum,
516 777 653 816 addito
675 776 1025 827 Lagomarsiniano
1046 790 1094 824 42
1114 792 1120 814 :
1156 778 1245 816 C:
1266 779 1440 822 NFM÷
1458 780 1518 818 O.¹

260 841 486 880 Diiudicata
508 843 580 880 hac
598 842 674 887 lite,
698 843 905 880 formulam
926 849 1148 890 repetamus
1169 855 1246 892 qua
1268 844 1538 883 demonstrare

205 906 400 956 possimus
448 906 622 945 criticam
662 905 840 945 omnium
888 906 1139 944 Verrinarum
1188 906 1389 954 rationem,
1432 910 1536 958 prius

205 971 380 1017 divisam,
406 973 482 1009 iam
504 972 542 1009 in
571 986 693 1010 unum
716 985 858 1022 corpus
885 971 1139 1021 redigendam
1165 985 1261 1011 esse.
1321 975 1414 1011 Hoc
1444 976 1536 1012 satis

205 1037 380 1075 indicant
400 1051 469 1088 per
498 1037 673 1088 singulos
694 1037 813 1076 libros
836 1038 946 1087 signa
967 1038 1089 1079 SD÷
1105 1039 1354 1088 C÷R—qui
1377 1039 1536 1078 codices

205 1102 320 1139 unius
364 1102 565 1152 archetypi
603 1101 715 1153 quasi
754 1101 918 1141 disiecta
956 1101 1129 1140 habendi
1170 1111 1259 1141 sunt
1306 1104 1539 1142 membra-

204 1167 355 1206 collatis
386 1167 424 1205 in
457 1181 595 1206 omnes
626 1169 848 1206 orationum
883 1174 1012 1217 partes
1044 1167 1220 1207 Parisino
1251 1172 1352 1217 7776
1383 1169 1456 1222 (p)
1486 1178 1534 1218 et,

204 1233 271 1271 ubi
292 1240 429 1281 exstat,
449 1233 704 1283 palimpsesto
721 1232 916 1270 Vaticano
936 1231 1031 1283 (V)

258 1300 310 1336 Et
329 1297 499 1348 primum
517 1299 689 1348 singulos
705 1311 980 1336 recenseamus
997 1297 1155 1337 codices
1172 1300 1238 1348 qui
1256 1300 1352 1338 duas
1369 1300 1534 1339 familias

203 1370 449 1413 componunt
470 1365 514 1401 X
528 1371 565 1401 et
599 1364 638 1401 Y.

257 1429 449 1467 Omnium
479 1435 675 1479 quotquot
704 1436 795 1466 sunt
824 1428 864 1466 in
895 1427 1041 1466 familia
1070 1430 1114 1466 X
1138 1430 1321 1467 codicum
1353 1431 1449 1468 illud
1479 1439 1537 1469 est

202 1507 415 1532 commune
444 1495 553 1544 quod
583 1493 697 1532 certis
726 1493 767 1531 in
796 1494 892 1531 locis
922 1493 1032 1531 hiant
1063 1495 1242 1541 universi,
1266 1503 1303 1533 et
1327 1497 1536 1547 praecipue

203 1558 243 1596 in
272 1558 371 1596 libro
401 1560 542 1608 quinto
568 1572 751 1608 magnam
782 1558 969 1597 exhibent
1000 1560 1182 1597 lacunam
1210 1560 1310 1598 inter
1335 1562 1373 1610 ἕξ
1399 1564 1468 1599 162
1498 1570 1536 1600 et

208 1635 291 1671 171.
353 1623 500 1661 Primas
530 1623 569 1661 in
600 1625 673 1661 hac
704 1623 850 1661 familia
880 1630 1008 1672 partes
1038 1623 1127 1673 agit,
1160 1632 1202 1662 ut
1241 1639 1356 1675 supra
1385 1626 1534 1664 dictum

202 1696 270 1735 est,
296 1688 442 1738 Regius
473 1689 536 1728 ille
567 1688 765 1727 Parisinus
790 1700 892 1737 7774
914 1691 949 1726 A
970 1688 1055 1740 (R),
1078 1703 1196 1738 quem
1227 1692 1536 1741 photographice

202 1753 404 1803 depictum
431 1756 538 1804 apud
569 1753 778 1794 Chatelain
808 1753 1000 1804 inspicere
1024 1753 1113 1792 licet
1140 1754 1216 1806 (Pl.
1239 1755 1353 1807 xxxi).
1414 1760 1536 1796 Hunc

202 1831 275 1868 ego
306 1818 486 1858 codicem
517 1818 629 1857 initio
659 1819 844 1857 omnibus
872 1821 1046 1869 partibus
1077 1821 1292 1870 perfectum
1323 1822 1442 1861 fuisse
1471 1823 1536 1861 de-

203 1883 439 1924 monstravi:
470 1883 593 1922 immo
624 1885 662 1922 in
694 1897 784 1922 eum
814 1886 1006 1934 quadrare
1035 1886 1216 1924 videntur
1245 1887 1362 1925 verba
1391 1887 1534 1937 quibus

204 2040 403 2072 Leonardus
428 2041 607 2072 Aretinus:
638 2040 703 2071 Hic
725 2042 799 2071 lz‘bcr
821 2052 895 2072 cum
920 2043 1014 2072 initio
1038 2047 1112 2073 recle
1134 2044 1271 2083 scriptus
1283 2044 1406 2083 fuisset
1422 2047 1535 2084 postea

203 2087 375 2124 corruptus
391 2089 438 2114 est
453 2084 494 2114 ab
509 2085 641 2115 homine
657 2085 723 2124 qui,
747 2096 820 2115 cnm
837 2085 925 2115 vellet
948 2097 1025 2116 eum
1045 2087 1207 2127 corrigere.
1226 2088 1375 2127 corrupit.
1425 2087 1536 2127 Quare

197 2128 343 2167 priorem
362 2127 501 2158 lz'lt‘ermn
519 2132 649 2168 accepta,
669 2129 870 2158 correctiones
888 2130 969 2160 reice.

246 2171 257 2190 1
286 2171 407 2201 Restat
425 2176 535 2201 tamen
554 2172 689 2210 quidam
707 2173 884 2211 scrupulus
908 2178 1007 2212 atque
1026 2174 1188 2204 dubitatio
1205 2184 1291 2212 quae
1308 2178 1398 2204 vetat
1415 2185 1534 2205 omnes

204 2214 235 2243 in
269 2214 298 2244 O
332 2224 414 2252 quas
445 2220 568 2245 vocant
598 2214 779 2245 verborum
813 2217 1089 2254 transpositiones
1122 2222 1156 2246 ut
1190 2228 1208 2247 e
1240 2218 1427 2256 deperditis
1459 2219 1531 2249 cod.

204 2257 437 2288 Cluniaeensis
462 2258 613 2297 partibus
636 2264 789 2288 accurate
815 2259 1037 2298 transcriptas
1061 2260 1093 2290 in
1117 2265 1244 2290 textum
1271 2261 1432 2299 recipere.
1482 2262 1533 2291 De

203 2301 264 2330 hac
279 2310 315 2330 re
332 2311 427 2339 agam
443 2301 555 2341 paullo
570 2301 655 2331 infra
669 2311 677 2338 ;
703 2302 743 2331 cs.
754 2302 932 2332 Amem'can
941 2303 1093 2340 Journal
1102 2303 1320 2344 ofPlzz'lology,
1335 2304 1401 2334 vol.
1415 2304 1531 2344 xxviii,

202 2353 257 2382 pp-
274 2344 385 2383 136-7·

845 2415 881 2438 lx
