1715 2734
214 77 252 106 11
272 86 312 118 29
636 70 692 107 M.
724 69 893 106 TVLLI
925 67 1233 107 CICERONIS

211 196 251 227 30
270 180 472 218 voluntate
488 178 619 229 potius
634 192 752 228 quam
768 184 894 215 vestra
911 176 1051 215 iniuria
1062 178 1257 216 adductus
1274 176 1443 216 fecerim.
1480 177 1601 216 Inter-

270 243 456 294 posuistis
485 251 754 282 accusatorem
785 241 864 291 qui,
892 255 982 279 cum
1013 255 1086 291 ego
1115 241 1211 279 mihi
1231 253 1255 279 c
1276 249 1313 279 et
1334 253 1361 279 x
1383 241 1467 279 dies
1496 242 1601 279 solos

269 309 308 347 in
330 308 793 358 Siciliamvpostulassem,
816 319 839 344 c
860 314 898 344 et
919 318 993 343 V111
1008 306 1081 345 sibi
1102 306 1142 344 in
1166 305 1357 344 Achaiam
1375 307 1602 356 postularet.

270 373 422 412 Mensis
457 373 553 411 mihi
588 372 654 410 tris
688 385 780 410 cum
828 371 1066 422 eripuissetis
1099 372 1150 410 ad
1193 372 1392 421 agendum
1434 370 1602 409 maxime

268 439 482 489 adpositos,
501 438 694 487 reliquum
725 450 843 475 omne
871 444 1026 487 tempus
1054 435 1169 474 huius
1197 436 1290 474 anni
1316 450 1378 474 me
1408 436 1519 474 vobis
1549 450 1605 474 re-
1623 450 1640 481 5

270 504 478 543 missurum
518 502 694 553 putastis,
724 509 778 548 ut,
805 515 895 540 cum
920 501 1025 540 horis
1059 501 1200 540 nostris
1228 514 1300 539 nos
1325 514 1499 539 essemus
1529 501 1600 548 usi,

270 577 310 608 tu
332 569 434 608 binis
455 568 558 607 ludis
579 567 816 618 interpositis
831 566 1132 617 quadragesimo
1152 574 1240 617 post
1254 566 1318 605 die
1333 567 1600 616 responderes,

270 634 415 673 deinde
450 634 503 672 ita
535 641 690 683 tempus
718 634 927 671 duceretur
956 639 998 670 ut
1032 646 1055 670 a
1088 633 1154 670 Μ’.
1183 630 1398 670 Glabrione
1425 639 1602 681 praetore

271 708 309 738 et
335 714 359 738 a
386 713 527 749 magna
557 706 665 749 parte
696 700 836 736 horum
866 697 1041 736 iudicum
1071 698 1123 735 ad
1150 704 1368 747 praetorem
1400 696 1518 734 alium
1551 698 1603 734 iu-

210 779 246 810 31
269 765 456 814 dicesque
477 764 573 802 alios
601 763 833 802 veniremus.
896 763 985 801 Hoc
1013 762 1043 800 si
1068 775 1141 812 ego
1165 776 1246 801 non
1271 761 1468 808 vidissem,
1484 761 1515 800 si
1540 775 1603 800 me
1626 777 1663 800 10

269 845 349 870 non
379 843 517 868 omnes
538 828 620 867 noti
648 828 851 878 ignotique
873 827 1118 866 monuissent
1144 827 1185 866 id
1211 827 1283 877 agi,
1303 827 1342 865 id
1373 827 1544 877 cogitari,
1564 827 1601 865 in

269 910 317 934 eo
337 894 527 934 elaborari
548 901 590 932 ut
611 907 670 932 res
692 893 731 931 in
753 893 850 931 illud
871 900 1026 943 tempus
1054 891 1273 939 reiceretur,
1293 893 1426 939 credo,
1447 891 1478 930 si
1506 892 1602 930 meis

268 959 443 998 horis-in
471 959 698 998 accusando
729 957 785 996 uti
816 957 1038 1003 voluissem,
1070 971 1220 996 vererer
1244 970 1293 995 ne
1316 956 1411 995 mihi
1441 956 1603 995 crimina

269 1039 349 1064 non
367 1031 630 1074 suppeterent,
642 1037 692 1061 ne
709 1022 834 1061 oratio
850 1024 1016 1068 deesset,
1029 1036 1078 1060 ne
1094 1036 1168 1061 vox
1182 1022 1360 1072 viresque
1375 1023 1599 1068 deficerent,

269 1105 330 1137 ne,
349 1103 467 1140 quem
499 1102 618 1127 nemo
652 1087 777 1138 prima
810 1087 966 1126 actione
991 1088 1204 1126 defendere
1234 1100 1352 1125 ausus
1380 1095 1492 1133 esset,
1511 1100 1601 1125 eum
1626 1101 1663 1133 15

267 1169 341 1207 ego
375 1155 434 1194 bis
465 1167 648 1193 accusare
681 1167 761 1191 non
782 1166 950 1202 possem.
1013 1155 1098 1203 Ego
1120 1166 1250 1191 meum
1273 1151 1481 1191 consilium
1512 1165 1602 1190 cum

268 1220 464 1260 iudicibus
485 1227 568 1257 turn
600 1219 748 1268 populo
777 1219 963 1256 Romano
989 1217 1177 1267 probavi:
1207 1230 1326 1255 nemo
1350 1225 1407 1255 est
1435 1217 1501 1267 qui
1528 1216 1604 1255 alia

267 1286 417 1324 ratione
450 1285 613 1323 istorum
636 1283 798 1321 iniuriae
821 1290 941 1332 atque
966 1282 1236 1332 impudentiae
1261 1282 1435 1332 potuisse
1465 1282 1600 1321 obsisti

268 1351 483 1390 arbitretur.
545 1348 703 1387 Etenim
726 1361 803 1397 qua
824 1347 987 1385 stultitia
1016 1347 1190 1395 fuissem,
1207 1347 1249 1393 si,
1266 1360 1384 1397 quam
1407 1347 1511 1385 diem
1534 1346 1601 1397 qui

267 1417 386 1455 istum
400 1414 645 1465 eripiendum
661 1415 911 1452 redemerunt
929 1412 969 1450 in
987 1412 1169 1451 cautione
1184 1413 1525 1460 viderunt‚—cum
1549 1413 1601 1450 ita
1623 1428 1664 1450 20

267 1487 460 1527 caverent,
481 1479 536 1517 ‘si
557 1487 645 1529 post
664 1479 866 1516 Kalendas
893 1477 1093 1515 Ianuarias
1114 1477 1153 1515 in
1170 1477 1377 1516 consilium
1396 1477 1513 1516 iretur
1527 1479 1545 1524 '‚
1558 1499 1602 1503 —

208 1565 247 1595 32
268 1547 308 1585 in
329 1559 416 1585 eam
437 1544 543 1584 diem
565 1557 647 1594 ego,
667 1557 757 1582 cum
773 1543 989 1594 potuissem
1015 1543 1146 1589 vitare,
1165 1542 1391 1581 incidissem
1409 1544 1425 1580 ?
1452 1535 1457 1542 ⁸
1482 1544 1601 1581 Nunc

269 1612 365 1651 mihi
385 1610 572 1661 temporis
594 1609 677 1648 eius
698 1610 806 1660 quod
829 1609 923 1647 mihi
951 1609 1001 1647 ad
1029 1608 1244 1647 dicendum
1272 1609 1396 1655 datur,
1413 1608 1599 1657 quoniam

266 1678 306 1716 in
340 1677 475 1716 animo
506 1683 564 1714 est
591 1688 750 1714 causam
777 1688 937 1713 omnem
966 1687 1171 1724 exponere,
1201 1673 1385 1712 habenda
1415 1673 1514 1711 ratio
1543 1680 1600 1711 est

267 1743 482 1793 diligenter.
1622 1750 1661 1781 ²5

204 1819 247 1847 12
322 1811 463 1858 Itaque
496 1807 666 1858 primum
692 1806 802 1844 illum
833 1813 965 1845 actum
999 1805 1108 1843 istius
1137 1804 1239 1843 vitae
1264 1803 1531 1854 turpissimum
1562 1810 1601 1841 et

267 1872 614 1925 flagitiosissimum
632 1871 951 1922 praetermittam.
999 1870 1107 1908 Nihil
1124 1884 1147 1908 a
1163 1883 1226 1908 me
1239 1871 1289 1908 de
1307 1868 1495 1920 pueritiae
1508 1881 1601 1906 suae

267 1939 420 1990 flagitiis
440 1938 584 1986 audiet,
616 1937 712 1975 nihil
741 1950 787 1975 ex
812 1936 876 1974 illa
900 1935 1052 1985 impura
1079 1934 1347 1974 adulescentia
1374 1947 1470 1981 sua;
1500 1947 1601 1983 quae

268 2004 392 2054 qualis
414 2003 527 2042 fuerit
556 2010 622 2042 aut
651 2001 894 2048 meministis,
913 2009 979 2039 aut
1001 2015 1046 2039 ex
1068 2014 1116 2039 eo
1137 2014 1254 2050 quem
1277 2000 1335 2038 sui
1358 1999 1600 2037 simillimum

268 2069 451 2120 produxit
487 2080 767 2117 recognoscere
806 2066 979 2116 potestis.
1059 2065 1204 2105 Omnia
1238 2064 1457 2115 praeteribo
1500 2076 1601 2113 quae
1621 2077 1664 2109 30

314 2183 331 2212 7
357 2177 393 2203 tu
409 2172 472 2201 nh:
499 2177 566 2202 tum
586 2171 649 2201 ΒΨ
781 2180 802 2208 9
825 2181 843 2200 a
858 2168 948 2209 pKZ
965 2172 992 2199 e!
1007 2180 1032 2200 s.
1048 2169 1068 2200 Ι.
1087 2169 1143 2199 D:
1167 2180 1234 2199 om.
1251 2179 1292 2207 qr
1447 2177 1480 2197 11
1509 2167 1541 2197 in
1561 2177 1602 2198 eo

270 2216 434 2247 elaborari
455 2216 533 2255 (lab.
554 2214 616 2252 Zb)
636 2214 721 2254 pr
739 2225 746 2244 ε
771 2213 804 2242 id
822 2213 907 2243 elab.
928 2223 986 2252 qr:
1013 2213 1045 2243 id
1072 2212 1135 2242 lab.
1152 2211 1213 2252 Lg.
1235 2222 1275 2250 42
1296 2211 1344 2251 (ii,
1368 2214 1382 2248 §
1406 2212 1480 2249 124)
1561 2221 1603 2241 20

272 2261 428 2290 viderunt
446 2258 534 2289 codd.
555 2271 560 2288 z
586 2259 795 2297 scripserunt
814 2256 920 2296 Hugh
937 2256 975 2286 E.
997 2256 1035 2287 P.
1055 2255 1145 2286 Platt
1162 2256 1258 2295 :sm-t.
1277 2255 1469 2286 indixerunt
1560 2254 1602 2284 28

273 2304 407 2342 flagitiis
423 2302 486 2332 ΒΨ
505 2314 512 2332 ;
537 2302 671 2340 flagitiis
689 2301 903 2341 peccatisque
917 2302 977 2340 prb
