1715 2734
150 47 198 84 16
217 62 257 94 μ
587 49 641 86 M.
675 49 842 86 TVLLI
875 48 1183 88 CICERONIS

217 156 376 196 intersit.
438 160 605 198 Senatus
636 171 726 197 cum
757 157 1001 209 temporibus
1030 159 1084 198 rei
1113 159 1296 211 publicae
1325 160 1477 211 cogitur
1506 167 1549 199 ut

215 223 401 261 decernat
429 231 471 261 ut
500 225 645 262 alterae
675 224 868 262 decumae
895 223 1107 274 exigantur,
1130 225 1183 263 ita
1211 225 1388 264 decernit
1409 234 1451 264 ut
1477 238 1549 275 pro

215 287 276 325 his
314 288 493 326 decumis
533 287 702 338 pecunia
739 289 911 327 solvatur
949 289 1176 337 aratoribus,
1218 297 1270 337 ut,
1312 291 1422 340 quod
1460 291 1548 340 plus

214 351 380 390 sumitur
410 366 528 402 quarn
551 353 727 399 debetur,
752 352 791 391 id
818 352 895 390 emi
917 366 997 391 non
1019 353 1157 392 auferri
1183 362 1362 404 putetur:
1393 362 1435 393 tu
1456 368 1545 393 cum

214 423 272 455 tot
303 418 491 456 decumas
527 431 606 455 non
642 425 800 455 senatus
836 419 1029 465 consulto,
1062 420 1131 457 sed
1161 419 1272 457 novis
1303 419 1441 458 edictis
1470 419 1546 458 tuis
1566 434 1583 466 5

214 482 450 532 nefariisque
473 482 659 520 institutis
682 482 853 532 exigeres
875 490 913 520 et
938 482 1116 532 eriperes,
1141 497 1327 533 magnum
1350 492 1388 523 te
1409 484 1546 524 fecisse

211 547 398 586 arbitrare
432 547 463 585 si
503 547 622 597 pluris
657 547 881 585 vendideris
920 561 1038 597 quarn
1073 549 1114 586 L.
1152 549 1401 596 Hortensius,
1438 558 1548 600 pater

212 612 323 651 istius
345 614 393 661 Q.
421 612 617 658 Hortensi,
637 626 755 662 quam
778 614 850 652 Cn.
871 614 1094 662 Pompeius,
1115 627 1232 663 quarn
1256 615 1299 653 C.
1321 616 1545 663 Marcellus,

212 677 278 727 qui
300 677 350 716 ab
371 677 578 728 aequitate,
602 678 652 716 ab
671 679 766 727 lege,
788 678 839 715 ab
861 677 1046 716 institutis
1068 692 1149 717 non
1170 681 1437 718 recesserunt?

149 755 192 788 43
267 745 332 781 An
361 742 431 781 tibi
461 742 577 781 unius
606 742 700 780 anni
729 750 796 780 aut
827 742 961 781 bienni
991 743 1087 781 ratio
1120 743 1191 781 fuit
1217 743 1411 790 habenda,
1441 746 1544 783 salus
1567 761 1605 784 ιο

212 807 446 858 provinciae,
471 809 685 846 commoda
710 807 764 845 rei
792 807 1077 854 frumentariae,
1103 807 1199 846 ratio
1224 807 1276 846 rei
1302 809 1483 858 publicae
1505 809 1543 848 in

210 872 478 923 posteritatem
512 872 583 910 fuit
618 874 892 923 neglegenda?
951 874 1053 912 Cum
1089 887 1169 911 rem
1190 873 1257 911 ita
1289 874 1543 912 constitutam

208 937 427 988 accepisses
458 945 501 976 ut
530 945 568 976 et
598 939 747 988 populo
780 939 965 976 Romano
997 937 1088 975 satis
1119 938 1301 976 frumenti
1337 953 1383 977 ex
1413 938 1543 977 Sicilia

209 1003 525 1054 suppeditaretur
546 1011 583 1041 et
610 1002 828 1041 aratoribus
851 1011 982 1042 tamen
1010 1017 1117 1041 arare
1138 1012 1256 1053 atque
1281 1018 1393 1053 agros
1414 1006 1542 1044 colere

208 1068 418 1119 expediret,
455 1068 551 1118 quid
591 1067 767 1115 effecisti,
806 1068 902 1118 quid
936 1070 1147 1107 adsecutus
1180 1070 1251 1107 es?
1308 1071 1358 1106 Vt
1394 1071 1541 1119 populo
1567 1084 1602 1116 ¹5

210 1136 396 1172 Romano
436 1133 570 1172 nescio
604 1133 700 1183 quid
734 1141 771 1172 te
810 1141 987 1183 praetore
1017 1135 1068 1172 ad
1103 1135 1290 1172 decumas
1323 1135 1539 1181 accederet,

209 1200 446 1238 deserendas
485 1198 681 1237 arationes
721 1198 1080 1248 relinquendasque
1119 1199 1271 1237 curasti.
1346 1200 1542 1239 Successit

209 1264 278 1302 tibi
322 1266 364 1302 L.
409 1266 605 1303 Metellus.
679 1265 743 1302 Tu
781 1263 1030 1302 innocentior
1072 1277 1191 1314 quam
1239 1266 1453 1303 Metellus?
1500 1273 1541 1303 tu

208 1329 335 1368 laudis
363 1337 401 1368 et
431 1329 592 1368 honoris
623 1329 832 1379 cupidior?
889 1329 979 1367 Tibi
1002 1329 1107 1368 enim
1135 1332 1362 1369 consulatus
1384 1344 1541 1381 quaere-

209 1396 332 1442 batur,
354 1396 519 1433 Metello
535 1402 719 1444 paternus
737 1395 864 1433 honos
880 1401 918 1433 et
933 1394 1059 1433 avitus
1076 1396 1364 1446 neglegebatur.
1409 1398 1540 1436 Multo
1562 1412 1601 1433 20

210 1460 370 1499 minoris
398 1460 576 1499 vendidit
607 1474 686 1499 non
719 1461 840 1499 modo
864 1474 982 1510 quam
1009 1468 1062 1507 tu,
1086 1462 1155 1500 sed
1184 1461 1301 1500 etiarn
1333 1476 1451 1512 quarn
1473 1462 1539 1512 qui

148 1538 188 1576 17
208 1534 299 1564 ante
348 1534 385 1564 te
432 1525 705 1564 vendiderunt.
771 1526 941 1574 Quaero,
987 1525 1016 1563 si
1066 1525 1149 1576 ipse
1193 1526 1411 1577 excogitare
1460 1541 1539 1566 non

209 1599 388 1642 potuerat
415 1605 533 1641 quem
561 1592 612 1629 ad
640 1592 803 1629 modum
832 1605 950 1641 quam
979 1592 1148 1642 plurimo
1174 1594 1371 1640 venderet,
1396 1607 1445 1632 ne
1475 1601 1540 1631 tua

206 1657 366 1707 quidem
390 1656 560 1695 recentia
584 1656 749 1706 proximi
772 1657 958 1706 praetoris
981 1657 1142 1708 vestigia
1171 1658 1349 1709 persequi
1373 1666 1537 1708 poterat,

206 1730 247 1760 ut
288 1721 362 1760 tuis
402 1721 607 1772 praeclaris
646 1721 716 1760 abs
756 1729 793 1760 te
832 1722 1008 1773 principe
1040 1722 1208 1761 inventis
1243 1731 1280 1761 et
1312 1724 1539 1774 excogitatis
1560 1739 1598 1771 25

143 1802 185 1830 44
205 1786 344 1826 edictis
373 1795 492 1836 atque
514 1786 699 1824 institutis
728 1789 928 1826 uteretur?
990 1789 1061 1827 Ille
1082 1802 1174 1827 vero
1206 1796 1288 1827 tum
1311 1802 1351 1827 se
1377 1789 1540 1828 minime

208 1853 414 1891 Metellum
437 1853 518 1890 fore
543 1851 692 1901 putavit
713 1851 743 1890 si
765 1860 803 1891 te
827 1854 905 1891 ulla
926 1852 965 1891 in
986 1866 1026 1892 re
1048 1853 1220 1892 imitatus
1246 1862 1372 1901 esset,
1401 1854 1467 1904 qui
1489 1854 1540 1893 ab

206 1918 302 1955 urbe
326 1918 464 1962 Roma,
485 1917 594 1966 quod
617 1930 736 1955 nemo
759 1930 947 1968 umquam
971 1925 1059 1968 post
1078 1917 1285 1956 hominum
1309 1918 1538 1957 memoriam

206 1981 307 2028 fecit,
326 1995 417 2020 curn
439 1980 512 2019 sibi
534 1980 572 2019 in
594 1981 836 2031 provinciam
858 1982 1190 2033 proficiscendum
1212 1990 1377 2033 putaret,
1394 1983 1539 2022 litteras

250 2095 269 2113 2
294 2094 355 2123 pro
372 2085 424 2114 his
440 2085 511 2115 dec.
533 2094 607 2125 pec.
636 2083 717 2114 VO:
742 2094 813 2122 pec.
834 2095 895 2124 pro
914 2085 965 2116 his
985 2085 1056 2116 dee.
1073 2090 1096 2126 p
1114 2085 1180 2116 rell.
1335 2095 1355 2124 3
1379 2086 1466 2125 quod
1489 2086 1536 2118 V:

207 2138 275 2166 quo
292 2128 363 2158 cOrr
493 2139 509 2167 7
535 2129 698 2158 arbitrare
720 2128 800 2158 VO:
820 2129 945 2166 -abare,
967 2128 1081 2159 -abere
1098 2133 1119 2166 p
1138 2128 1200 2159 rcII.
1331 2130 1350 2159 8
1377 2129 1412 2159 C.
1431 2129 1538 2160 Marc.

212 2171 272 2201 VO
289 2183 294 2200 ι
329 2171 371 2202 Μ.
394 2171 494 2203 Marc.
515 2172 579 2203 rell.
760 2181 797 2202 10
822 2172 881 2202 suit
900 2172 1055 2203 habenda
1077 2171 1137 2202 VO
1154 2184 1160 2202 z
1185 2171 1338 2202 habenda
1357 2172 1416 2202 fuit
1432 2178 1453 2212 s>
1471 2172 1534 2204 rell.

214 2224 246 2244 11
275 2215 305 2244 in
325 2216 556 2254 posteritatem
579 2213 675 2245 VcO:
702 2215 733 2245 in
754 2221 925 2254 posterum
944 2216 985 2246 nk
1122 2217 1159 2246 16
1184 2221 1340 2255 praetore
1362 2216 1443 2246 VO:
1467 2226 1533 2246 om.

209 2258 251 2287 rrk
383 2269 424 2288 22
449 2265 482 2289 te
499 2269 564 2290 om.
589 2258 635 2297 Vq
653 2258 685 2296 (ᾗ
709 2259 746 2288 18
763 2259 881 2299 supra)
971 2269 1012 2298 23
1037 2263 1194 2299 potuerat
1217 2257 1294 2290 VO:
1321 2264 1452 2298 poterat
1469 2259 1534 2291 rell.

209 2311 249 2340 27
274 2302 404 2341 putavit
429 2302 476 2333 V:
503 2302 632 2342 putabit
651 2302 682 2332 O
698 2313 704 2333 :
731 2307 922 2343 putassetp
941 2302 1006 2334 rcll.
