1715 2734
112 79 166 118 44
193 75 250 107 106
552 71 607 107 M.
640 71 808 108 TVLLI
841 70 1148 109 CICERONIS

116 188 169 227 45
186 183 330 220 Recita.
393 192 1000 218 TESTIMONIVMAETNENSlts'M
1040 181 1148 231 Quid
1179 181 1265 220 ais?
1322 181 1410 226 Dic,
1438 180 1514 227 dic,

187 260 350 297 quaeso,
369 246 519 291 clarius,
549 253 589 283 ut
621 247 791 295 populus
823 247 1029 284 Romanus
1060 248 1109 285 de
1139 246 1218 284 suis
1248 245 1515 296 vectigalibus,

187 312 238 350 de
269 311 348 349 suis
379 310 607 356 aratoribus,
638 311 688 348 de
718 310 797 348 suis
829 310 944 348 sociis
965 319 1083 361 atque
1113 310 1249 349 amicis
1278 310 1423 348 audiat.
1493 313 1519 348 ἰ

189 388 303 424 MED.‚
330 378 399 414 HS
420 379 454 413 ἴ.
508 377 580 413 Per
599 376 696 413 deos
718 374 947 413 immortalis
965 378 971 413 1
1002 390 1103 414 unus
1124 389 1214 425 ager
1235 389 1314 413 uno
1329 388 1436 413 anno
1449 382 1519 413 tre-

188 449 303 480 centa
325 441 430 479 milia
447 441 550 478 mod.
568 439 680 477 tritici
703 447 741 477 et
763 447 962 490 praeterea
986 443 1054 479 HS
1070 443 1093 478 i]
1113 440 1207 479 lucri
1229 442 1297 479 dat
1313 439 1492 491 Apronio
1511 443 1518 478 !

188 508 372 545 Tantone
394 505 555 543 minoris
575 506 766 543 decumae
787 505 993 544 venierunt
1013 520 1132 556 quam
1154 507 1321 552 suerunt,
1343 519 1404 552 an,
1427 518 1518 544 cum

188 571 279 609 satis
298 584 440 621 magno
455 570 662 616 venissent,
680 570 742 608 hic
757 578 887 608 tantus
903 579 1035 609 tamen
1053 570 1234 609 frumenti
1250 570 1520 621 pecuniaeque

190 650 375 675 numerus
396 636 446 673 ab
470 634 687 673 aratoribus
716 648 784 684 per
810 635 890 673 vim
917 636 1071 674 ablatus
1099 637 1189 674 est?
1245 637 1386 673 Vtrum
1414 635 1517 674 enim

109 717 169 749 107
190 703 329 740 horum
351 700 503 746 dixeris,
528 700 567 737 in
592 714 640 738 eo
661 702 778 749 culpa
804 708 842 738 et
869 701 1016 739 crimen
1049 701 1234 740 haerebit.
1295 702 1399 738 Nam
1424 700 1520 740 illud

190 767 351 817 quidem
373 780 453 803 non
474 765 747 815 dices—quod
769 765 918 804 utinam
941 766 1049 804 dicas
1069 767 1184 805 l—ad
1200 766 1421 816 Apronium
1439 779 1519 803 non

191 831 412 883 pervenisse
440 838 604 869 tanturn.
667 832 728 869 Ita
752 839 789 869 te
818 845 898 869 non
931 833 1052 870 modo
1080 831 1248 882 publicis
1276 831 1422 870 tenebo
1452 833 1521 870 sed

190 898 306 936 etiam
339 896 494 947 privatis
515 904 711 934 aratorum
739 896 987 945 pactionibus
1017 910 1063 934 ac
1094 897 1229 935 litteris
1255 904 1297 934 ut
1321 896 1522 947 intellegas

191 977 270 1001 non
299 971 336 1001 te
367 961 655 1012 diligentiorem
684 961 723 999 in
751 961 940 1000 faciendis
969 962 1078 1000 furtis
1110 962 1228 1000 fuisse
1259 975 1377 1012 quam
1400 976 1462 1000 me
1483 962 1522 999 in

190 1027 547 1079 deprehendendis.
608 1029 699 1066 Hoc
729 1034 770 1065 tu
800 1028 928 1066 feres?
957 1028 1034 1066 hoc
1063 1027 1271 1078 quisquam
1303 1028 1524 1066 defendet?

191 1096 267 1132 hoc
294 1093 345 1141 hi,
375 1093 405 1131 si
432 1092 543 1131 aliter
567 1094 616 1131 de
641 1101 679 1130 te
704 1101 872 1131 statuere
902 1093 1105 1140 voluerint,
1130 1093 1413 1131 sustinebunt?
1441 1106 1522 1130 uno

190 1161 363 1198 adventu
390 1173 436 1197 ex
460 1172 540 1196 uno
559 1172 652 1207 agro
683 1160 731 1207 Q.
757 1158 988 1208 Apronium,
1013 1166 1164 1208 praeter
1186 1171 1272 1197 eam
1294 1171 1413 1208 quam
1443 1157 1523 1196 dixi

192 1225 400 1275 pecuniam
431 1232 687 1270 numeratam,
712 1235 786 1261 CCC
816 1222 922 1261 milia
952 1225 1055 1262 mod.
1089 1223 1204 1262 tritici
1237 1222 1332 1261 lucri
1363 1222 1524 1260 nomine

113 1300 173 1330 108
192 1290 418 1330 sustulisse!
477 1289 615 1338 Quid?
663 1291 738 1327 hoc
779 1291 1000 1328 Aetnenses
1041 1290 1113 1328 soli
1155 1290 1321 1328 dicunt?
1393 1290 1524 1327 Immo

192 1357 309 1396 etiam
350 1354 608 1405 Centuripini,
651 1355 717 1404 qui
756 1354 834 1404 agri
877 1355 1088 1394 Aetnensis
1141 1357 1264 1393 multo
1314 1353 1523 1392 maximam

192 1430 341 1473 partem
369 1420 600 1471 possident3
631 1434 798 1470 quorum
822 1421 968 1470 legatis,
996 1420 1223 1459 hominibus
1256 1419 1525 1466 nobilissimis,

191 1486 371 1525 Androni
400 1494 437 1524 et
464 1485 682 1531 Artemoni,
716 1493 874 1523 senatus
900 1499 945 1523 ea
974 1487 1160 1524 mandata
1187 1485 1295 1524 dedit
1326 1499 1427 1534 quae
1458 1498 1525 1534 pu-

192 1552 292 1590 blice
312 1553 363 1590 ad
385 1550 581 1589 civitatem
604 1550 777 1600 ipsorum
802 1550 1050 1600 pertinebant
1069 1565 1075 1593 ;
1106 1552 1156 1588 de
1184 1550 1229 1588 iis
1258 1549 1406 1588 iniuriis
1427 1563 1524 1599 quas

191 1617 294 1655 cives
323 1614 568 1664 Centuripini
592 1628 671 1652 non
694 1615 733 1652 in
756 1615 835 1653 suis
859 1617 928 1653 sed
952 1615 990 1652 in
1013 1614 1178 1653 aliorum
1202 1614 1345 1652 finibus
1367 1627 1525 1663 accepe-

193 1690 287 1729 rant,
311 1689 470 1719 senatus
491 1688 528 1718 et
550 1681 718 1730 populus
736 1680 1018 1730 Centuripinus
1040 1681 1186 1729 legatos
1208 1679 1333 1718 noluit
1348 1679 1525 1723 mittere;

193 1747 264 1797 ipsi
285 1754 455 1785 aratores
472 1745 730 1795 Centuripini,
751 1745 816 1796 qui
839 1759 1025 1784 numerus
1042 1753 1099 1783 est
1121 1745 1159 1782 in
1182 1744 1312 1783 Sicilia
1333 1744 1524 1783 maximus

193 1812 399 1851 hominum
425 1810 792 1850 honestissimorum
822 1819 859 1849 et
887 1810 1296 1860 locupletissimorum,
1331 1810 1397 1849 tris
1427 1812 1526 1860 lega-

194 1887 263 1925 tos,
287 1877 381 1916 civis
411 1891 514 1924 suos,
538 1878 777 1927 delegerunt,
807 1885 847 1915 ut
878 1891 1013 1915 eorum
1045 1876 1271 1915 testimonio
1301 1891 1380 1915 non
1411 1877 1526 1915 unius

193 1943 271 1993 agri
306 1943 376 1981 sed
415 1956 536 1993 prope
585 1942 704 1980 totius
746 1941 899 1980 Siciliae
940 1941 1182 1980 calamitates
1222 1942 1522 1992 cognosceretis.

196 2011 317 2046 Arant
338 2007 442 2046 enim
465 2015 547 2046 tota
568 2007 697 2046 Sicilia
721 2008 798 2045 fere
820 2006 1079 2057 Centuripini,
1103 2015 1141 2046 et
1163 2008 1238 2045 hoc
1260 2007 1298 2045 in
1327 2015 1364 2047 te
1380 2007 1526 2058 gravio-

1545 780 1582 802 10

1546 1104 1581 1135 ¹5

1547 1433 1584 1454 20

1547 1757 1586 1789 ²5

195 2087 253 2112 res
274 2073 537 2122 certioresque
555 2080 671 2111 testes
694 2080 794 2119 sunt,
815 2073 923 2122 quod
938 2080 1090 2111 ceterae
1106 2071 1282 2111 civitates
1304 2072 1382 2111 suis
1397 2074 1524 2111 solum
1547 2087 1588 2117 30

196 2138 459 2177 incommodis
492 2147 802 2185 commorentur,
838 2137 1095 2188 Centuripini,
1133 2139 1241 2188 quod
1277 2138 1314 2176 in
1347 2139 1525 2176 omnium

245 2253 258 2273 1
287 2242 406 2273 Recita
424 2242 515 2274 Test.
537 2242 638 2273 Aetn.
659 2243 674 2269 δ
691 2253 697 2271 z
721 2253 785 2272 om.
806 2241 857 2271 Οπ
874 2240 917 2272 al.
1017 2250 1054 2280 13
1081 2240 1242 2272 faciundis
1261 2241 1363 2272 fuisse
1382 2241 1477 2272 furtis
1496 2240 1527 2272 Ο

203 2296 236 2323 14
257 2287 551 2326 reprehendendis
566 2291 588 2325 p
605 2285 692 2315 codd.
718 2287 763 2324 rs.
783 2288 818 2322 ἓξ
835 2297 864 2322 4.
882 2285 937 2324 51)
1060 2294 1101 2323 23
1120 2291 1320 2324 acceperant
1340 2284 1394 2315 O:
1419 2290 1491 2315 -unt
1504 2290 1528 2325 p

200 2329 264 2360 rell.
402 2340 444 2368 29
467 2330 643 2368 graviores
659 2330 891 2368 certioresque
904 2333 929 2368 p
947 2328 1011 2359 rell.
1031 2339 1037 2359 ε
1064 2329 1303 2368 gravioresque
1323 2328 1353 2359 O
