1715 2734
143 94 411 132 ACTIONIS
443 94 503 131 IN
533 93 577 132 C.
601 94 842 131 VERREM
873 94 1172 133 SECVNDAE
1203 95 1307 132 LIB.
1332 96 1350 132 I
1397 103 1443 132 21

115 211 233 254 atque
262 212 492 243 ornamenta
521 219 567 243 ex
596 206 691 244 urbe
721 206 893 244 hostium
914 206 950 244 vi
979 214 1018 245 et
1038 207 1178 245 virtute
1207 215 1321 257 capta
1350 208 1442 247 belli

115 270 200 318 lege
232 277 351 318 atque
384 269 634 319 imperatorio
666 270 748 308 iure
782 271 946 317 sustulit,
983 285 1030 309 ea
1068 273 1216 321 populo
1256 274 1441 311 Romano

115 334 345 383 adportavit,
392 348 460 384 per
504 335 747 385 triumphum
786 336 898 382 vexit,
940 336 979 374 in
1019 337 1152 375 tabula
1190 337 1348 386 publica
1389 339 1440 376 ad

114 399 303 436 aerarium
318 399 596 449 perscribenda
611 400 768 438 curavit.
811 401 1049 450 Cognoscite
1063 415 1108 439 ex
1122 402 1256 439 litteris
1273 403 1440 452 publicis

78 463 285 509 5hominis
323 464 554 513 amplissimi
593 464 845 514 diligentiam.
906 465 1054 503 Recita.
1116 468 1332 505 RATroNEs
1373 479 1440 504 RE-

115 541 247 566 LATAE
277 531 317 566 P.
351 530 531 567 SERVILI.
592 531 685 567 Non
717 532 843 567 solum
876 544 1083 568 numerum
1120 531 1331 580 signorum,
1369 534 1438 570 sed

111 594 228 631 etiam
249 593 364 631 unius
385 594 575 644 cuiusque
596 595 918 644 magnitudinem,
943 597 1115 645 figuram,
1139 603 1281 633 statum
1304 597 1439 635 litteris

111 656 264 694 definiri
285 657 403 695 vides.
465 659 581 697 Certe
611 659 734 696 maior
754 667 811 697 est
841 659 991 697 virtutis
1012 659 1276 709 victoriaeque
1306 660 1439 698 iucun-

111 722 211 759 ditas
243 735 361 771 quam
401 723 473 760 ista
511 725 689 773 voluptas
725 738 825 774 quae
864 725 1074 774 percipitur
1113 739 1158 763 ex
1197 725 1361 764 libidine
1401 734 1439 764 et

53 803 90 824 10
110 787 335 836 cupiditate.
384 790 514 826 Multo
528 789 751 839 diligentius
766 791 909 828 babere
927 790 1016 828 dico
1031 790 1235 829 Servilium
1250 793 1436 840 praedam

109 852 245 901 populi
268 853 439 890 Romani
460 867 578 903 quam
601 862 637 892 te
658 862 724 892 tua
744 856 844 892 furta
864 864 997 893 notata
1018 864 1135 905 atque
1156 856 1379 905 perscripta.
1411 854 1415 856 ’

164 916 283 955 Dices
304 925 370 956 tua
390 931 550 968 quoque
571 919 680 968 signa
707 927 744 957 et
771 920 923 958 tabulas
944 920 1066 970 pictas
1094 929 1327 959 ornamento
1349 921 1435 960 urbi

107 983 271 1032 foroque
305 983 441 1033 populi
472 984 643 1022 Romani
673 984 801 1023 fuisse.
863 985 1054 1032 Memini3
1088 985 1167 1023 vidi
1198 985 1313 1023 simul
1344 999 1434 1024 cum

107 1049 256 1097 populo
278 1049 462 1086 Romano
482 1050 609 1087 forum
631 1050 916 1100 comitiumque
935 1052 1169 1089 adornatum
1192 1052 1241 1089 ad
1263 1051 1435 1100 speciem

51 1126 86 1157 15
108 1112 317 1161 magnifico
355 1121 504 1159 ornatu,
538 1115 589 1152 ad
627 1127 786 1152 sensum
819 1115 1178 1165 cogitationemque
1216 1117 1359 1154 acerbo
1397 1124 1435 1154 et

107 1177 288 1226 lugubrig
328 1177 407 1216 vidi
437 1180 645 1217 conlucere
677 1179 810 1217 omnia
842 1180 951 1217 furtis
984 1180 1069 1227 tuis,
1108 1181 1252 1229 praeda
1284 1181 1435 1230 provin-

106 1241 265 1288 ciarum,
298 1242 431 1292 spoliis
467 1243 664 1281 sociorum
695 1252 814 1293 atque
852 1245 1079 1282 amicorum.
1141 1246 1234 1293 Quo
1272 1245 1433 1295 quidem

105 1314 295 1356 tempore,
326 1308 489 1355 iudices,
520 1308 592 1346 iste
621 1322 731 1359 spem
763 1309 971 1347 maximam
1005 1309 1242 1359 reliquorum
1274 1324 1434 1360 quoque

106 1380 357 1421 peccatorum
387 1380 525 1411 nactus
554 1381 612 1411 est
626 1388 636 1421 3
671 1373 767 1412 vidit
796 1374 901 1412 enim
932 1387 999 1412 eos
1029 1374 1096 1424 qui
1126 1374 1361 1412 iudiciorum
1392 1389 1433 1413 se

46 1454 86 1474 20
107 1438 290 1476 dominos
304 1438 382 1476 dici
398 1439 583 1476 volebant
599 1440 737 1476 harum
753 1439 1011 1489 cupiditatum
1029 1453 1114 1477 esse
1135 1453 1275 1478 servos.
1327 1441 1431 1479 Socii

105 1517 197 1542 vero
218 1503 477 1553 nationesque
497 1513 649 1542 exterae
677 1518 785 1554 spem
807 1518 966 1543 omnem
989 1513 1070 1543 tum
1093 1505 1260 1555 primum
1281 1506 1432 1544 abiece-

104 1577 194 1607 runt
226 1583 353 1607 rerum
389 1583 439 1607 ac·
468 1571 711 1606 fortunarum
745 1582 911 1614 suarum,
946 1579 1151 1619 propterea
1190 1571 1297 1619 quod
1337 1583 1429 1608 casu

104 1633 219 1684 legati
248 1648 293 1672 ex
322 1634 413 1671 Asia
442 1642 561 1683 atque
581 1633 733 1671 Achaia
762 1633 917 1683 plurimi
951 1636 1103 1672 Romae
1136 1642 1229 1672 tunc
1261 1636 1426 1681 fuerunt,

105 1699 171 1749 qui
193 1701 357 1738 deorum
389 1700 594 1737 simulacra
616 1713 662 1737 ex
691 1699 769 1737 suis
800 1699 898 1736 fanis
920 1700 1072 1737 sublata
1101 1699 1140 1736 in
1171 1701 1254 1738 foro
1275 1713 1430 1738 venera-

45 1777 81 1808 25
104 1765 256 1812 bantur,
274 1767 447 1816 itemque
461 1775 588 1804 cetera
605 1766 713 1815 signa
730 1774 767 1804 et
783 1774 1011 1803 ornamenta
1029 1778 1117 1802 cum
1134 1773 1426 1814 cognoscerent,

100 1831 175 1870 alia
195 1833 272 1871 alio
292 1833 329 1870 in
352 1834 440 1870 loco
461 1832 707 1870 lacrimantes
727 1831 988 1869 intuebantur.
1050 1831 1229 1878 Quorum
1251 1830 1428 1867 omnium

101 1898 206 1935 hunc
246 1912 467 1936 sermonem
504 1906 587 1935 tum
627 1911 712 1935 esse
750 1897 1020 1943 audiebamus,
1061 1895 1157 1932 nihil
1197 1908 1282 1933 esse
1320 1896 1428 1944 quod

101 1962 307 2012 quisquam
343 1964 540 2002 dubitaret
573 1965 623 2001 de
655 1963 772 2001 exitio
811 1962 1005 2000 sociorum
1045 1969 1163 2010 atque
1197 1960 1424 2007 amicorum,

100 2040 189 2064 curn
220 2028 381 2077 quidem
403 2028 580 2066 viderent
610 2028 648 2065 in
679 2029 763 2065 foro
793 2027 926 2076 populi
960 2025 1140 2071 Romani,
1165 2038 1244 2074 quo
1274 2025 1313 2062 in
1338 2027 1427 2064 loco

146 2141 158 2160 1
185 2131 217 2160 vi
234 2141 258 2160 s.
271 2131 291 2160 l.
309 2142 326 2159 ν
343 2143 348 2160 :
373 2142 439 2160 om.
459 2130 514 2170 Dp
532 2130 596 2160 rell.
614 2130 689 2169 (per
705 2130 860 2159 virtutem
878 2129 927 2158 K»
1115 2138 1133 2166 3
1159 2127 1270 2157 tabula
1288 2128 1365 2166 pub.
1380 2134 1426 2167 pq

102 2174 145 2211 (v,
168 2176 182 2210 ξ
208 2175 286 2211 Ιοξζῖ
307 2186 313 2203 :
348 2174 477 2204 tabulas
503 2174 652 2213 publicas
678 2173 742 2203 rell.
760 2177 889 2212 praeter
911 2173 1016 2203 Cm'ac.
1044 2173 1075 2201 in
1101 2182 1165 2209 qno
1180 2171 1287 2210 fnisse
1309 2171 1430 2201 dicitur

99 2216 221 2247 tabulis
237 2216 398 2256 publicis:
424 2217 493 2248 secl.
514 2216 625 2247 Muell.
768 2226 787 2255 5
813 2216 933 2246 Recita
951 2240 958 2246 .
981 2241 986 2246 .
1006 2240 1012 2245 .
1032 2215 1152 2244 Servili
1165 2215 1226 2253 prb
1244 2226 1251 2243 :
1275 2224 1341 2245 om.
1360 2214 1424 2243 ΒΨ

103 2269 141 2297 19
164 2260 263 2290 iudic.
282 2271 319 2290 se
335 2260 391 2300 Dp
407 2261 473 2291 rell.
492 2273 498 2291 :
523 2271 559 2290 se
576 2261 675 2291 iudic.
697 2260 784 2291 Asc..
801 2258 906 2290 Sclzol.
927 2259 1065 2290 Gronov.
1159 2268 1197 2287 21
1223 2267 1356 2287 omnem
1373 2257 1400 2286 L
1418 2269 1424 2287 :

99 2304 242 2333 omnium
261 2303 315 2343 Dp
333 2303 396 2334 rell.
548 2314 588 2342 24
609 2303 696 2333 fanis
713 2304 783 2333 suis
801 2314 835 2342 qr
984 2313 1024 2341 25
1050 2302 1197 2340 itemque
1210 2307 1235 2341 p
1250 2301 1294 2331 al.
1311 2312 1317 2330 :
1343 2303 1421 2331 item

98 2346 155 2382 qui
171 2346 235 2376 ΒΨ

1463 107 1501 141 57

1456 901 1508 928 22

1453 1452 1494 1484 59
