1715 2734
442 509 509 555 M.
561 508 772 555 TVLLI
827 508 1225 555 CICERONIS

248 618 683 672 ACTIONIS
746 620 838 671 IN
899 619 959 672 C.
1022 619 1409 672 VERREM

589 716 1080 770 SECVNDAE

594 841 762 878 LIBER
804 839 1051 888 QVINTVS

283 943 392 998 QVI
438 943 852 985 INSCRIBITVR
897 944 982 985 DE
1027 943 1367 985 SVPPLICIIS

221 1062 386 1101 ΝΕΜΙΝΙ
422 1062 538 1101 video
576 1062 743 1101 dubium
783 1076 878 1110 esse,
913 1062 1074 1110 iudices,
1116 1062 1212 1112 quin
1250 1046 1527 1126 apertissime}

167 1127 211 1166 C.
234 1129 375 1166 Verres
405 1127 444 1165 in
467 1126 596 1165 Sicilia
618 1141 726 1166 sacra
753 1129 995 1178 profanaque
1025 1127 1159 1166 omnia
1188 1134 1226 1166 et
1251 1126 1430 1177 privatim
1455 1134 1493 1164 et

166 1192 324 1242 publice
341 1192 526 1243 spoliarit,
545 1200 799 1243 versatusque
814 1193 861 1231 sit
878 1193 962 1230 sine
978 1194 1057 1231 ulla
1069 1206 1151 1231 non
1172 1193 1294 1230 modo
1307 1191 1494 1241 religione

166 1271 299 1296 verum
330 1258 447 1296 etiam
478 1258 789 1297 dissimulatione
818 1258 857 1295 in
884 1257 993 1296 omni
1021 1264 1163 1307 genere
1192 1256 1346 1295 furandi
1375 1264 1494 1306 atque

129 1341 145 1371 5
166 1323 392 1372 praedandi.
454 1324 531 1361 Sed
553 1324 748 1372 quaedam
779 1322 875 1360 mihi
905 1322 1114 1373 magnifica
1134 1330 1172 1361 et
1193 1323 1390 1372 praeclara
1411 1321 1493 1359 eius

166 1388 345 1427 defensio
375 1388 594 1427 ostenditur
611 1403 621 1436 ,·
650 1388 712 1426 cui
742 1401 860 1437 quem
891 1389 941 1426 ad
970 1389 1134 1426 modum
1162 1386 1338 1426 resistam
1369 1388 1494 1424 multo

166 1453 261 1490 mihi
286 1461 377 1492 ante
401 1461 469 1499 est,
493 1453 653 1500 iudices,
676 1453 976 1503 providendum.
1038 1454 1099 1491 Ita
1123 1452 1229 1491 enim
1257 1465 1374 1490 causa
1404 1465 1493 1490 con-

165 1518 345 1565 stituitur,
385 1518 625 1569 provinciam
674 1517 844 1556 Siciliam
884 1518 1025 1556 virtute
1070 1517 1180 1556 istius
1219 1525 1257 1556 et
1295 1517 1492 1568 vigilantia

165 1583 348 1634 singulari
364 1583 494 1622 dubiis
515 1583 860 1633 formidolosisque
877 1583 1120 1634 temporibus
1142 1597 1164 1622 a
1184 1582 1353 1634 fugitivis
1373 1590 1491 1631 atque

108 1666 146 1687 10
164 1663 187 1688 a
206 1649 299 1688 belli
319 1649 498 1699 periculis
519 1657 644 1687 tutam
666 1662 750 1688 esse
771 1658 972 1687 servatam.
1034 1649 1142 1697 Quid
1163 1662 1286 1698 agam,
1310 1647 1458 1685 iudices
1475 1648 1490 1684 Ρ
1513 1664 1526 1683 2

164 1729 244 1765 quo
265 1714 523 1753 accusationis
544 1727 654 1753 meae
670 1714 861 1752 rationem
878 1715 1077 1752 conferam
1094 1716 1110 1752 Ρ
1139 1727 1219 1764 quo
1239 1726 1302 1751 me
1315 1713 1491 1750 vertam?

163 1782 214 1819 ad
244 1779 372 1818 omnis
402 1779 507 1818 enim
542 1792 652 1818 meos
687 1779 856 1829 impetus
891 1778 1002 1828 quasi
1035 1792 1168 1817 murus
1199 1778 1359 1828 quidam
1395 1775 1489 1814 boni

164 1858 310 1883 nomen
341 1845 583 1895 imperatoris
613 1844 834 1895 opponitur.
896 1844 1001 1883 Novi
1030 1845 1190 1891 locum3
1219 1843 1334 1881 video
1362 1842 1428 1879 ubi
1449 1854 1489 1878 se

164 1910 374 1949 iactaturus
414 1912 461 1948 sit
506 1910 754 1949 Hortensius.
834 1911 933 1949 Belli
982 1909 1165 1960 pericula,
1214 1916 1389 1957 tempora
1436 1906 1488 1944 rei

110 1991 144 2023 ¹5
165 1976 357 2026 publicae,
387 1976 665 2026 imperatorum
696 1977 899 2026 penuriam
930 1973 1284 2019 commemorabit3
1313 1980 1395 2009 tum
1425 1972 1489 2009 de-

164 2041 386 2092 precabitur
414 2055 437 2078 a
465 2040 588 2087 vobis,
621 2048 704 2078 tum
734 2040 851 2078 etiam
882 2053 952 2090 pro
983 2053 1054 2078 suo
1084 2040 1166 2077 iure
1196 2037 1409 2076 contendet
1439 2049 1488 2073 ne

163 2106 365 2157 patiamini
405 2107 522 2144 talem
555 2105 830 2155 imperatorem
865 2106 1013 2155 populo
1049 2106 1233 2142 Romano
1269 2101 1487 2139 Siculorum

163 2171 397 2209 testimoniis
418 2170 524 2220 eripi,
549 2184 597 2208 ne
618 2169 743 2208 obteri
764 2171 922 2208 laudem
950 2168 1238 2219 imperatoriam
1261 2164 1488 2204 criminibus

163 2235 344 2274 avaritiae
365 2235 500 2273 velitis.

107 2313 145 2335 20
220 2301 311 2337 Non
344 2313 505 2350 possum
539 2298 794 2346 dissimulare,
825 2298 974 2338 iudices
992 2313 1001 2346 3
1041 2297 1160 2336 timeo
1194 2309 1243 2333 ne
1274 2296 1317 2334 C.
1347 2297 1486 2333 Verres
1508 2303 1524 2333 3

209 2413 228 2442 5
253 2403 324 2434 eius
341 2403 492 2433 defensio
508 2402 582 2441 Rp:
608 2402 673 2432 des.
691 2402 764 2432 eius
781 2401 841 2432 ΞΨ
949 2412 966 2441 7
992 2400 1070 2430 mihi
1089 2404 1166 2430 ante
1184 2403 1234 2428 est
1253 2398 1378 2428 iudices
1393 2397 1486 2437 Rps:

167 2454 243 2477 ante
260 2452 310 2477 est
329 2447 406 2476 mihi
425 2448 502 2486 (om.
524 2446 607 2487 iud.)
626 2444 683 2475 ΒΨ
