<?xml version="1.0" encoding="UTF-8"?>
<!DOCTYPE html PUBLIC "-//W3C//DTD XHTML 1.0 Transitional//EN"
    "http://www.w3.org/TR/xhtml1/DTD/xhtml1-transitional.dtd">
<html xmlns="http://www.w3.org/1999/xhtml" xml:lang="en" lang="en">
 <head>
  <title>
</title>
<meta http-equiv="Content-Type" content="text/html;charset=utf-8" />
  <meta name='ocr-system' content='tesseract 3.04.00' />
  <meta name='ocr-capabilities' content='ocr_page ocr_carea ocr_par ocr_line ocrx_word'/>
</head>
<body>
  <div class='ocr_page' id='page_1' title='image "./orationesrecogno03ciceuoft/orationesrecogno03ciceuoft_0061.png"; bbox 0 0 1715 2734; ppageno 0'>
   <div class='ocr_carea' id='block_1_1' title="bbox 359 92 1496 141">
    <p class='ocr_par' dir='ltr' id='par_1_1' title="bbox 359 92 1496 141">
     <span class='ocr_line' id='line_1_1' title="bbox 359 92 1496 141; baseline -0.001 -10"><span class='ocrx_word' id='word_1_1' title='bbox 359 95 419 131; x_wconf 95' lang='lat' dir='ltr'>IN</span> <span class='ocrx_word' id='word_1_2' title='bbox 450 94 494 131; x_wconf 88' lang='lat' dir='ltr'>C.</span> <span class='ocrx_word' id='word_1_3' title='bbox 527 93 767 129; x_wconf 89' lang='lat' dir='ltr'><strong>VERREM</strong></span> <span class='ocrx_word' id='word_1_4' title='bbox 798 92 972 130; x_wconf 88' lang='lat' dir='ltr'><strong>ACTIO</strong></span> <span class='ocrx_word' id='word_1_5' title='bbox 1004 92 1189 129; x_wconf 90' lang='lat' dir='ltr'><strong>PRIMA</strong></span> <span class='ocrx_word' id='word_1_6' title='bbox 1402 101 1434 141; x_wconf 86' lang='lat'><em>9</em></span> <span class='ocrx_word' id='word_1_7' title='bbox 1454 105 1496 140; x_wconf 75' lang='lat'>27</span> 
     </span>
    </p>
   </div>
   <div class='ocr_carea' id='block_1_2' title="bbox 47 200 1495 2134">
    <p class='ocr_par' dir='ltr' id='par_1_2' title="bbox 47 200 1495 2134">
     <span class='ocr_line' id='line_1_2' title="bbox 107 200 1434 254; baseline -0.004 -10"><span class='ocrx_word' id='word_1_8' title='bbox 107 207 299 244; x_wconf 87' lang='lat' dir='ltr'>sulturum</span> <span class='ocrx_word' id='word_1_9' title='bbox 329 202 459 254; x_wconf 89' lang='lat' dir='ltr'>potius</span> <span class='ocrx_word' id='word_1_10' title='bbox 480 215 598 252; x_wconf 86' lang='lat' dir='ltr'>quam</span> <span class='ocrx_word' id='word_1_11' title='bbox 628 201 758 240; x_wconf 85' lang='lat' dir='ltr'>officio</span> <span class='ocrx_word' id='word_1_12' title='bbox 788 208 827 239; x_wconf 91' lang='lat' dir='ltr'>et</span> <span class='ocrx_word' id='word_1_13' title='bbox 854 200 1035 251; x_wconf 83' lang='lat' dir='ltr'>dignitati</span> <span class='ocrx_word' id='word_1_14' title='bbox 1064 202 1206 239; x_wconf 88' lang='lat' dir='ltr'>meae?</span> <span class='ocrx_word' id='word_1_15' title='bbox 1262 201 1434 240; x_wconf 89' lang='lat' dir='ltr'>Arcessit</span> 
     </span>
     <span class='ocr_line' id='line_1_3' title="bbox 107 259 1434 318; baseline -0.003 -9"><span class='ocrx_word' id='word_1_16' title='bbox 107 273 204 309; x_wconf 92' lang='lat' dir='ltr'>alter</span> <span class='ocrx_word' id='word_1_17' title='bbox 237 259 374 308; x_wconf 88' lang='lat' dir='ltr'>consul</span> <span class='ocrx_word' id='word_1_18' title='bbox 408 267 634 318; x_wconf 86' lang='lat' dir='ltr'>designatus</span> <span class='ocrx_word' id='word_1_19' title='bbox 672 266 825 305; x_wconf 86' lang='lat' dir='ltr'>Siculos</span> <span class='ocrx_word' id='word_1_20' title='bbox 843 281 853 313; x_wconf 87' lang='grc'>,·</span> <span class='ocrx_word' id='word_1_21' title='bbox 900 266 1062 304; x_wconf 89' lang='lat' dir='ltr'>veniunt</span> <span class='ocrx_word' id='word_1_22' title='bbox 1096 279 1177 304; x_wconf 91' lang='lat' dir='ltr'>non</span> <span class='ocrx_word' id='word_1_23' title='bbox 1211 266 1318 312; x_wconf 88' lang='lat' dir='ltr'>nulli,</span> <span class='ocrx_word' id='word_1_24' title='bbox 1350 280 1434 316; x_wconf 89' lang='lat' dir='ltr'>pro-</span> 
     </span>
     <span class='ocr_line' id='line_1_4' title="bbox 107 330 1435 386; baseline -0.005 -12"><span class='ocrx_word' id='word_1_25' title='bbox 107 344 240 386; x_wconf 87' lang='lat' dir='ltr'>pterea</span> <span class='ocrx_word' id='word_1_26' title='bbox 259 335 367 384; x_wconf 89' lang='lat' dir='ltr'>quod</span> <span class='ocrx_word' id='word_1_27' title='bbox 396 335 439 371; x_wconf 93' lang='lat' dir='ltr'>L.</span> <span class='ocrx_word' id='word_1_28' title='bbox 463 333 649 371; x_wconf 79' lang='lat' dir='ltr'>Metellus</span> <span class='ocrx_word' id='word_1_29' title='bbox 678 339 781 370; x_wconf 89' lang='lat' dir='ltr'>esset</span> <span class='ocrx_word' id='word_1_30' title='bbox 810 338 965 381; x_wconf 90' lang='lat' dir='ltr'>praetor</span> <span class='ocrx_word' id='word_1_31' title='bbox 994 330 1034 368; x_wconf 90' lang='lat' dir='ltr'>in</span> <span class='ocrx_word' id='word_1_32' title='bbox 1064 330 1205 369; x_wconf 83' lang='lat' dir='ltr'>Sicilia.</span> <span class='ocrx_word' id='word_1_33' title='bbox 1265 332 1368 370; x_wconf 91' lang='lat' dir='ltr'>Cum</span> <span class='ocrx_word' id='word_1_34' title='bbox 1389 330 1435 369; x_wconf 90' lang='lat' dir='ltr'>iis</span> 
     </span>
     <span class='ocr_line' id='line_1_5' title="bbox 108 397 1434 449; baseline -0.004 -11"><span class='ocrx_word' id='word_1_35' title='bbox 108 400 160 438; x_wconf 90' lang='lat' dir='ltr'>ita</span> <span class='ocrx_word' id='word_1_36' title='bbox 198 399 378 449; x_wconf 85' lang='lat' dir='ltr'>loquitur,</span> <span class='ocrx_word' id='word_1_37' title='bbox 416 401 478 436; x_wconf 91' lang='lat' dir='ltr'>‘se</span> <span class='ocrx_word' id='word_1_38' title='bbox 516 399 720 435; x_wconf 90' lang='lat' dir='ltr'>consulem</span> <span class='ocrx_word' id='word_1_39' title='bbox 760 411 869 444; x_wconf 67' lang='lat' dir='ltr'>esse,</span> <span class='ocrx_word' id='word_1_40' title='bbox 917 398 1072 434; x_wconf 87' lang='lat' dir='ltr'>fratrem</span> <span class='ocrx_word' id='word_1_41' title='bbox 1117 409 1231 433; x_wconf 90' lang='lat' dir='ltr'>suum</span> <span class='ocrx_word' id='word_1_42' title='bbox 1269 397 1434 434; x_wconf 88' lang='lat' dir='ltr'>alterum</span> 
     </span>
     <span class='ocr_line' id='line_1_6' title="bbox 69 460 1435 513; baseline -0.004 -10"><span class='ocrx_word' id='word_1_43' title='bbox 69 476 87 508; x_wconf 86' lang='lat'>5</span> <span class='ocrx_word' id='word_1_44' title='bbox 108 464 278 503; x_wconf 87' lang='lat' dir='ltr'>Siciliam</span> <span class='ocrx_word' id='word_1_45' title='bbox 306 462 547 513; x_wconf 88' lang='lat' dir='ltr'>provinciam</span> <span class='ocrx_word' id='word_1_46' title='bbox 577 462 767 509; x_wconf 89' lang='lat' dir='ltr'>obtinere,</span> <span class='ocrx_word' id='word_1_47' title='bbox 789 463 954 499; x_wconf 85' lang='lat' dir='ltr'>alterum</span> <span class='ocrx_word' id='word_1_48' title='bbox 985 475 1070 499; x_wconf 91' lang='lat' dir='ltr'>esse</span> <span class='ocrx_word' id='word_1_49' title='bbox 1090 460 1358 511; x_wconf 87' lang='lat' dir='ltr'>quaesiturum</span> <span class='ocrx_word' id='word_1_50' title='bbox 1385 461 1435 499; x_wconf 87' lang='lat' dir='ltr'>de</span> 
     </span>
     <span class='ocr_line' id='line_1_7' title="bbox 106 525 1436 581; baseline -0.004 -13"><span class='ocrx_word' id='word_1_51' title='bbox 106 529 283 581; x_wconf 87' lang='lat' dir='ltr'>pecuniis</span> <span class='ocrx_word' id='word_1_52' title='bbox 312 527 561 579; x_wconf 89' lang='lat' dir='ltr'>repetundis;</span> <span class='ocrx_word' id='word_1_53' title='bbox 591 527 703 565; x_wconf 91' lang='lat' dir='ltr'>Verri</span> <span class='ocrx_word' id='word_1_54' title='bbox 734 541 783 565; x_wconf 88' lang='lat' dir='ltr'>ne</span> <span class='ocrx_word' id='word_1_55' title='bbox 813 526 944 564; x_wconf 88' lang='lat' dir='ltr'>noceri</span> <span class='ocrx_word' id='word_1_56' title='bbox 975 525 1098 576; x_wconf 82' lang='lat' dir='ltr'>possit</span> <span class='ocrx_word' id='word_1_57' title='bbox 1125 525 1257 564; x_wconf 86' lang='lat' dir='ltr'>multis</span> <span class='ocrx_word' id='word_1_58' title='bbox 1281 525 1436 563; x_wconf 90' lang='lat' dir='ltr'>rationi-</span> 
     </span>
     <span class='ocr_line' id='line_1_8' title="bbox 107 590 1433 644; baseline -0.005 -11"><span class='ocrx_word' id='word_1_59' title='bbox 107 596 180 633; x_wconf 85' lang='lat' dir='ltr'>bus</span> <span class='ocrx_word' id='word_1_60' title='bbox 209 608 293 633; x_wconf 86' lang='lat' dir='ltr'>esse</span> <span class='ocrx_word' id='word_1_61' title='bbox 323 593 546 644; x_wconf 84' lang='lat' dir='ltr'>provisum.&#39;</span> <span class='ocrx_word' id='word_1_62' title='bbox 603 592 711 641; x_wconf 84' lang='lat' dir='ltr'>Quid</span> <span class='ocrx_word' id='word_1_63' title='bbox 747 599 814 638; x_wconf 89' lang='lat' dir='ltr'>est,</span> <span class='ocrx_word' id='word_1_64' title='bbox 846 605 1006 641; x_wconf 77' lang='lat' dir='ltr'>quaeso,</span> <span class='ocrx_word' id='word_1_65' title='bbox 1040 592 1212 637; x_wconf 75' lang='lat' dir='ltr'>Metelle,</span> <span class='ocrx_word' id='word_1_66' title='bbox 1244 590 1433 629; x_wconf 89' lang='lat' dir='ltr'>iudicium</span> 
     </span>
     <span class='ocr_line' id='line_1_9' title="bbox 106 655 1432 709; baseline -0.004 -12"><span class='ocrx_word' id='word_1_67' title='bbox 106 672 375 709; x_wconf 74' lang='lat' dir='ltr'><strong>conrumpere,</strong></span> <span class='ocrx_word' id='word_1_68' title='bbox 416 658 447 696; x_wconf 89' lang='lat' dir='ltr'>si</span> <span class='ocrx_word' id='word_1_69' title='bbox 490 659 566 696; x_wconf 91' lang='lat' dir='ltr'>hoc</span> <span class='ocrx_word' id='word_1_70' title='bbox 605 671 685 695; x_wconf 87' lang='lat' dir='ltr'>non</span> <span class='ocrx_word' id='word_1_71' title='bbox 724 664 793 704; x_wconf 87' lang='lat' dir='ltr'>est,</span> <span class='ocrx_word' id='word_1_72' title='bbox 835 655 954 703; x_wconf 78' lang='lat' dir='ltr'>testis,</span> <span class='ocrx_word' id='word_1_73' title='bbox 995 655 1222 705; x_wconf 87' lang='lat' dir='ltr'>praesertim</span> <span class='ocrx_word' id='word_1_74' title='bbox 1268 655 1432 701; x_wconf 89' lang='lat' dir='ltr'>Siculos,</span> 
     </span>
     <span class='ocr_line' id='line_1_10' title="bbox 107 720 1435 769; baseline -0.003 -7"><span class='ocrx_word' id='word_1_75' title='bbox 107 724 266 763; x_wconf 85' lang='lat' dir='ltr'>timidos</span> <span class='ocrx_word' id='word_1_76' title='bbox 296 723 477 762; x_wconf 91' lang='lat' dir='ltr'>homines</span> <span class='ocrx_word' id='word_1_77' title='bbox 506 730 544 762; x_wconf 84' lang='lat' dir='ltr'>et</span> <span class='ocrx_word' id='word_1_78' title='bbox 573 722 764 769; x_wconf 85' lang='lat' dir='ltr'>adflictos,</span> <span class='ocrx_word' id='word_1_79' title='bbox 787 736 869 760; x_wconf 90' lang='lat' dir='ltr'>non</span> <span class='ocrx_word' id='word_1_80' title='bbox 899 722 1027 760; x_wconf 89' lang='lat' dir='ltr'>solum</span> <span class='ocrx_word' id='word_1_81' title='bbox 1053 720 1285 759; x_wconf 86' lang='lat' dir='ltr'>auctoritate</span> <span class='ocrx_word' id='word_1_82' title='bbox 1313 722 1435 759; x_wconf 87' lang='lat' dir='ltr'>deter-</span> 
     </span>
     <span class='ocr_line' id='line_1_11' title="bbox 51 786 1435 835; baseline -0.004 -7"><span class='ocrx_word' id='word_1_83' title='bbox 51 806 88 827; x_wconf 94' lang='lat'>10</span> <span class='ocrx_word' id='word_1_84' title='bbox 107 803 199 835; x_wconf 89' lang='lat' dir='ltr'>rere,</span> <span class='ocrx_word' id='word_1_85' title='bbox 240 789 309 827; x_wconf 91' lang='lat' dir='ltr'>sed</span> <span class='ocrx_word' id='word_1_86' title='bbox 357 788 474 826; x_wconf 89' lang='lat' dir='ltr'>etiam</span> <span class='ocrx_word' id='word_1_87' title='bbox 522 786 717 826; x_wconf 85' lang='lat' dir='ltr'>consulari</span> <span class='ocrx_word' id='word_1_88' title='bbox 765 794 873 825; x_wconf 91' lang='lat' dir='ltr'>metu</span> <span class='ocrx_word' id='word_1_89' title='bbox 916 793 955 824; x_wconf 89' lang='lat' dir='ltr'>et</span> <span class='ocrx_word' id='word_1_90' title='bbox 994 787 1164 824; x_wconf 92' lang='lat' dir='ltr'>duorum</span> <span class='ocrx_word' id='word_1_91' title='bbox 1213 792 1435 835; x_wconf 89' lang='lat' dir='ltr'>praetorum</span> 
     </span>
     <span class='ocr_line' id='line_1_12' title="bbox 106 850 1437 904; baseline -0.005 -11"><span class='ocrx_word' id='word_1_92' title='bbox 106 855 329 904; x_wconf 78' lang='lat' dir='ltr'>potestate?</span> <span class='ocrx_word' id='word_1_93' title='bbox 387 852 495 901; x_wconf 85' lang='lat' dir='ltr'>Quid</span> <span class='ocrx_word' id='word_1_94' title='bbox 534 854 680 890; x_wconf 85' lang='lat' dir='ltr'>faceres</span> <span class='ocrx_word' id='word_1_95' title='bbox 719 865 790 901; x_wconf 89' lang='lat' dir='ltr'>pro</span> <span class='ocrx_word' id='word_1_96' title='bbox 824 851 1037 889; x_wconf 84' lang='lat' dir='ltr'>innocente</span> <span class='ocrx_word' id='word_1_97' title='bbox 1075 850 1237 888; x_wconf 91' lang='lat' dir='ltr'>homine</span> <span class='ocrx_word' id='word_1_98' title='bbox 1275 858 1313 889; x_wconf 91' lang='lat' dir='ltr'>et</span> <span class='ocrx_word' id='word_1_99' title='bbox 1352 857 1437 900; x_wconf 89' lang='lat' dir='ltr'>pro-</span> 
     </span>
     <span class='ocr_line' id='line_1_13' title="bbox 106 914 1437 969; baseline -0.003 -13"><span class='ocrx_word' id='word_1_100' title='bbox 106 919 267 969; x_wconf 82' lang='lat' dir='ltr'>pinquo,</span> <span class='ocrx_word' id='word_1_101' title='bbox 304 931 394 956; x_wconf 90' lang='lat' dir='ltr'>cum</span> <span class='ocrx_word' id='word_1_102' title='bbox 427 924 584 967; x_wconf 89' lang='lat' dir='ltr'>propter</span> <span class='ocrx_word' id='word_1_103' title='bbox 618 916 822 954; x_wconf 90' lang='lat' dir='ltr'>hominem</span> <span class='ocrx_word' id='word_1_104' title='bbox 854 914 1161 965; x_wconf 88' lang='lat' dir='ltr'>perditissimum</span> <span class='ocrx_word' id='word_1_105' title='bbox 1196 922 1314 965; x_wconf 86' lang='lat' dir='ltr'>atque</span> <span class='ocrx_word' id='word_1_106' title='bbox 1348 914 1437 952; x_wconf 89' lang='lat' dir='ltr'>alie-</span> 
     </span>
     <span class='ocr_line' id='line_1_14' title="bbox 106 979 1437 1030; baseline -0.003 -9"><span class='ocrx_word' id='word_1_107' title='bbox 106 983 311 1021; x_wconf 89' lang='lat' dir='ltr'>nissimum</span> <span class='ocrx_word' id='word_1_108' title='bbox 341 983 391 1020; x_wconf 92' lang='lat' dir='ltr'>de</span> <span class='ocrx_word' id='word_1_109' title='bbox 421 981 551 1019; x_wconf 87' lang='lat' dir='ltr'>officio</span> <span class='ocrx_word' id='word_1_110' title='bbox 580 995 625 1019; x_wconf 83' lang='lat' dir='ltr'>ac</span> <span class='ocrx_word' id='word_1_111' title='bbox 654 980 845 1030; x_wconf 81' lang='lat' dir='ltr'>dignitate</span> <span class='ocrx_word' id='word_1_112' title='bbox 874 979 1045 1025; x_wconf 62' lang='lat' dir='ltr'>decedis</span> <span class='ocrx_word' id='word_1_113' title='bbox 1078 988 1116 1018; x_wconf 90' lang='lat' dir='ltr'>et</span> <span class='ocrx_word' id='word_1_114' title='bbox 1145 979 1360 1018; x_wconf 87' lang='lat' dir='ltr'>committis</span> <span class='ocrx_word' id='word_1_115' title='bbox 1395 987 1437 1017; x_wconf 90' lang='lat' dir='ltr'>ut</span> 
     </span>
     <span class='ocr_line' id='line_1_15' title="bbox 106 1044 1463 1098; baseline -0.003 -12"><span class='ocrx_word' id='word_1_116' title='bbox 106 1049 214 1098; x_wconf 86' lang='lat' dir='ltr'>quod</span> <span class='ocrx_word' id='word_1_117' title='bbox 240 1047 303 1085; x_wconf 90' lang='lat' dir='ltr'>ille</span> <span class='ocrx_word' id='word_1_118' title='bbox 323 1046 476 1085; x_wconf 88' lang='lat' dir='ltr'>dictitat</span> <span class='ocrx_word' id='word_1_119' title='bbox 501 1045 616 1084; x_wconf 83' lang='lat' dir='ltr'>alicui</span> <span class='ocrx_word' id='word_1_120' title='bbox 637 1046 704 1095; x_wconf 84' lang='lat' dir='ltr'>qui</span> <span class='ocrx_word' id='word_1_121' title='bbox 732 1053 769 1083; x_wconf 92' lang='lat' dir='ltr'>te</span> <span class='ocrx_word' id='word_1_122' title='bbox 797 1045 948 1095; x_wconf 77' lang='lat' dir='ltr'>ignoret</span> <span class='ocrx_word' id='word_1_123' title='bbox 968 1059 1102 1083; x_wconf 89' lang='lat' dir='ltr'>verum</span> <span class='ocrx_word' id='word_1_124' title='bbox 1124 1058 1209 1082; x_wconf 89' lang='lat' dir='ltr'>esse</span> <span class='ocrx_word' id='word_1_125' title='bbox 1230 1044 1436 1083; x_wconf 87' lang='lat' dir='ltr'>videatur?</span> <span class='ocrx_word' id='word_1_126' title='bbox 1458 1067 1463 1072; x_wconf 72' lang='lat'>,</span> 
     </span>
     <span class='ocr_line' id='line_1_16' title="bbox 50 1110 1495 1161; baseline -0.005 -10"><span class='ocrx_word' id='word_1_127' title='bbox 50 1128 86 1161; x_wconf 88' lang='lat'>15</span> <span class='ocrx_word' id='word_1_128' title='bbox 107 1114 211 1151; x_wconf 86' lang='lat' dir='ltr'>Nam</span> <span class='ocrx_word' id='word_1_129' title='bbox 246 1114 322 1150; x_wconf 92' lang='lat' dir='ltr'>hoc</span> <span class='ocrx_word' id='word_1_130' title='bbox 351 1113 513 1149; x_wconf 87' lang='lat' dir='ltr'>Verrem</span> <span class='ocrx_word' id='word_1_131' title='bbox 544 1111 674 1149; x_wconf 88' lang='lat' dir='ltr'>dicere</span> <span class='ocrx_word' id='word_1_132' title='bbox 702 1110 872 1156; x_wconf 78' lang='lat' dir='ltr'>aiebant,</span> <span class='ocrx_word' id='word_1_133' title='bbox 904 1117 942 1147; x_wconf 91' lang='lat' dir='ltr'>te</span> <span class='ocrx_word' id='word_1_134' title='bbox 972 1124 1052 1148; x_wconf 92' lang='lat' dir='ltr'>non</span> <span class='ocrx_word' id='word_1_135' title='bbox 1088 1111 1177 1155; x_wconf 80' lang='lat' dir='ltr'>fato,</span> <span class='ocrx_word' id='word_1_136' title='bbox 1211 1116 1252 1147; x_wconf 86' lang='lat' dir='ltr'>ut</span> <span class='ocrx_word' id='word_1_137' title='bbox 1284 1117 1434 1148; x_wconf 90' lang='lat' dir='ltr'>ceteros</span> <span class='ocrx_word' id='word_1_138' title='bbox 1458 1124 1495 1155; x_wconf 86' lang='lat'>29</span> 
     </span>
     <span class='ocr_line' id='line_1_17' title="bbox 106 1176 1435 1232; baseline -0.004 -16"><span class='ocrx_word' id='word_1_139' title='bbox 106 1192 152 1216; x_wconf 83' lang='lat' dir='ltr'>ex</span> <span class='ocrx_word' id='word_1_140' title='bbox 182 1185 307 1216; x_wconf 87' lang='lat' dir='ltr'>vestra</span> <span class='ocrx_word' id='word_1_141' title='bbox 340 1176 496 1222; x_wconf 86' lang='lat' dir='ltr'>familia,</span> <span class='ocrx_word' id='word_1_142' title='bbox 529 1177 598 1214; x_wconf 88' lang='lat' dir='ltr'>sed</span> <span class='ocrx_word' id='word_1_143' title='bbox 618 1188 850 1232; x_wconf 23' lang='lat' dir='ltr'>*operamsua</span> <span class='ocrx_word' id='word_1_144' title='bbox 883 1176 1087 1213; x_wconf 88' lang='lat' dir='ltr'>consulem</span> <span class='ocrx_word' id='word_1_145' title='bbox 1123 1176 1280 1212; x_wconf 87' lang='lat' dir='ltr'>factum.</span> <span class='ocrx_word' id='word_1_146' title='bbox 1343 1176 1435 1212; x_wconf 90' lang='lat' dir='ltr'>Duo</span> 
     </span>
     <span class='ocr_line' id='line_1_18' title="bbox 106 1231 1432 1292; baseline -0.003 -12"><span class='ocrx_word' id='word_1_147' title='bbox 106 1242 220 1292; x_wconf 91' lang='lat' dir='ltr'>igitur</span> <span class='ocrx_word' id='word_1_148' title='bbox 267 1243 449 1280; x_wconf 87' lang='lat' dir='ltr'>consules</span> <span class='ocrx_word' id='word_1_149' title='bbox 497 1248 535 1279; x_wconf 88' lang='lat' dir='ltr'>et</span> <span class='ocrx_word' id='word_1_150' title='bbox 574 1231 773 1290; x_wconf 75' lang='lat' dir='ltr'>quaesitor</span> <span class='ocrx_word' id='word_1_151' title='bbox 820 1247 934 1278; x_wconf 88' lang='lat' dir='ltr'>erunt</span> <span class='ocrx_word' id='word_1_152' title='bbox 981 1253 1027 1277; x_wconf 79' lang='lat' dir='ltr'>ex</span> <span class='ocrx_word' id='word_1_153' title='bbox 1076 1238 1177 1276; x_wconf 91' lang='lat' dir='ltr'>illius</span> <span class='ocrx_word' id='word_1_154' title='bbox 1221 1240 1432 1277; x_wconf 90' lang='lat' dir='ltr'>voluntate.</span> 
     </span>
     <span class='ocr_line' id='line_1_19' title="bbox 109 1304 1436 1355; baseline -0.002 -9"><span class='ocrx_word' id='word_1_155' title='bbox 109 1309 226 1346; x_wconf 91' lang='lat' dir='ltr'>‘Non</span> <span class='ocrx_word' id='word_1_156' title='bbox 261 1309 387 1345; x_wconf 83' lang='lat' dir='ltr'>solum</span> <span class='ocrx_word' id='word_1_157' title='bbox 419 1305 674 1355; x_wconf 83' lang='lat' dir='ltr'>effugiemus,&#39;</span> <span class='ocrx_word' id='word_1_158' title='bbox 705 1304 842 1355; x_wconf 85' lang='lat' dir='ltr'>inquit,</span> <span class='ocrx_word' id='word_1_159' title='bbox 878 1304 1102 1343; x_wconf 84' lang='lat' dir='ltr'>‘hominem</span> <span class='ocrx_word' id='word_1_160' title='bbox 1138 1304 1177 1342; x_wconf 90' lang='lat' dir='ltr'>in</span> <span class='ocrx_word' id='word_1_161' title='bbox 1208 1306 1436 1354; x_wconf 84' lang='lat' dir='ltr'>quaerendo</span> 
     </span>
     <span class='ocr_line' id='line_1_20' title="bbox 105 1369 1435 1421; baseline -0.003 -11"><span class='ocrx_word' id='word_1_162' title='bbox 105 1372 271 1410; x_wconf 90' lang='lat' dir='ltr'>nimium</span> <span class='ocrx_word' id='word_1_163' title='bbox 310 1371 549 1421; x_wconf 87' lang='lat' dir='ltr'>diligentem,</span> <span class='ocrx_word' id='word_1_164' title='bbox 592 1370 757 1408; x_wconf 90' lang='lat' dir='ltr'>nimium</span> <span class='ocrx_word' id='word_1_165' title='bbox 797 1369 1028 1408; x_wconf 87' lang='lat' dir='ltr'>servientem</span> <span class='ocrx_word' id='word_1_166' title='bbox 1070 1369 1205 1419; x_wconf 91' lang='lat' dir='ltr'>populi</span> <span class='ocrx_word' id='word_1_167' title='bbox 1245 1369 1435 1407; x_wconf 81' lang='lat' dir='ltr'>existima-</span> 
     </span>
     <span class='ocr_line' id='line_1_21' title="bbox 48 1433 1435 1484; baseline -0.001 -12"><span class='ocrx_word' id='word_1_168' title='bbox 48 1452 87 1473; x_wconf 92' lang='lat'>20</span> <span class='ocrx_word' id='word_1_169' title='bbox 105 1437 213 1484; x_wconf 88' lang='lat' dir='ltr'>tioni‚</span> <span class='ocrx_word' id='word_1_170' title='bbox 247 1438 314 1474; x_wconf 89' lang='lat' dir='ltr'>M&#39;.</span> <span class='ocrx_word' id='word_1_171' title='bbox 341 1435 621 1481; x_wconf 64' lang='lat' dir='ltr'>Glabrionem,</span> <span class='ocrx_word' id='word_1_172' title='bbox 655 1435 819 1473; x_wconf 88' lang='lat' dir='ltr'>accedet</span> <span class='ocrx_word' id='word_1_173' title='bbox 849 1434 966 1472; x_wconf 89' lang='lat' dir='ltr'>etiam</span> <span class='ocrx_word' id='word_1_174' title='bbox 997 1434 1111 1472; x_wconf 88' lang='lat' dir='ltr'>nobis</span> <span class='ocrx_word' id='word_1_175' title='bbox 1142 1433 1249 1472; x_wconf 89' lang='lat' dir='ltr'>illud.</span> <span class='ocrx_word' id='word_1_176' title='bbox 1310 1434 1435 1472; x_wconf 86' lang='lat' dir='ltr'>Iudex</span> 
     </span>
     <span class='ocr_line' id='line_1_22' title="bbox 104 1499 1434 1550; baseline -0.004 -9"><span class='ocrx_word' id='word_1_177' title='bbox 104 1510 163 1540; x_wconf 87' lang='lat' dir='ltr'>est</span> <span class='ocrx_word' id='word_1_178' title='bbox 185 1505 243 1540; x_wconf 88' lang='lat' dir='ltr'>M.</span> <span class='ocrx_word' id='word_1_179' title='bbox 262 1501 490 1548; x_wconf 83' lang='lat' dir='ltr'>Caesonius,</span> <span class='ocrx_word' id='word_1_180' title='bbox 515 1502 680 1550; x_wconf 89' lang='lat' dir='ltr'>conlega</span> <span class='ocrx_word' id='word_1_181' title='bbox 700 1500 821 1538; x_wconf 88' lang='lat' dir='ltr'>nostri</span> <span class='ocrx_word' id='word_1_182' title='bbox 843 1499 1091 1546; x_wconf 51' lang='lat' dir='ltr'>accusatoris</span> <span class='ocrx_word' id='word_1_183' title='bbox 1116 1500 1237 1537; x_wconf 85' lang='lat' dir='ltr'>homo</span> <span class='ocrx_word' id='word_1_184' title='bbox 1258 1499 1297 1536; x_wconf 87' lang='lat' dir='ltr'>in</span> <span class='ocrx_word' id='word_1_185' title='bbox 1319 1499 1434 1536; x_wconf 91' lang='lat' dir='ltr'>rebus</span> 
     </span>
     <span class='ocr_line' id='line_1_23' title="bbox 105 1564 1435 1617; baseline -0.004 -11"><span class='ocrx_word' id='word_1_186' title='bbox 105 1567 325 1606; x_wconf 88' lang='lat' dir='ltr'>iudicandis</span> <span class='ocrx_word' id='word_1_187' title='bbox 365 1574 562 1617; x_wconf 86' lang='lat' dir='ltr'>spectatus</span> <span class='ocrx_word' id='word_1_188' title='bbox 601 1573 640 1604; x_wconf 90' lang='lat' dir='ltr'>et</span> <span class='ocrx_word' id='word_1_189' title='bbox 674 1565 866 1615; x_wconf 88' lang='lat' dir='ltr'>cognitus,</span> <span class='ocrx_word' id='word_1_190' title='bbox 902 1579 1021 1615; x_wconf 86' lang='lat' dir='ltr'>quem</span> <span class='ocrx_word' id='word_1_191' title='bbox 1058 1564 1219 1602; x_wconf 86' lang='lat' dir='ltr'>minime</span> <span class='ocrx_word' id='word_1_192' title='bbox 1253 1564 1435 1614; x_wconf 85' lang='lat' dir='ltr'>expediat</span> 
     </span>
     <span class='ocr_line' id='line_1_24' title="bbox 104 1629 1435 1681; baseline -0.003 -10"><span class='ocrx_word' id='word_1_193' title='bbox 104 1647 189 1672; x_wconf 90' lang='lat' dir='ltr'>esse</span> <span class='ocrx_word' id='word_1_194' title='bbox 219 1633 258 1670; x_wconf 93' lang='lat' dir='ltr'>in</span> <span class='ocrx_word' id='word_1_195' title='bbox 288 1646 336 1671; x_wconf 89' lang='lat' dir='ltr'>eo</span> <span class='ocrx_word' id='word_1_196' title='bbox 365 1632 530 1670; x_wconf 90' lang='lat' dir='ltr'>consilio</span> <span class='ocrx_word' id='word_1_197' title='bbox 560 1632 669 1681; x_wconf 81' lang='lat' dir='ltr'>quod</span> <span class='ocrx_word' id='word_1_198' title='bbox 698 1644 888 1668; x_wconf 90' lang='lat' dir='ltr'>conemur</span> <span class='ocrx_word' id='word_1_199' title='bbox 917 1630 1048 1680; x_wconf 85' lang='lat' dir='ltr'>aliqua</span> <span class='ocrx_word' id='word_1_200' title='bbox 1077 1629 1227 1668; x_wconf 84' lang='lat' dir='ltr'>ratione</span> <span class='ocrx_word' id='word_1_201' title='bbox 1256 1643 1435 1667; x_wconf 86' lang='lat' dir='ltr'>conrum-</span> 
     </span>
     <span class='ocr_line' id='line_1_25' title="bbox 106 1694 1435 1748; baseline -0.004 -12"><span class='ocrx_word' id='word_1_202' title='bbox 106 1712 208 1748; x_wconf 90' lang='lat' dir='ltr'>pere,</span> <span class='ocrx_word' id='word_1_203' title='bbox 245 1705 450 1748; x_wconf 89' lang='lat' dir='ltr'>propterea</span> <span class='ocrx_word' id='word_1_204' title='bbox 484 1697 592 1746; x_wconf 86' lang='lat' dir='ltr'>quod</span> <span class='ocrx_word' id='word_1_205' title='bbox 627 1696 703 1733; x_wconf 84' lang='lat' dir='ltr'>iam</span> <span class='ocrx_word' id='word_1_206' title='bbox 739 1702 865 1741; x_wconf 88' lang='lat' dir='ltr'>antea,</span> <span class='ocrx_word' id='word_1_207' title='bbox 902 1709 992 1732; x_wconf 91' lang='lat' dir='ltr'>cum</span> <span class='ocrx_word' id='word_1_208' title='bbox 1028 1695 1145 1733; x_wconf 85' lang='lat' dir='ltr'>iudex</span> <span class='ocrx_word' id='word_1_209' title='bbox 1184 1694 1224 1732; x_wconf 93' lang='lat' dir='ltr'>in</span> <span class='ocrx_word' id='word_1_210' title='bbox 1265 1694 1435 1732; x_wconf 88' lang='lat' dir='ltr'>Iuniano</span> 
     </span>
     <span class='ocr_line' id='line_1_26' title="bbox 47 1759 1432 1811; baseline -0.004 -9"><span class='ocrx_word' id='word_1_211' title='bbox 47 1779 85 1810; x_wconf 86' lang='lat'>25</span> <span class='ocrx_word' id='word_1_212' title='bbox 106 1763 271 1802; x_wconf 90' lang='lat' dir='ltr'>consilio</span> <span class='ocrx_word' id='word_1_213' title='bbox 320 1762 465 1809; x_wconf 84' lang='lat' dir='ltr'>fuisset,</span> <span class='ocrx_word' id='word_1_214' title='bbox 516 1761 784 1811; x_wconf 86' lang='lat' dir='ltr'>turpissimum</span> <span class='ocrx_word' id='word_1_215' title='bbox 833 1760 929 1798; x_wconf 89' lang='lat' dir='ltr'>illud</span> <span class='ocrx_word' id='word_1_216' title='bbox 978 1759 1128 1798; x_wconf 89' lang='lat' dir='ltr'>facinus</span> <span class='ocrx_word' id='word_1_217' title='bbox 1179 1773 1257 1797; x_wconf 89' lang='lat' dir='ltr'>non</span> <span class='ocrx_word' id='word_1_218' title='bbox 1305 1760 1432 1797; x_wconf 89' lang='lat' dir='ltr'>solum</span> 
     </span>
     <span class='ocr_line' id='line_1_27' title="bbox 104 1823 1432 1879; baseline -0.004 -13"><span class='ocrx_word' id='word_1_219' title='bbox 104 1828 269 1879; x_wconf 86' lang='lat' dir='ltr'>graviter</span> <span class='ocrx_word' id='word_1_220' title='bbox 289 1827 387 1874; x_wconf 85' lang='lat' dir='ltr'>tulit,</span> <span class='ocrx_word' id='word_1_221' title='bbox 406 1828 475 1865; x_wconf 85' lang='lat' dir='ltr'>secl</span> <span class='ocrx_word' id='word_1_222' title='bbox 496 1826 613 1864; x_wconf 85' lang='lat' dir='ltr'>etiam</span> <span class='ocrx_word' id='word_1_223' title='bbox 636 1826 675 1863; x_wconf 92' lang='lat' dir='ltr'>in</span> <span class='ocrx_word' id='word_1_224' title='bbox 697 1825 871 1864; x_wconf 89' lang='lat' dir='ltr'>medium</span> <span class='ocrx_word' id='word_1_225' title='bbox 894 1824 1064 1874; x_wconf 84' lang='lat' dir='ltr'>protulit.</span> <span class='ocrx_word' id='word_1_226' title='bbox 1119 1826 1240 1862; x_wconf 90' lang='lat' dir='ltr'>Hunc</span> <span class='ocrx_word' id='word_1_227' title='bbox 1262 1823 1432 1862; x_wconf 89' lang='lat' dir='ltr'>iudicem</span> 
     </span>
     <span class='ocr_line' id='line_1_28' title="bbox 105 1889 1495 1938; baseline -0.004 -8"><span class='ocrx_word' id='word_1_228' title='bbox 105 1906 152 1930; x_wconf 90' lang='lat' dir='ltr'>ex</span> <span class='ocrx_word' id='word_1_229' title='bbox 191 1892 384 1930; x_wconf 83' lang='lat' dir='ltr'>Kalendis</span> <span class='ocrx_word' id='word_1_230' title='bbox 424 1890 614 1929; x_wconf 85' lang='lat' dir='ltr'>Ianuariis</span> <span class='ocrx_word' id='word_1_231' title='bbox 648 1903 728 1928; x_wconf 89' lang='lat' dir='ltr'>non</span> <span class='ocrx_word' id='word_1_232' title='bbox 768 1889 1026 1936; x_wconf 87' lang='lat' dir='ltr'>habebimus;</span> <span class='ocrx_word' id='word_1_233' title='bbox 1074 1891 1124 1938; x_wconf 83' lang='lat' dir='ltr'>Q.</span> <span class='ocrx_word' id='word_1_234' title='bbox 1162 1889 1357 1926; x_wconf 90' lang='lat' dir='ltr'>Manlium</span> <span class='ocrx_word' id='word_1_235' title='bbox 1396 1896 1433 1926; x_wconf 91' lang='lat' dir='ltr'>et</span> <span class='ocrx_word' id='word_1_236' title='bbox 1455 1902 1495 1931; x_wconf 73' lang='lat'>30</span> 
     </span>
     <span class='ocr_line' id='line_1_29' title="bbox 106 1953 1433 2005; baseline -0.002 -11"><span class='ocrx_word' id='word_1_237' title='bbox 106 1958 155 2005; x_wconf 86' lang='lat' dir='ltr'>Q.</span> <span class='ocrx_word' id='word_1_238' title='bbox 205 1956 474 2003; x_wconf 85' lang='lat' dir='ltr'>Cornificium,</span> <span class='ocrx_word' id='word_1_239' title='bbox 526 1957 626 1994; x_wconf 92' lang='lat' dir='ltr'>duos</span> <span class='ocrx_word' id='word_1_240' title='bbox 674 1955 939 1994; x_wconf 87' lang='lat' dir='ltr'>severissimos</span> <span class='ocrx_word' id='word_1_241' title='bbox 990 1963 1109 2004; x_wconf 83' lang='lat' dir='ltr'>atque</span> <span class='ocrx_word' id='word_1_242' title='bbox 1164 1953 1433 2003; x_wconf 86' lang='lat' dir='ltr'>integerrimos</span> 
     </span>
     <span class='ocr_line' id='line_1_30' title="bbox 105 2019 1434 2071; baseline -0.003 -11"><span class='ocrx_word' id='word_1_243' title='bbox 105 2021 264 2068; x_wconf 89' lang='lat' dir='ltr'>iudices,</span> <span class='ocrx_word' id='word_1_244' title='bbox 288 2022 396 2071; x_wconf 84' lang='lat' dir='ltr'>quod</span> <span class='ocrx_word' id='word_1_245' title='bbox 426 2020 571 2059; x_wconf 90' lang='lat' dir='ltr'>tribuni</span> <span class='ocrx_word' id='word_1_246' title='bbox 601 2020 726 2070; x_wconf 91' lang='lat' dir='ltr'>plebis</span> <span class='ocrx_word' id='word_1_247' title='bbox 756 2028 839 2058; x_wconf 92' lang='lat' dir='ltr'>tum</span> <span class='ocrx_word' id='word_1_248' title='bbox 870 2028 992 2067; x_wconf 87' lang='lat' dir='ltr'>erunt,</span> <span class='ocrx_word' id='word_1_249' title='bbox 1029 2019 1178 2058; x_wconf 88' lang='lat' dir='ltr'>iudices</span> <span class='ocrx_word' id='word_1_250' title='bbox 1208 2033 1288 2056; x_wconf 90' lang='lat' dir='ltr'>non</span> <span class='ocrx_word' id='word_1_251' title='bbox 1319 2019 1434 2056; x_wconf 88' lang='lat' dir='ltr'>habe-</span> 
     </span>
     <span class='ocr_line' id='line_1_31' title="bbox 51 2081 1431 2134; baseline -0.003 -12"><span class='ocrx_word' id='word_1_252' title='bbox 51 2100 87 2131; x_wconf 67' lang='lat'>30</span> <span class='ocrx_word' id='word_1_253' title='bbox 106 2085 259 2133; x_wconf 79' lang='lat' dir='ltr'>bimus3</span> <span class='ocrx_word' id='word_1_254' title='bbox 299 2087 339 2122; x_wconf 89' lang='lat' dir='ltr'>P.</span> <span class='ocrx_word' id='word_1_255' title='bbox 373 2084 579 2134; x_wconf 50' lang='lat' dir='ltr'>Sulpicius</span> <span class='ocrx_word' id='word_1_256' title='bbox 612 2083 730 2122; x_wconf 79' lang='lat' dir='ltr'>iudex</span> <span class='ocrx_word' id='word_1_257' title='bbox 761 2083 877 2121; x_wconf 87' lang='lat' dir='ltr'>tristis</span> <span class='ocrx_word' id='word_1_258' title='bbox 907 2091 945 2121; x_wconf 96' lang='lat' dir='ltr'>et</span> <span class='ocrx_word' id='word_1_259' title='bbox 975 2083 1133 2132; x_wconf 86' lang='lat' dir='ltr'>integer,</span> <span class='ocrx_word' id='word_1_260' title='bbox 1166 2081 1431 2131; x_wconf 88' lang='lat' dir='ltr'>magistratum</span> 
     </span>
    </p>
   </div>
   <div class='ocr_carea' id='block_1_3' title="bbox 101 2185 1433 2358">
    <p class='ocr_par' dir='ltr' id='par_1_3' title="bbox 101 2185 1433 2358">
     <span class='ocr_line' id='line_1_32' title="bbox 149 2185 1430 2227; baseline -0.004 -7"><span class='ocrx_word' id='word_1_261' title='bbox 149 2199 169 2227; x_wconf 85' lang='lat'><strong>3</strong></span> <span class='ocrx_word' id='word_1_262' title='bbox 194 2189 235 2227; x_wconf 85' lang='lat' dir='ltr'>Q.</span> <span class='ocrx_word' id='word_1_263' title='bbox 259 2188 417 2219; x_wconf 85' lang='lat' dir='ltr'>Metellus</span> <span class='ocrx_word' id='word_1_264' title='bbox 434 2188 523 2219; x_wconf 83' lang='lat' dir='ltr'>codd.</span> <span class='ocrx_word' id='word_1_265' title='bbox 543 2199 550 2218; x_wconf 81' lang='lat' dir='ltr'><em>z</em></span> <span class='ocrx_word' id='word_1_266' title='bbox 574 2198 652 2218; x_wconf 79' lang='lat' dir='ltr'>corr.</span> <span class='ocrx_word' id='word_1_267' title='bbox 672 2187 860 2227; x_wconf 80' lang='lat' dir='ltr'>Naugerius</span> <span class='ocrx_word' id='word_1_268' title='bbox 969 2189 990 2217; x_wconf 91' lang='lat'><strong>6</strong></span> <span class='ocrx_word' id='word_1_269' title='bbox 1015 2191 1129 2226; x_wconf 88' lang='lat' dir='ltr'>posset</span> <span class='ocrx_word' id='word_1_270' title='bbox 1147 2185 1286 2216; x_wconf 81' lang='lat' dir='ltr'>Mueller</span> <span class='ocrx_word' id='word_1_271' title='bbox 1396 2196 1430 2215; x_wconf 88' lang='lat'>11</span> 
     </span>
     <span class='ocr_line' id='line_1_33' title="bbox 107 2229 1433 2272; baseline -0.002 -10"><span class='ocrx_word' id='word_1_272' title='bbox 107 2237 275 2271; x_wconf 83' lang='lat' dir='ltr'>potestate</span> <span class='ocrx_word' id='word_1_273' title='bbox 292 2232 327 2262; x_wconf 91' lang='lat' dir='ltr'><em>D</em></span> <span class='ocrx_word' id='word_1_274' title='bbox 340 2237 370 2262; x_wconf 81' lang='lat' dir='ltr'>et</span> <span class='ocrx_word' id='word_1_275' title='bbox 382 2232 430 2272; x_wconf 78' lang='lat' dir='ltr'>(in</span> <span class='ocrx_word' id='word_1_276' title='bbox 450 2232 531 2269; x_wconf 76' lang='lat' dir='ltr'>ras.)</span> <span class='ocrx_word' id='word_1_277' title='bbox 545 2237 578 2272; x_wconf 65' lang='lat' dir='ltr'>p,</span> <span class='ocrx_word' id='word_1_278' title='bbox 592 2232 635 2262; x_wconf 85' lang='lat' dir='ltr'>al.</span> <span class='ocrx_word' id='word_1_279' title='bbox 656 2243 662 2261; x_wconf 84' lang='lat' dir='ltr'>z</span> <span class='ocrx_word' id='word_1_280' title='bbox 686 2232 861 2262; x_wconf 87' lang='lat' dir='ltr'>voluntate</span> <span class='ocrx_word' id='word_1_281' title='bbox 877 2230 918 2261; x_wconf 88' lang='lat' dir='ltr'>al.</span> <span class='ocrx_word' id='word_1_282' title='bbox 941 2235 1109 2269; x_wconf 85' lang='lat' dir='ltr'>potestate</span> <span class='ocrx_word' id='word_1_283' title='bbox 1127 2229 1155 2258; x_wconf 92' lang='lat' dir='ltr'><em>L</em></span> <span class='ocrx_word' id='word_1_284' title='bbox 1295 2229 1433 2260; x_wconf 85' lang='lat' dir='ltr'>homine</span> 
     </span>
     <span class='ocr_line' id='line_1_34' title="bbox 107 2271 1430 2315; baseline -0.002 -10"><span class='ocrx_word' id='word_1_285' title='bbox 107 2276 287 2306; x_wconf 84' lang='lat' dir='ltr'>innocente</span> <span class='ocrx_word' id='word_1_286' title='bbox 302 2275 341 2305; x_wconf 78' lang='lat' dir='ltr'>nb</span> <span class='ocrx_word' id='word_1_287' title='bbox 431 2285 471 2313; x_wconf 76' lang='lat'>23</span> <span class='ocrx_word' id='word_1_288' title='bbox 495 2285 537 2305; x_wconf 82' lang='lat' dir='ltr'>eo</span> <span class='ocrx_word' id='word_1_289' title='bbox 554 2286 622 2305; x_wconf 77' lang='lat' dir='ltr'>om.</span> <span class='ocrx_word' id='word_1_290' title='bbox 644 2274 757 2315; x_wconf 70' lang='lat' dir='ltr'><em>G2LK</em></span> <span class='ocrx_word' id='word_1_291' title='bbox 854 2285 893 2313; x_wconf 82' lang='lat'>27</span> <span class='ocrx_word' id='word_1_292' title='bbox 921 2274 995 2304; x_wconf 84' lang='lat' dir='ltr'>Kal.</span> <span class='ocrx_word' id='word_1_293' title='bbox 1018 2273 1103 2304; x_wconf 89' lang='lat' dir='ltr'>Iunii</span> <span class='ocrx_word' id='word_1_294' title='bbox 1120 2271 1242 2303; x_wconf 87' lang='lat' dir='ltr'><em>DKZ:</em></span> <span class='ocrx_word' id='word_1_295' title='bbox 1268 2273 1343 2303; x_wconf 86' lang='lat' dir='ltr'>Kal.</span> <span class='ocrx_word' id='word_1_296' title='bbox 1364 2273 1430 2303; x_wconf 71' lang='lat' dir='ltr'>iun.</span> 
     </span>
     <span class='ocr_line' id='line_1_35' title="bbox 101 2319 599 2358; baseline -0.002 -8"><span class='ocrx_word' id='word_1_297' title='bbox 101 2323 148 2358; x_wconf 85' lang='lat' dir='ltr'>pq</span> <span class='ocrx_word' id='word_1_298' title='bbox 236 2319 397 2350; x_wconf 87' lang='lat' dir='ltr'>habemus</span> <span class='ocrx_word' id='word_1_299' title='bbox 411 2319 542 2358; x_wconf 63' lang='lat' dir='ltr'>DGlpq</span> <span class='ocrx_word' id='word_1_300' title='bbox 557 2319 599 2349; x_wconf 83' lang='lat' dir='ltr'>al.</span> 
     </span>
    </p>
   </div>
   <div class='ocr_carea' id='block_1_4' title="bbox 1309 2371 1346 2402">
    <p class='ocr_par' dir='ltr' id='par_1_4' title="bbox 1309 2371 1346 2402">
     <span class='ocr_line' id='line_1_36' title="bbox 1309 2371 1346 2402; baseline 0 -13"><span class='ocrx_word' id='word_1_301' title='bbox 1309 2371 1346 2402; x_wconf 72' lang='lat'>3*</span> 
     </span>
    </p>
   </div>
   <div class='ocr_carea' id='block_1_5' title="bbox 1454 582 1500 663">
    <p class='ocr_par' dir='ltr' id='par_1_5' title="bbox 1454 582 1500 663">
     <span class='ocr_line' id='line_1_37' title="bbox 1454 582 1500 608; baseline 0 0"><span class='ocrx_word' id='word_1_302' title='bbox 1454 582 1500 608; x_wconf 94' lang='lat'>10</span> 
     </span>
     <span class='ocr_line' id='line_1_38' title="bbox 1456 633 1496 663; baseline 0.025 -1"><span class='ocrx_word' id='word_1_303' title='bbox 1456 633 1496 663; x_wconf 85' lang='lat'>28</span> 
     </span>
    </p>
   </div>
  </div>
 </body>
</html>
