1715 2734
171 108 224 145 30
246 105 286 147 78
616 99 673 136 M.
697 98 865 136 TVLLI
897 98 1206 138 CICERONIS

181 219 220 258 78
300 213 351 249 Et
381 225 487 250 nunc
518 210 703 261 cuiquam
738 211 857 249 credo
889 224 975 250 esse
1005 210 1172 250 dubium
1208 213 1304 262 quin
1336 220 1377 251 tu
1406 214 1445 252 id
1475 226 1577 252 com-

245 276 433 314 missurus
455 289 534 314 non
557 275 971 325 fueris,—--praesertim
1001 289 1093 314 curn
1119 276 1333 325 statuisses,
1355 285 1397 315 ut
1418 279 1485 324 ais,
1508 278 1578 316 tibi

243 353 402 378 causam
420 353 504 379 esse
519 339 843 386 dicendam,—ut
863 340 928 379 ille
947 340 1180 391 archipirata
1200 355 1281 380 non
1302 342 1432 391 potius
1453 342 1578 381 securi

243 405 418 444 feriretur
438 419 569 456 quam,
591 407 699 455 quod
721 413 801 444 erat
821 413 913 444 ante
940 408 1076 445 oculos
1102 406 1286 456 positum,
1309 415 1378 445 tuo
1405 407 1579 457 periculo

242 471 388 510 viveret
407 474 414 509 1
463 473 501 509 Si
524 472 628 509 enim
650 478 752 509 esset
773 478 962 518 mortuus,
980 479 1033 519 tu,
1056 471 1123 521 qui
1143 473 1291 510 crimen
1312 472 1368 510 ais
1399 480 1436 510 te
1458 480 1580 511 metu·
1600 485 1618 516 5

241 537 327 584 isse,
345 550 502 587 quaero,
520 535 583 574 cui
604 536 788 586 probares
805 538 821 575 ?
864 537 968 576 Cum
989 544 1185 575 constaret
1205 536 1322 575 istum
1340 537 1538 587 Syracusis
1557 550 1580 576 a

242 604 351 640 nullo
385 602 511 640 visum
546 615 632 640 esse
665 602 952 652 archipiratam,
984 602 1035 641 ab
1074 603 1260 641 omnibus
1299 602 1577 651 desideratum,

241 681 332 705 cum
363 668 560 706 dubitaret
591 680 710 705 nemo
745 667 840 717 quin
874 668 946 705 abs
980 675 1018 705 te
1050 668 1218 718 pecunia
1251 668 1437 707 liberatus
1465 675 1578 716 esset,

241 746 332 771 cum
354 735 471 783 vulgo
491 734 744 783 loquerentur
765 732 1014 783 suppositum
1042 733 1081 771 in
1103 733 1186 772 eius
1214 735 1345 772 locum
1367 747 1485 783 quem
1507 747 1578 784 pro

241 799 308 837 illo
335 800 502 849 probare
522 800 653 846 velles,
676 812 767 837 cum
789 806 830 836 tu
861 806 899 837 te
928 800 1053 836 fassus
1084 812 1188 837 esses
1218 798 1259 837 id
1289 799 1436 837 crimen
1467 806 1578 837 tanto
1601 814 1639 836 10

240 871 332 902 ante
347 859 533 902 metuisse
551 879 558 902 :
589 865 619 902 si
637 877 727 902 eum
743 863 894 902 diceres
909 877 994 902 esse
1010 871 1222 911 mortuum,
1239 863 1326 913 quis
1344 871 1382 902 te
1395 863 1578 902 audiret?

181 936 219 972 79
241 929 361 967 Nunc
390 942 481 967 cum
511 928 643 967 vivum
674 928 809 967 nescio
838 942 956 978 quem
989 930 1106 967 istum
1139 928 1335 979 producis,
1371 937 1504 968 tamen
1540 938 1578 968 te

239 994 408 1032 derideri
438 995 559 1033 vides.
619 995 761 1042 Quid?
791 993 821 1031 si
851 995 1075 1044 aufugisset,
1109 995 1139 1032 si
1170 994 1299 1033 vincla
1329 995 1495 1045 rupisset
1525 995 1577 1034 ita

239 1067 281 1098 ut
317 1060 431 1107 Nico,
466 1061 530 1098 ille
565 1059 832 1098 nobilissimus
867 1059 1003 1109 pirata,
1036 1059 1138 1106 fecit,
1171 1073 1288 1109 quem
1322 1062 1362 1098 P.
1394 1061 1577 1099 Servilius

238 1139 318 1176 qua
355 1125 540 1164 felicitate
578 1132 735 1175 ceperat
774 1126 914 1163 eadem
954 1124 1206 1175 recuperavit,
1248 1125 1345 1175 quid
1397 1125 1578 1164 diceres?
1601 1138 1635 1171 15

239 1193 387 1230 Verum
408 1193 485 1231 hoc
506 1199 586 1230 erat
604 1207 610 1230 :
641 1190 672 1229 si
693 1191 757 1228 ille
787 1192 909 1229 semel
929 1204 1042 1228 verus
1071 1190 1194 1240 pirata
1223 1192 1347 1229 securi
1369 1204 1576 1240 percussus

238 1264 351 1304 esset,
375 1258 585 1307 pecuniam
606 1256 712 1294 illam
741 1269 821 1293 non
852 1256 1018 1294 haberes
1038 1270 1047 1303 3
1076 1257 1106 1293 si
1130 1257 1192 1294 hic
1214 1256 1333 1294 falsus
1355 1264 1456 1295 esset
1478 1270 1576 1295 mor-

238 1330 328 1361 tuus
357 1331 424 1362 aut
454 1322 700 1373 profugisset,
731 1335 812 1359 non
844 1329 945 1360 esset
975 1321 1134 1360 difficile
1163 1321 1283 1359 alium
1315 1322 1353 1359 in
1383 1321 1574 1371 suppositi

238 1389 370 1426 locum
405 1402 638 1438 supponere.
698 1388 815 1424 Plura
848 1387 927 1424 dixi
963 1399 1081 1435 quani
1123 1386 1226 1424 volui
1260 1387 1309 1424 de
1345 1387 1411 1424 illo
1449 1386 1574 1424 archi-

238 1454 371 1504 pirata,
413 1462 451 1492 et
490 1461 622 1492 tamen
662 1466 708 1491 ea
742 1465 844 1502 quae
875 1451 1091 1490 certissima
1130 1460 1221 1489 sunt
1253 1451 1368 1490 huius
1401 1451 1574 1490 criminis
1597 1468 1634 1490 ,ιο

237 1526 469 1569 argumenta
490 1517 741 1569 praetermisi.
798 1518 903 1554 Volo
924 1516 1029 1554 enim
1052 1529 1137 1554 esse
1159 1525 1284 1554 totum
1309 1516 1404 1554 mihi
1425 1516 1573 1555 crimen

239 1586 315 1623 hoc
337 1586 558 1635 integrum:
600 1591 658 1622 est
688 1590 817 1621 certus
847 1583 968 1628 locus,
992 1589 1097 1619 certa
1127 1583 1198 1627 lex,
1223 1589 1372 1619 certum
1403 1581 1573 1620 tribunal

239 1663 319 1700 quo
340 1651 415 1688 hoc
437 1657 663 1688 reservetur.

175 1704 219 1741 3¹
294 1716 384 1753 Hac
414 1722 522 1753 tanta
552 1715 698 1764 praeda
725 1720 874 1761 auctus,
900 1712 1106 1763 mancipiis
1135 1721 1296 1763 argento
1328 1720 1435 1751 veste
1468 1714 1573 1752 locu-

176 1756 219 1786 80
239 1782 419 1830 pletatus,
460 1779 584 1818 nihilo
619 1778 843 1829 diligentior
876 1779 926 1816 ad
966 1779 1131 1816 classem
1171 1779 1390 1816 ornandam
1429 1778 1571 1817 milites
1594 1791 1632 1823 25

239 1847 482 1886 revocandos
511 1846 756 1894 alendosque
785 1857 871 1882 esse
901 1843 1043 1893 coepit,
1066 1856 1157 1881 cum
1178 1856 1224 1881 ea
1253 1856 1312 1881 res
1341 1856 1421 1881 non
1443 1845 1570 1882 solum

238 1911 463 1962 provinciae
498 1910 612 1949 saluti
651 1923 785 1949 verum
827 1909 945 1948 etiam
986 1908 1059 1958 ipsi
1093 1909 1261 1958 praedae
1305 1916 1438 1958 posset
1472 1922 1568 1948 esse.

238 1979 343 2016 Nam
377 1985 525 2016 aestate
557 1989 722 2022 summa,
756 1988 836 2025 quo
871 1982 1049 2023 tempore
1083 1973 1199 2012 ceteri
1235 1982 1432 2024 praetores
1461 1974 1571 2012 obire

239 2042 480 2092 provinciam
514 2050 551 2080 et
584 2054 818 2079 concursare
853 2046 1093 2078 consuerunt
1124 2046 1191 2076 aut
1230 2039 1347 2077 etiam
1381 2039 1419 2076 in
1459 2047 1570 2077 tanto

239 2110 483 2157 praedonum
515 2114 622 2145 metu
653 2114 690 2144 ct
721 2105 895 2155 periculo
926 2104 998 2154 ipsi
1030 2104 1224 2154 navigare,
1245 2118 1292 2142 eo
1321 2112 1497 2154 tempore
1517 2105 1567 2142 ad
1590 2115 1631 2146 30

287 2223 299 2242 1
327 2217 360 2242 et
379 2222 466 2242 nunc
485 2216 566 2252 (non
584 2214 617 2252 q*
637 2211 789 2250 cuiquam
809 2208 945 2239 dubium
963 2219 983 2236 π
1105 2208 1126 2236 6
1149 2207 1191 2237 ab
1209 2209 1224 2237 δ
1354 2217 1390 2244 14
1419 2207 1503 2237 Nico
1521 2206 1567 2238 ezl.

240 2255 416 2287 Cratandr.
434 2267 441 2286 :
467 2257 501 2286 in
519 2267 560 2287 co
575 2255 665 2286 codd.
802 2263 839 2283 ΩΙ
859 2255 948 2284 enim
968 2263 1043 2283 csse
1059 2253 1124 2283 SD
1139 2253 1182 2284 al.
1198 2262 1205 2281 ι
1233 2262 1310 2282 6556
1327 2253 1416 2281 enim
1435 2250 1498 2290 Rp,
1515 2249 1573 2279 scd

240 2301 290 2330 ln‘c
304 2311 378 2330 cum
395 2300 489 2339 signo
506 2303 632 2338 lransp.
649 2298 736 2338 (iv‚§
754 2297 827 2326 108²»
908 2300 1012 2326 totum
1028 2295 1107 2324 mihi
1121 2294 1220 2325 RSD
1235 2307 1241 2325 :
1267 2295 1345 2325 mihi
1364 2300 1468 2325 totum
1483 2294 1547 2334 qu
1561 2305 1568 2323 :

239 2346 343 2385 (enim
364 2344 443 2374 mihi
462 2350 566 2375 totum
586 2354 661 2374 esse
678 2354 703 2372 s.
723 2342 813 2372 enim
832 2345 936 2370 totum
958 2348 1034 2369 esse
1054 2339 1134 2367 milii
1151 2340 1182 2375 δ)
1303 2350 1342 2378 27
1370 2340 1430 2378 ipsi
1450 2350 1515 2369 om.
1539 2339 1571 2369 V

238 2401 280 2429 29
304 2394 351 2419 tot
371 2389 484 2426 praed.
510 2388 540 2417 V
555 2391 587 2427 t&
606 2389 647 2417 62
665 2386 781 2425 snpra)
