<?xml version="1.0" encoding="UTF-8"?>
<!DOCTYPE html PUBLIC "-//W3C//DTD XHTML 1.0 Transitional//EN"
    "http://www.w3.org/TR/xhtml1/DTD/xhtml1-transitional.dtd">
<html xmlns="http://www.w3.org/1999/xhtml" xml:lang="en" lang="en">
 <head>
  <title>
</title>
<meta http-equiv="Content-Type" content="text/html;charset=utf-8" />
  <meta name='ocr-system' content='tesseract 3.04.00' />
  <meta name='ocr-capabilities' content='ocr_page ocr_carea ocr_par ocr_line ocrx_word'/>
</head>
<body>
  <div class='ocr_page' id='page_1' title='image "./orationesrecogno03ciceuoft/orationesrecogno03ciceuoft_0344.png"; bbox 0 0 1715 2734; ppageno 0'>
   <div class='ocr_carea' id='block_1_1' title="bbox 200 98 1214 139">
    <p class='ocr_par' dir='ltr' id='par_1_1' title="bbox 200 98 1214 139">
     <span class='ocr_line' id='line_1_1' title="bbox 200 98 1214 139; baseline -0.001 -1"><span class='ocrx_word' id='word_1_1' title='bbox 200 101 229 139; x_wconf 91' lang='lat'>6</span> <span class='ocrx_word' id='word_1_2' title='bbox 252 114 289 137; x_wconf 89' lang='lat'><strong>11</strong></span> <span class='ocrx_word' id='word_1_3' title='bbox 619 100 675 136; x_wconf 92' lang='lat' dir='ltr'><strong>M.</strong></span> <span class='ocrx_word' id='word_1_4' title='bbox 707 99 876 136; x_wconf 91' lang='lat' dir='ltr'>TVLLI</span> <span class='ocrx_word' id='word_1_5' title='bbox 908 98 1214 137; x_wconf 90' lang='lat' dir='ltr'>CICERONIS</span> 
     </span>
    </p>
   </div>
   <div class='ocr_carea' id='block_1_2' title="bbox 203 189 230 225">
    <p class='ocr_par' dir='ltr' id='par_1_2' title="bbox 203 189 230 225">
     <span class='ocr_line' id='line_1_2' title="bbox 203 189 230 225; baseline 0 0"><span class='ocrx_word' id='word_1_6' title='bbox 203 189 230 225; x_wconf 90' lang='lat'>6</span> 
     </span>
    </p>
   </div>
   <div class='ocr_carea' id='block_1_3' title="bbox 194 258 223 278">
    <p class='ocr_par' dir='ltr' id='par_1_3' title="bbox 194 258 223 278">
     <span class='ocr_line' id='line_1_3' title="bbox 194 258 223 278; baseline 0 0"><span class='ocrx_word' id='word_1_7' title='bbox 194 258 223 278; x_wconf 81' lang='grc' dir='ltr'><strong>ΙΙ</strong></span> 
     </span>
    </p>
   </div>
   <div class='ocr_carea' id='block_1_4' title="bbox 193 1070 226 1091">
    <p class='ocr_par' dir='ltr' id='par_1_4' title="bbox 193 1070 226 1091">
     <span class='ocr_line' id='line_1_4' title="bbox 193 1070 226 1091; baseline 0 0"><span class='ocrx_word' id='word_1_8' title='bbox 193 1070 226 1091; x_wconf 84' lang='lat'><strong>12</strong></span> 
     </span>
    </p>
   </div>
   <div class='ocr_carea' id='block_1_5' title="bbox 196 1874 230 1904">
    <p class='ocr_par' dir='ltr' id='par_1_5' title="bbox 196 1874 230 1904">
     <span class='ocr_line' id='line_1_5' title="bbox 196 1874 230 1904; baseline 0 0"><span class='ocrx_word' id='word_1_9' title='bbox 196 1874 230 1904; x_wconf 79' lang='lat'><strong>13</strong></span> 
     </span>
    </p>
   </div>
   <div class='ocr_carea' id='block_1_6' title="bbox 246 207 1643 2308">
    <p class='ocr_par' dir='ltr' id='par_1_6' title="bbox 246 207 1643 1823">
     <span class='ocr_line' id='line_1_6' title="bbox 305 207 1580 259; baseline -0.002 -12"><span class='ocrx_word' id='word_1_10' title='bbox 305 209 414 258; x_wconf 89' lang='lat' dir='ltr'>Quid</span> <span class='ocrx_word' id='word_1_11' title='bbox 441 209 554 259; x_wconf 84' lang='lat' dir='ltr'><strong>igitur</strong></span> <span class='ocrx_word' id='word_1_12' title='bbox 581 208 695 247; x_wconf 86' lang='lat' dir='ltr'><strong>nobis</strong></span> <span class='ocrx_word' id='word_1_13' title='bbox 723 208 949 247; x_wconf 86' lang='lat' dir='ltr'><strong>faciendum</strong></span> <span class='ocrx_word' id='word_1_14' title='bbox 979 210 1066 247; x_wconf 83' lang='lat' dir='ltr'><strong>est?</strong></span> <span class='ocrx_word' id='word_1_15' title='bbox 1095 221 1189 246; x_wconf 87' lang='lat' dir='ltr'><strong>num</strong></span> <span class='ocrx_word' id='word_1_16' title='bbox 1211 207 1450 258; x_wconf 84' lang='lat' dir='ltr'><strong>argumentis</strong></span> <span class='ocrx_word' id='word_1_17' title='bbox 1470 213 1580 246; x_wconf 90' lang='lat' dir='ltr'><strong>uten-</strong></span> 
     </span>
     <span class='ocr_line' id='line_1_7' title="bbox 248 272 1579 322; baseline -0.002 -10"><span class='ocrx_word' id='word_1_18' title='bbox 248 275 344 312; x_wconf 88' lang='lat' dir='ltr'><strong>dum</strong></span> <span class='ocrx_word' id='word_1_19' title='bbox 365 274 405 312; x_wconf 89' lang='lat' dir='ltr'><strong>in</strong></span> <span class='ocrx_word' id='word_1_20' title='bbox 426 288 467 312; x_wconf 90' lang='lat' dir='ltr'><strong>re</strong></span> <span class='ocrx_word' id='word_1_21' title='bbox 487 274 570 312; x_wconf 90' lang='lat' dir='ltr'><strong>eius</strong></span> <span class='ocrx_word' id='word_1_22' title='bbox 599 273 737 312; x_wconf 88' lang='lat' dir='ltr'><strong>modi?</strong></span> <span class='ocrx_word' id='word_1_23' title='bbox 795 275 1089 322; x_wconf 82' lang='lat' dir='ltr'><strong>Quaerendum,</strong></span> <span class='ocrx_word' id='word_1_24' title='bbox 1113 275 1242 321; x_wconf 91' lang='lat' dir='ltr'><strong>credo,</strong></span> <span class='ocrx_word' id='word_1_25' title='bbox 1266 280 1325 312; x_wconf 91' lang='lat' dir='ltr'><strong>est</strong></span> <span class='ocrx_word' id='word_1_26' title='bbox 1353 272 1482 312; x_wconf 87' lang='lat' dir='ltr'><strong>Heius</strong></span> <span class='ocrx_word' id='word_1_27' title='bbox 1507 272 1579 310; x_wconf 89' lang='lat' dir='ltr'><strong>iste</strong></span> 
     </span>
     <span class='ocr_line' id='line_1_8' title="bbox 248 336 1577 386; baseline -0.001 -10"><span class='ocrx_word' id='word_1_28' title='bbox 248 352 343 376; x_wconf 89' lang='lat' dir='ltr'><strong>num</strong></span> <span class='ocrx_word' id='word_1_29' title='bbox 363 352 430 378; x_wconf 87' lang='lat' dir='ltr'><strong>aes</strong></span> <span class='ocrx_word' id='word_1_30' title='bbox 450 338 622 377; x_wconf 90' lang='lat' dir='ltr'><strong>alienum</strong></span> <span class='ocrx_word' id='word_1_31' title='bbox 645 338 835 385; x_wconf 86' lang='lat' dir='ltr'><strong>habuerit,</strong></span> <span class='ocrx_word' id='word_1_32' title='bbox 859 352 955 376; x_wconf 87' lang='lat' dir='ltr'><strong>num</strong></span> <span class='ocrx_word' id='word_1_33' title='bbox 975 339 1200 377; x_wconf 81' lang='lat' dir='ltr'><strong>auctionem</strong></span> <span class='ocrx_word' id='word_1_34' title='bbox 1227 337 1386 386; x_wconf 83' lang='lat' dir='ltr'><strong>fecerit3</strong></span> <span class='ocrx_word' id='word_1_35' title='bbox 1415 337 1447 376; x_wconf 90' lang='lat' dir='ltr'><strong>si</strong></span> <span class='ocrx_word' id='word_1_36' title='bbox 1474 336 1577 384; x_wconf 90' lang='lat' dir='ltr'><strong>feeit,</strong></span> 
     </span>
     <span class='ocr_line' id='line_1_9' title="bbox 246 402 1580 450; baseline -0.002 -8"><span class='ocrx_word' id='word_1_37' title='bbox 246 418 342 442; x_wconf 90' lang='lat' dir='ltr'><strong>num</strong></span> <span class='ocrx_word' id='word_1_38' title='bbox 377 411 487 442; x_wconf 87' lang='lat' dir='ltr'><strong>tanta</strong></span> <span class='ocrx_word' id='word_1_39' title='bbox 520 403 728 442; x_wconf 87' lang='lat' dir='ltr'><strong>difficultas</strong></span> <span class='ocrx_word' id='word_1_40' title='bbox 763 416 854 441; x_wconf 86' lang='lat' dir='ltr'><strong>eum</strong></span> <span class='ocrx_word' id='word_1_41' title='bbox 894 403 947 441; x_wconf 88' lang='lat' dir='ltr'><strong>rei</strong></span> <span class='ocrx_word' id='word_1_42' title='bbox 981 403 1224 442; x_wconf 84' lang='lat' dir='ltr'><strong>nummariae</strong></span> <span class='ocrx_word' id='word_1_43' title='bbox 1256 402 1435 450; x_wconf 88' lang='lat' dir='ltr'><strong>tenuerit,</strong></span> <span class='ocrx_word' id='word_1_44' title='bbox 1471 409 1580 440; x_wconf 87' lang='lat' dir='ltr'><strong>tanta</strong></span> 
     </span>
     <span class='ocr_line' id='line_1_10' title="bbox 247 467 1617 518; baseline -0.001 -11"><span class='ocrx_word' id='word_1_45' title='bbox 247 477 408 518; x_wconf 80' lang='lat' dir='ltr'><strong>egestas,</strong></span> <span class='ocrx_word' id='word_1_46' title='bbox 431 477 539 507; x_wconf 86' lang='lat' dir='ltr'><strong>tanta</strong></span> <span class='ocrx_word' id='word_1_47' title='bbox 566 468 622 506; x_wconf 87' lang='lat' dir='ltr'><strong>vis</strong></span> <span class='ocrx_word' id='word_1_48' title='bbox 652 467 833 518; x_wconf 86' lang='lat' dir='ltr'><strong>presserit</strong></span> <span class='ocrx_word' id='word_1_49' title='bbox 861 475 902 505; x_wconf 89' lang='lat' dir='ltr'><strong>ut</strong></span> <span class='ocrx_word' id='word_1_50' title='bbox 930 468 1138 506; x_wconf 87' lang='lat' dir='ltr'><strong>sacrarium</strong></span> <span class='ocrx_word' id='word_1_51' title='bbox 1166 482 1280 507; x_wconf 90' lang='lat' dir='ltr'><strong>suum</strong></span> <span class='ocrx_word' id='word_1_52' title='bbox 1311 467 1506 518; x_wconf 90' lang='lat' dir='ltr'><strong>spoliaret,</strong></span> <span class='ocrx_word' id='word_1_53' title='bbox 1538 474 1580 505; x_wconf 91' lang='lat' dir='ltr'><strong>ut</strong></span> <span class='ocrx_word' id='word_1_54' title='bbox 1599 479 1617 511; x_wconf 87' lang='lat'><strong>5</strong></span> 
     </span>
     <span class='ocr_line' id='line_1_11' title="bbox 247 533 1578 584; baseline -0.002 -12"><span class='ocrx_word' id='word_1_55' title='bbox 247 536 343 572; x_wconf 89' lang='lat' dir='ltr'><strong>deos</strong></span> <span class='ocrx_word' id='word_1_56' title='bbox 393 534 537 584; x_wconf 81' lang='lat' dir='ltr'><strong>patrios</strong></span> <span class='ocrx_word' id='word_1_57' title='bbox 577 535 775 572; x_wconf 79' lang='lat' dir='ltr'><strong>venderet.</strong></span> <span class='ocrx_word' id='word_1_58' title='bbox 854 536 907 572; x_wconf 90' lang='lat' dir='ltr'><strong>At</strong></span> <span class='ocrx_word' id='word_1_59' title='bbox 955 533 1157 572; x_wconf 88' lang='lat' dir='ltr'><strong>hominem</strong></span> <span class='ocrx_word' id='word_1_60' title='bbox 1197 534 1314 573; x_wconf 88' lang='lat' dir='ltr'><strong>video</strong></span> <span class='ocrx_word' id='word_1_61' title='bbox 1352 533 1578 572; x_wconf 86' lang='lat' dir='ltr'><strong>auctionem</strong></span> 
     </span>
     <span class='ocr_line' id='line_1_12' title="bbox 248 597 1581 648; baseline -0.002 -12"><span class='ocrx_word' id='word_1_62' title='bbox 248 598 384 637; x_wconf 88' lang='lat' dir='ltr'><strong>secisse</strong></span> <span class='ocrx_word' id='word_1_63' title='bbox 424 600 584 645; x_wconf 86' lang='lat' dir='ltr'><strong>nullam,</strong></span> <span class='ocrx_word' id='word_1_64' title='bbox 619 598 845 636; x_wconf 84' lang='lat' dir='ltr'><strong>vendidisse</strong></span> <span class='ocrx_word' id='word_1_65' title='bbox 879 606 1031 648; x_wconf 89' lang='lat' dir='ltr'><strong>praeter</strong></span> <span class='ocrx_word' id='word_1_66' title='bbox 1064 599 1212 637; x_wconf 88' lang='lat' dir='ltr'><strong>fructus</strong></span> <span class='ocrx_word' id='word_1_67' title='bbox 1244 611 1336 637; x_wconf 86' lang='lat' dir='ltr'><strong>suos</strong></span> <span class='ocrx_word' id='word_1_68' title='bbox 1371 597 1468 636; x_wconf 88' lang='lat' dir='ltr'><strong>nihil</strong></span> <span class='ocrx_word' id='word_1_69' title='bbox 1499 610 1581 635; x_wconf 91' lang='lat' dir='ltr'><strong>um-</strong></span> 
     </span>
     <span class='ocr_line' id='line_1_13' title="bbox 247 661 1580 713; baseline -0.002 -12"><span class='ocrx_word' id='word_1_70' title='bbox 247 677 377 713; x_wconf 83' lang='lat' dir='ltr'><strong>quam,</strong></span> <span class='ocrx_word' id='word_1_71' title='bbox 400 677 481 701; x_wconf 92' lang='lat' dir='ltr'><strong>non</strong></span> <span class='ocrx_word' id='word_1_72' title='bbox 510 664 633 701; x_wconf 94' lang='lat' dir='ltr'><strong>modo</strong></span> <span class='ocrx_word' id='word_1_73' title='bbox 660 663 700 700; x_wconf 93' lang='lat' dir='ltr'><strong>in</strong></span> <span class='ocrx_word' id='word_1_74' title='bbox 727 677 816 701; x_wconf 87' lang='lat' dir='ltr'><strong>aere</strong></span> <span class='ocrx_word' id='word_1_75' title='bbox 842 663 973 702; x_wconf 89' lang='lat' dir='ltr'><strong>alieno</strong></span> <span class='ocrx_word' id='word_1_76' title='bbox 998 665 1116 711; x_wconf 92' lang='lat' dir='ltr'><strong>nullo,</strong></span> <span class='ocrx_word' id='word_1_77' title='bbox 1140 664 1210 702; x_wconf 90' lang='lat' dir='ltr'><strong>sed</strong></span> <span class='ocrx_word' id='word_1_78' title='bbox 1236 663 1274 701; x_wconf 89' lang='lat' dir='ltr'><strong>in</strong></span> <span class='ocrx_word' id='word_1_79' title='bbox 1300 662 1380 701; x_wconf 90' lang='lat' dir='ltr'><strong>suis</strong></span> <span class='ocrx_word' id='word_1_80' title='bbox 1407 661 1580 700; x_wconf 87' lang='lat' dir='ltr'><strong>nummis</strong></span> 
     </span>
     <span class='ocr_line' id='line_1_14' title="bbox 250 728 1581 779; baseline -0.002 -12"><span class='ocrx_word' id='word_1_81' title='bbox 250 729 379 767; x_wconf 84' lang='lat' dir='ltr'><strong>multis</strong></span> <span class='ocrx_word' id='word_1_82' title='bbox 401 742 486 767; x_wconf 89' lang='lat' dir='ltr'><strong>esse</strong></span> <span class='ocrx_word' id='word_1_83' title='bbox 514 737 551 767; x_wconf 87' lang='lat' dir='ltr'><strong>et</strong></span> <span class='ocrx_word' id='word_1_84' title='bbox 579 742 733 779; x_wconf 88' lang='lat' dir='ltr'><strong>semper</strong></span> <span class='ocrx_word' id='word_1_85' title='bbox 761 729 904 777; x_wconf 81' lang='lat' dir='ltr'><strong>suisse3</strong></span> <span class='ocrx_word' id='word_1_86' title='bbox 935 729 964 766; x_wconf 80' lang='lat' dir='ltr'><strong>si</strong></span> <span class='ocrx_word' id='word_1_87' title='bbox 996 731 1093 768; x_wconf 88' lang='lat' dir='ltr'><strong>haec</strong></span> <span class='ocrx_word' id='word_1_88' title='bbox 1114 737 1251 768; x_wconf 87' lang='lat' dir='ltr'><strong>contra</strong></span> <span class='ocrx_word' id='word_1_89' title='bbox 1270 742 1316 767; x_wconf 87' lang='lat' dir='ltr'><strong>ac</strong></span> <span class='ocrx_word' id='word_1_90' title='bbox 1337 728 1430 768; x_wconf 88' lang='lat' dir='ltr'><strong>dico</strong></span> <span class='ocrx_word' id='word_1_91' title='bbox 1449 735 1581 767; x_wconf 86' lang='lat' dir='ltr'><strong>essent</strong></span> 
     </span>
     <span class='ocr_line' id='line_1_15' title="bbox 247 793 1642 844; baseline 0 -13"><span class='ocrx_word' id='word_1_92' title='bbox 247 794 392 841; x_wconf 90' lang='lat' dir='ltr'><strong>omnia,</strong></span> <span class='ocrx_word' id='word_1_93' title='bbox 417 802 549 832; x_wconf 90' lang='lat' dir='ltr'><strong>tamen</strong></span> <span class='ocrx_word' id='word_1_94' title='bbox 578 794 688 832; x_wconf 88' lang='lat' dir='ltr'><strong>illum</strong></span> <span class='ocrx_word' id='word_1_95' title='bbox 716 795 828 841; x_wconf 81' lang='lat' dir='ltr'><strong>haee,</strong></span> <span class='ocrx_word' id='word_1_96' title='bbox 853 807 955 844; x_wconf 88' lang='lat' dir='ltr'><strong>quae</strong></span> <span class='ocrx_word' id='word_1_97' title='bbox 981 802 1039 833; x_wconf 91' lang='lat' dir='ltr'><strong>tot</strong></span> <span class='ocrx_word' id='word_1_98' title='bbox 1065 808 1191 833; x_wconf 90' lang='lat' dir='ltr'><strong>annos</strong></span> <span class='ocrx_word' id='word_1_99' title='bbox 1217 794 1257 832; x_wconf 90' lang='lat' dir='ltr'><strong>in</strong></span> <span class='ocrx_word' id='word_1_100' title='bbox 1282 793 1430 832; x_wconf 89' lang='lat' dir='ltr'><strong>familia</strong></span> <span class='ocrx_word' id='word_1_101' title='bbox 1459 806 1581 832; x_wconf 89' lang='lat' dir='ltr'><strong>sacra·</strong></span> <span class='ocrx_word' id='word_1_102' title='bbox 1605 808 1642 831; x_wconf 84' lang='lat'><strong>10</strong></span> 
     </span>
     <span class='ocr_line' id='line_1_16' title="bbox 248 858 1580 909; baseline 0 -13"><span class='ocrx_word' id='word_1_103' title='bbox 248 859 384 909; x_wconf 87' lang='lat' dir='ltr'><strong>rioque</strong></span> <span class='ocrx_word' id='word_1_104' title='bbox 406 859 598 898; x_wconf 88' lang='lat' dir='ltr'><strong>maiorum</strong></span> <span class='ocrx_word' id='word_1_105' title='bbox 621 859 795 906; x_wconf 79' lang='lat' dir='ltr'><strong>fuissent,</strong></span> <span class='ocrx_word' id='word_1_106' title='bbox 818 859 1071 898; x_wconf 89' lang='lat' dir='ltr'><strong>venditurum</strong></span> <span class='ocrx_word' id='word_1_107' title='bbox 1092 873 1171 898; x_wconf 90' lang='lat' dir='ltr'><strong>non</strong></span> <span class='ocrx_word' id='word_1_108' title='bbox 1194 859 1323 898; x_wconf 88' lang='lat' dir='ltr'><strong>fuisse.</strong></span> <span class='ocrx_word' id='word_1_109' title='bbox 1378 862 1386 878; x_wconf 90' lang='lat'>‘</span> <span class='ocrx_word' id='word_1_110' title='bbox 1403 858 1525 908; x_wconf 90' lang='lat' dir='ltr'><strong>Quid,</strong></span> <span class='ocrx_word' id='word_1_111' title='bbox 1547 858 1580 896; x_wconf 88' lang='lat' dir='ltr'><strong>si</strong></span> 
     </span>
     <span class='ocr_line' id='line_1_17' title="bbox 248 923 1580 974; baseline 0 -12"><span class='ocrx_word' id='word_1_112' title='bbox 248 924 520 974; x_wconf 81' lang='lat' dir='ltr'><strong>magnitudine</strong></span> <span class='ocrx_word' id='word_1_113' title='bbox 541 924 733 974; x_wconf 88' lang='lat' dir='ltr'><strong>pecuniae</strong></span> <span class='ocrx_word' id='word_1_114' title='bbox 746 938 977 974; x_wconf 89' lang='lat' dir='ltr'><strong>persuasum</strong></span> <span class='ocrx_word' id='word_1_115' title='bbox 999 932 1056 963; x_wconf 89' lang='lat' dir='ltr'><strong>est</strong></span> <span class='ocrx_word' id='word_1_116' title='bbox 1072 927 1110 963; x_wconf 90' lang='lat'><strong>?⁷</strong></span> <span class='ocrx_word' id='word_1_117' title='bbox 1158 925 1250 963; x_wconf 89' lang='lat' dir='ltr'><strong>Veri</strong></span> <span class='ocrx_word' id='word_1_118' title='bbox 1273 923 1399 963; x_wconf 89' lang='lat' dir='ltr'><strong>simile</strong></span> <span class='ocrx_word' id='word_1_119' title='bbox 1420 937 1501 962; x_wconf 90' lang='lat' dir='ltr'><strong>non</strong></span> <span class='ocrx_word' id='word_1_120' title='bbox 1522 931 1580 962; x_wconf 93' lang='lat' dir='ltr'><strong>est</strong></span> 
     </span>
     <span class='ocr_line' id='line_1_18' title="bbox 248 989 1582 1040; baseline 0.001 -13"><span class='ocrx_word' id='word_1_121' title='bbox 248 997 289 1028; x_wconf 87' lang='lat' dir='ltr'><strong>ut</strong></span> <span class='ocrx_word' id='word_1_122' title='bbox 321 989 385 1028; x_wconf 93' lang='lat' dir='ltr'><strong>ille</strong></span> <span class='ocrx_word' id='word_1_123' title='bbox 420 991 543 1028; x_wconf 89' lang='lat' dir='ltr'><strong>homo</strong></span> <span class='ocrx_word' id='word_1_124' title='bbox 577 997 657 1028; x_wconf 91' lang='lat' dir='ltr'><strong>tam</strong></span> <span class='ocrx_word' id='word_1_125' title='bbox 689 991 877 1040; x_wconf 85' lang='lat' dir='ltr'><strong>locuples,</strong></span> <span class='ocrx_word' id='word_1_126' title='bbox 913 998 993 1028; x_wconf 87' lang='lat' dir='ltr'><strong>tam</strong></span> <span class='ocrx_word' id='word_1_127' title='bbox 1033 992 1234 1038; x_wconf 86' lang='lat' dir='ltr'><strong>honestus,</strong></span> <span class='ocrx_word' id='word_1_128' title='bbox 1271 989 1450 1040; x_wconf 88' lang='lat' dir='ltr'><strong>religioni</strong></span> <span class='ocrx_word' id='word_1_129' title='bbox 1488 1002 1582 1028; x_wconf 88' lang='lat' dir='ltr'><strong>suae</strong></span> 
     </span>
     <span class='ocr_line' id='line_1_19' title="bbox 249 1054 1582 1106; baseline 0 -14"><span class='ocrx_word' id='word_1_130' title='bbox 249 1054 597 1104; x_wconf 87' lang='lat' dir='ltr'><strong>monumentisque</strong></span> <span class='ocrx_word' id='word_1_131' title='bbox 637 1054 829 1092; x_wconf 91' lang='lat' dir='ltr'><strong>maiorum</strong></span> <span class='ocrx_word' id='word_1_132' title='bbox 869 1055 1078 1104; x_wconf 89' lang='lat' dir='ltr'><strong>pecuniam</strong></span> <span class='ocrx_word' id='word_1_133' title='bbox 1118 1062 1387 1106; x_wconf 88' lang='lat' dir='ltr'><strong>anteponeret.</strong></span> <span class='ocrx_word' id='word_1_134' title='bbox 1458 1056 1582 1093; x_wconf 90' lang='lat' dir='ltr'><strong>‘Sunt</strong></span> 
     </span>
     <span class='ocr_line' id='line_1_20' title="bbox 248 1119 1640 1170; baseline 0.002 -13"><span class='ocrx_word' id='word_1_135' title='bbox 248 1120 320 1158; x_wconf 84' lang='lat' dir='ltr'><strong>ista</strong></span> <span class='ocrx_word' id='word_1_136' title='bbox 338 1134 349 1167; x_wconf 75' lang='lat'><em>3</em></span> <span class='ocrx_word' id='word_1_137' title='bbox 395 1133 530 1158; x_wconf 85' lang='lat' dir='ltr'><strong>verum</strong></span> <span class='ocrx_word' id='word_1_138' title='bbox 570 1127 701 1157; x_wconf 88' lang='lat' dir='ltr'><strong>tamen</strong></span> <span class='ocrx_word' id='word_1_139' title='bbox 741 1119 994 1158; x_wconf 86' lang='lat' dir='ltr'><strong>abducuntur</strong></span> <span class='ocrx_word' id='word_1_140' title='bbox 1033 1120 1214 1159; x_wconf 90' lang='lat' dir='ltr'><strong>homines</strong></span> <span class='ocrx_word' id='word_1_141' title='bbox 1246 1133 1327 1159; x_wconf 92' lang='lat' dir='ltr'><strong>non</strong></span> <span class='ocrx_word' id='word_1_142' title='bbox 1362 1133 1580 1170; x_wconf 81' lang='lat' dir='ltr'><strong>numquam</strong></span> <span class='ocrx_word' id='word_1_143' title='bbox 1604 1137 1640 1169; x_wconf 84' lang='lat'><strong>15</strong></span> 
     </span>
     <span class='ocr_line' id='line_1_21' title="bbox 248 1184 1582 1236; baseline -0.001 -13"><span class='ocrx_word' id='word_1_144' title='bbox 248 1184 365 1223; x_wconf 92' lang='lat' dir='ltr'><strong>etiam</strong></span> <span class='ocrx_word' id='word_1_145' title='bbox 387 1184 438 1223; x_wconf 91' lang='lat' dir='ltr'><strong>ab</strong></span> <span class='ocrx_word' id='word_1_146' title='bbox 459 1184 646 1222; x_wconf 87' lang='lat' dir='ltr'><strong>institutis</strong></span> <span class='ocrx_word' id='word_1_147' title='bbox 676 1184 755 1222; x_wconf 88' lang='lat' dir='ltr'><strong>suis</strong></span> <span class='ocrx_word' id='word_1_148' title='bbox 786 1184 1060 1234; x_wconf 83' lang='lat' dir='ltr'><strong>magnitudine</strong></span> <span class='ocrx_word' id='word_1_149' title='bbox 1090 1185 1306 1236; x_wconf 86' lang='lat' dir='ltr'><strong>pecuniae.’</strong></span> <span class='ocrx_word' id='word_1_150' title='bbox 1363 1184 1582 1223; x_wconf 76' lang='lat' dir='ltr'><strong>Videamus</strong></span> 
     </span>
     <span class='ocr_line' id='line_1_22' title="bbox 249 1242 1581 1300; baseline -0.001 -12"><span class='ocrx_word' id='word_1_151' title='bbox 249 1258 394 1300; x_wconf 86' lang='lat' dir='ltr'><strong>quanta</strong></span> <span class='ocrx_word' id='word_1_152' title='bbox 424 1250 497 1288; x_wconf 86' lang='lat' dir='ltr'><strong>ista</strong></span> <span class='ocrx_word' id='word_1_153' title='bbox 526 1249 695 1300; x_wconf 85' lang='lat' dir='ltr'><strong>pecunia</strong></span> <span class='ocrx_word' id='word_1_154' title='bbox 715 1242 829 1288; x_wconf 86' lang='lat' dir='ltr'><strong>fuerit</strong></span> <span class='ocrx_word' id='word_1_155' title='bbox 859 1264 961 1300; x_wconf 84' lang='lat' dir='ltr'><strong>quae</strong></span> <span class='ocrx_word' id='word_1_156' title='bbox 991 1250 1161 1300; x_wconf 87' lang='lat' dir='ltr'><strong>potuerit</strong></span> <span class='ocrx_word' id='word_1_157' title='bbox 1193 1250 1355 1298; x_wconf 86' lang='lat' dir='ltr'><strong>Heium,</strong></span> <span class='ocrx_word' id='word_1_158' title='bbox 1378 1250 1581 1288; x_wconf 88' lang='lat' dir='ltr'><strong>hominem</strong></span> 
     </span>
     <span class='ocr_line' id='line_1_23' title="bbox 248 1314 1583 1365; baseline 0 -12"><span class='ocrx_word' id='word_1_159' title='bbox 248 1315 416 1353; x_wconf 89' lang='lat' dir='ltr'><strong>maxime</strong></span> <span class='ocrx_word' id='word_1_160' title='bbox 446 1316 696 1365; x_wconf 88' lang='lat' dir='ltr'><strong>locupletem,</strong></span> <span class='ocrx_word' id='word_1_161' title='bbox 721 1314 884 1353; x_wconf 89' lang='lat' dir='ltr'><strong>minime</strong></span> <span class='ocrx_word' id='word_1_162' title='bbox 911 1328 1082 1362; x_wconf 87' lang='lat' dir='ltr'><strong>avarum,</strong></span> <span class='ocrx_word' id='word_1_163' title='bbox 1105 1315 1156 1353; x_wconf 88' lang='lat' dir='ltr'><strong>ab</strong></span> <span class='ocrx_word' id='word_1_164' title='bbox 1177 1315 1432 1363; x_wconf 85' lang='lat' dir='ltr'><strong>humanitate,</strong></span> <span class='ocrx_word' id='word_1_165' title='bbox 1456 1328 1478 1353; x_wconf 86' lang='lat' dir='ltr'><strong>a</strong></span> <span class='ocrx_word' id='word_1_166' title='bbox 1505 1315 1583 1365; x_wconf 90' lang='lat' dir='ltr'><strong>pie-</strong></span> 
     </span>
     <span class='ocr_line' id='line_1_24' title="bbox 248 1380 1581 1431; baseline 0 -12"><span class='ocrx_word' id='word_1_167' title='bbox 248 1389 337 1428; x_wconf 85' lang='lat' dir='ltr'><strong>tate,</strong></span> <span class='ocrx_word' id='word_1_168' title='bbox 368 1381 420 1419; x_wconf 89' lang='lat' dir='ltr'><strong>ab</strong></span> <span class='ocrx_word' id='word_1_169' title='bbox 450 1381 636 1430; x_wconf 81' lang='lat' dir='ltr'><strong>religione</strong></span> <span class='ocrx_word' id='word_1_170' title='bbox 666 1381 872 1419; x_wconf 87' lang='lat' dir='ltr'><strong>deducere.</strong></span> <span class='ocrx_word' id='word_1_171' title='bbox 936 1382 996 1419; x_wconf 90' lang='lat' dir='ltr'><strong>Ita</strong></span> <span class='ocrx_word' id='word_1_172' title='bbox 1024 1380 1179 1428; x_wconf 87' lang='lat' dir='ltr'><strong>iussisti,</strong></span> <span class='ocrx_word' id='word_1_173' title='bbox 1208 1381 1358 1430; x_wconf 86' lang='lat' dir='ltr'><strong>opinor,</strong></span> <span class='ocrx_word' id='word_1_174' title='bbox 1383 1381 1511 1431; x_wconf 88' lang='lat' dir='ltr'><strong>ipsum</strong></span> <span class='ocrx_word' id='word_1_175' title='bbox 1542 1380 1581 1419; x_wconf 91' lang='lat' dir='ltr'><strong>in</strong></span> 
     </span>
     <span class='ocr_line' id='line_1_25' title="bbox 248 1445 1643 1496; baseline 0 -12"><span class='ocrx_word' id='word_1_176' title='bbox 248 1447 400 1484; x_wconf 87' lang='lat' dir='ltr'><strong>tabulas</strong></span> <span class='ocrx_word' id='word_1_177' title='bbox 439 1447 603 1484; x_wconf 87' lang='lat' dir='ltr'><strong>referre:</strong></span> <span class='ocrx_word' id='word_1_178' title='bbox 652 1447 792 1484; x_wconf 90' lang='lat' dir='ltr'><strong>‘Haec</strong></span> <span class='ocrx_word' id='word_1_179' title='bbox 831 1445 966 1483; x_wconf 88' lang='lat' dir='ltr'><strong>omnia</strong></span> <span class='ocrx_word' id='word_1_180' title='bbox 1004 1445 1113 1496; x_wconf 83' lang='lat' dir='ltr'><strong>signa</strong></span> <span class='ocrx_word' id='word_1_181' title='bbox 1154 1446 1346 1493; x_wconf 78' lang='lat' dir='ltr'><strong>Praxiteli,</strong></span> <span class='ocrx_word' id='word_1_182' title='bbox 1390 1446 1578 1496; x_wconf 85' lang='lat' dir='ltr'><strong>MyroniS,</strong></span> <span class='ocrx_word' id='word_1_183' title='bbox 1604 1463 1643 1485; x_wconf 91' lang='lat'><strong>20</strong></span> 
     </span>
     <span class='ocr_line' id='line_1_26' title="bbox 250 1510 1582 1561; baseline 0 -12"><span class='ocrx_word' id='word_1_184' title='bbox 250 1511 427 1561; x_wconf 87' lang='lat' dir='ltr'><strong>Polycliti</strong></span> <span class='ocrx_word' id='word_1_185' title='bbox 461 1512 532 1549; x_wconf 85' lang='lat' dir='ltr'><strong>HS</strong></span> <span class='ocrx_word' id='word_1_186' title='bbox 567 1524 634 1549; x_wconf 77' lang='lat' dir='ltr'><strong>sex</strong></span> <span class='ocrx_word' id='word_1_187' title='bbox 672 1510 831 1548; x_wconf 89' lang='lat' dir='ltr'><strong>milibus</strong></span> <span class='ocrx_word' id='word_1_188' title='bbox 865 1511 1091 1561; x_wconf 83' lang='lat' dir='ltr'><strong>quingentis</strong></span> <span class='ocrx_word' id='word_1_189' title='bbox 1122 1512 1233 1550; x_wconf 75' lang='lat' dir='ltr'><strong>Verri</strong></span> <span class='ocrx_word' id='word_1_190' title='bbox 1266 1513 1449 1550; x_wconf 84' lang='lat' dir='ltr'><strong>vendita.&#39;</strong></span> <span class='ocrx_word' id='word_1_191' title='bbox 1518 1511 1582 1549; x_wconf 85' lang='lat' dir='ltr'><strong>Sic</strong></span> 
     </span>
     <span class='ocr_line' id='line_1_27' title="bbox 249 1575 1583 1627; baseline 0 -13"><span class='ocrx_word' id='word_1_192' title='bbox 249 1576 404 1614; x_wconf 88' lang='lat' dir='ltr'><strong>rettulit.</strong></span> <span class='ocrx_word' id='word_1_193' title='bbox 467 1575 618 1614; x_wconf 89' lang='lat' dir='ltr'><strong>Recita.</strong></span> <span class='ocrx_word' id='word_1_194' title='bbox 679 1577 743 1613; x_wconf 78' lang='lat' dir='ltr'><strong>Ex</strong></span> <span class='ocrx_word' id='word_1_195' title='bbox 773 1587 954 1614; x_wconf 75' lang='lat' dir='ltr'>TARVLIS.</span> <span class='ocrx_word' id='word_1_196' title='bbox 1017 1577 1130 1614; x_wconf 85' lang='lat' dir='ltr'><strong>Iuvat</strong></span> <span class='ocrx_word' id='word_1_197' title='bbox 1161 1590 1224 1615; x_wconf 89' lang='lat' dir='ltr'><strong>me</strong></span> <span class='ocrx_word' id='word_1_198' title='bbox 1254 1577 1351 1614; x_wconf 86' lang='lat' dir='ltr'><strong>haec</strong></span> <span class='ocrx_word' id='word_1_199' title='bbox 1386 1577 1583 1627; x_wconf 86' lang='lat' dir='ltr'><strong>praeclara</strong></span> 
     </span>
     <span class='ocr_line' id='line_1_28' title="bbox 248 1641 1583 1691; baseline 0.001 -13"><span class='ocrx_word' id='word_1_200' title='bbox 248 1641 410 1680; x_wconf 87' lang='lat' dir='ltr'><strong>nomina</strong></span> <span class='ocrx_word' id='word_1_201' title='bbox 438 1641 643 1688; x_wconf 84' lang='lat' dir='ltr'><strong>artificum,</strong></span> <span class='ocrx_word' id='word_1_202' title='bbox 667 1655 768 1691; x_wconf 91' lang='lat' dir='ltr'><strong>quae</strong></span> <span class='ocrx_word' id='word_1_203' title='bbox 800 1641 861 1679; x_wconf 89' lang='lat' dir='ltr'><strong>isti</strong></span> <span class='ocrx_word' id='word_1_204' title='bbox 891 1642 942 1680; x_wconf 88' lang='lat' dir='ltr'><strong>ad</strong></span> <span class='ocrx_word' id='word_1_205' title='bbox 972 1643 1125 1680; x_wconf 87' lang='lat' dir='ltr'><strong>caelum</strong></span> <span class='ocrx_word' id='word_1_206' title='bbox 1156 1643 1295 1689; x_wconf 89' lang='lat' dir='ltr'><strong>ferunt,</strong></span> <span class='ocrx_word' id='word_1_207' title='bbox 1320 1642 1451 1679; x_wconf 89' lang='lat' dir='ltr'><strong>Verris</strong></span> <span class='ocrx_word' id='word_1_208' title='bbox 1471 1641 1583 1680; x_wconf 87' lang='lat' dir='ltr'><strong>aesti-</strong></span> 
     </span>
     <span class='ocr_line' id='line_1_29' title="bbox 250 1706 1581 1756; baseline 0.001 -12"><span class='ocrx_word' id='word_1_209' title='bbox 250 1706 422 1745; x_wconf 89' lang='lat' dir='ltr'><strong>matione</strong></span> <span class='ocrx_word' id='word_1_210' title='bbox 462 1706 517 1744; x_wconf 85' lang='lat' dir='ltr'><strong>sie</strong></span> <span class='ocrx_word' id='word_1_211' title='bbox 556 1706 787 1744; x_wconf 84' lang='lat' dir='ltr'><strong>concidisse.</strong></span> <span class='ocrx_word' id='word_1_212' title='bbox 850 1706 1091 1756; x_wconf 89' lang='lat' dir='ltr'><strong>Cupidinem</strong></span> <span class='ocrx_word' id='word_1_213' title='bbox 1134 1707 1312 1746; x_wconf 78' lang='lat' dir='ltr'><strong>Praxiteli</strong></span> <span class='ocrx_word' id='word_1_214' title='bbox 1355 1709 1425 1745; x_wconf 85' lang='lat' dir='ltr'><strong>HS</strong></span> <span class='ocrx_word' id='word_1_215' title='bbox 1467 1711 1581 1745; x_wconf 82' lang='lat' dir='ltr'>MDC!</span> 
     </span>
     <span class='ocr_line' id='line_1_30' title="bbox 252 1771 1640 1823; baseline 0.001 -14"><span class='ocrx_word' id='word_1_216' title='bbox 252 1774 433 1810; x_wconf 77' lang='lat' dir='ltr'><strong>Profecto</strong></span> <span class='ocrx_word' id='word_1_217' title='bbox 455 1771 547 1809; x_wconf 86' lang='lat' dir='ltr'><strong>hine</strong></span> <span class='ocrx_word' id='word_1_218' title='bbox 568 1780 704 1809; x_wconf 82' lang='lat' dir='ltr'><strong>natum</strong></span> <span class='ocrx_word' id='word_1_219' title='bbox 726 1779 796 1817; x_wconf 85' lang='lat' dir='ltr'><strong>est,</strong></span> <span class='ocrx_word' id='word_1_220' title='bbox 823 1773 957 1810; x_wconf 86' lang='lat' dir='ltr'><strong>‘Malo</strong></span> <span class='ocrx_word' id='word_1_221' title='bbox 978 1786 1108 1810; x_wconf 87' lang='lat' dir='ltr'><strong>emere</strong></span> <span class='ocrx_word' id='word_1_222' title='bbox 1129 1786 1247 1822; x_wconf 85' lang='lat' dir='ltr'><strong>quam</strong></span> <span class='ocrx_word' id='word_1_223' title='bbox 1270 1775 1427 1823; x_wconf 58' lang='lat' dir='ltr'><strong>rogare!</strong></span> <span class='ocrx_word' id='word_1_224' title='bbox 1602 1787 1640 1819; x_wconf 86' lang='lat'><strong>25</strong></span> 
     </span>
    </p>

    <p class='ocr_par' dir='ltr' id='par_1_7' title="bbox 248 1837 1643 2213">
     <span class='ocr_line' id='line_1_31' title="bbox 308 1837 1582 1888; baseline 0.002 -14"><span class='ocrx_word' id='word_1_225' title='bbox 308 1837 422 1876; x_wconf 88' lang='lat' dir='ltr'><strong>Dicet</strong></span> <span class='ocrx_word' id='word_1_226' title='bbox 441 1837 582 1887; x_wconf 84' lang='lat' dir='ltr'><strong>aliquis</strong></span> <span class='ocrx_word' id='word_1_227' title='bbox 602 1853 609 1875; x_wconf 90' lang='lat'>:</span> <span class='ocrx_word' id='word_1_228' title='bbox 642 1840 650 1856; x_wconf 92' lang='lat'>‘</span> <span class='ocrx_word' id='word_1_229' title='bbox 665 1837 804 1886; x_wconf 80' lang='lat' dir='ltr'><strong>Quid?</strong></span> <span class='ocrx_word' id='word_1_230' title='bbox 834 1844 875 1875; x_wconf 91' lang='lat' dir='ltr'><strong>tu</strong></span> <span class='ocrx_word' id='word_1_231' title='bbox 897 1837 970 1876; x_wconf 89' lang='lat' dir='ltr'><strong>ista</strong></span> <span class='ocrx_word' id='word_1_232' title='bbox 991 1851 1205 1888; x_wconf 79' lang='lat' dir='ltr'><strong>permagno</strong></span> <span class='ocrx_word' id='word_1_233' title='bbox 1226 1839 1408 1877; x_wconf 80' lang='lat' dir='ltr'><strong>aestimas</strong></span> <span class='ocrx_word' id='word_1_234' title='bbox 1425 1840 1461 1877; x_wconf 91' lang='lat'><strong>?’</strong></span> <span class='ocrx_word' id='word_1_235' title='bbox 1497 1840 1582 1888; x_wconf 85' lang='lat' dir='ltr'><strong>Ego</strong></span> 
     </span>
     <span class='ocr_line' id='line_1_32' title="bbox 250 1902 1584 1953; baseline 0.001 -13"><span class='ocrx_word' id='word_1_236' title='bbox 250 1916 342 1941; x_wconf 87' lang='lat' dir='ltr'><strong>vero</strong></span> <span class='ocrx_word' id='word_1_237' title='bbox 379 1904 430 1941; x_wconf 89' lang='lat' dir='ltr'><strong>ad</strong></span> <span class='ocrx_word' id='word_1_238' title='bbox 470 1916 599 1940; x_wconf 90' lang='lat' dir='ltr'><strong>meam</strong></span> <span class='ocrx_word' id='word_1_239' title='bbox 638 1902 829 1941; x_wconf 88' lang='lat' dir='ltr'><strong>rationem</strong></span> <span class='ocrx_word' id='word_1_240' title='bbox 869 1916 1066 1953; x_wconf 82' lang='lat' dir='ltr'><strong>usumque</strong></span> <span class='ocrx_word' id='word_1_241' title='bbox 1106 1916 1237 1941; x_wconf 88' lang='lat' dir='ltr'><strong>mcum</strong></span> <span class='ocrx_word' id='word_1_242' title='bbox 1278 1917 1358 1942; x_wconf 90' lang='lat' dir='ltr'><strong>non</strong></span> <span class='ocrx_word' id='word_1_243' title='bbox 1393 1903 1584 1950; x_wconf 84' lang='lat' dir='ltr'><strong>aestimo;</strong></span> 
     </span>
     <span class='ocr_line' id='line_1_33' title="bbox 249 1966 1582 2018; baseline 0.001 -14"><span class='ocrx_word' id='word_1_244' title='bbox 249 1981 383 2005; x_wconf 88' lang='lat' dir='ltr'><strong>verum</strong></span> <span class='ocrx_word' id='word_1_245' title='bbox 414 1974 547 2005; x_wconf 86' lang='lat' dir='ltr'><strong>tamen</strong></span> <span class='ocrx_word' id='word_1_246' title='bbox 571 1980 594 2005; x_wconf 90' lang='lat' dir='ltr'><strong>a</strong></span> <span class='ocrx_word' id='word_1_247' title='bbox 614 1966 726 2005; x_wconf 89' lang='lat' dir='ltr'><strong>vobis</strong></span> <span class='ocrx_word' id='word_1_248' title='bbox 751 1966 805 2005; x_wconf 90' lang='lat' dir='ltr'><strong>ita</strong></span> <span class='ocrx_word' id='word_1_249' title='bbox 834 1967 1000 2005; x_wconf 85' lang='lat' dir='ltr'><strong>arbitror</strong></span> <span class='ocrx_word' id='word_1_250' title='bbox 1027 1968 1193 2017; x_wconf 87' lang='lat' dir='ltr'><strong>spectari</strong></span> <span class='ocrx_word' id='word_1_251' title='bbox 1225 1976 1416 2018; x_wconf 88' lang='lat' dir='ltr'><strong>oportere,</strong></span> <span class='ocrx_word' id='word_1_252' title='bbox 1447 1968 1582 2018; x_wconf 88' lang='lat' dir='ltr'><strong>quanti</strong></span> 
     </span>
     <span class='ocr_line' id='line_1_34' title="bbox 249 2032 1584 2082; baseline 0.001 -12"><span class='ocrx_word' id='word_1_253' title='bbox 249 2034 346 2071; x_wconf 89' lang='lat' dir='ltr'><strong>haec</strong></span> <span class='ocrx_word' id='word_1_254' title='bbox 375 2046 511 2071; x_wconf 89' lang='lat' dir='ltr'><strong>eorum</strong></span> <span class='ocrx_word' id='word_1_255' title='bbox 540 2032 688 2071; x_wconf 89' lang='lat' dir='ltr'><strong>iudicio</strong></span> <span class='ocrx_word' id='word_1_256' title='bbox 718 2032 784 2082; x_wconf 91' lang='lat' dir='ltr'><strong>qui</strong></span> <span class='ocrx_word' id='word_1_257' title='bbox 820 2032 985 2071; x_wconf 78' lang='lat' dir='ltr'><strong>studiosi</strong></span> <span class='ocrx_word' id='word_1_258' title='bbox 1013 2040 1104 2071; x_wconf 84' lang='lat' dir='ltr'><strong>sunt</strong></span> <span class='ocrx_word' id='word_1_259' title='bbox 1139 2034 1275 2071; x_wconf 84' lang='lat' dir='ltr'><strong>harum</strong></span> <span class='ocrx_word' id='word_1_260' title='bbox 1311 2047 1437 2071; x_wconf 90' lang='lat' dir='ltr'><strong>rerum</strong></span> <span class='ocrx_word' id='word_1_261' title='bbox 1473 2032 1584 2071; x_wconf 90' lang='lat' dir='ltr'><strong>aesti-</strong></span> 
     </span>
     <span class='ocr_line' id='line_1_35' title="bbox 249 2098 1643 2148; baseline 0.001 -12"><span class='ocrx_word' id='word_1_262' title='bbox 249 2107 414 2146; x_wconf 83' lang='lat' dir='ltr'><strong>mentur,</strong></span> <span class='ocrx_word' id='word_1_263' title='bbox 448 2098 584 2148; x_wconf 87' lang='lat' dir='ltr'><strong>quanti</strong></span> <span class='ocrx_word' id='word_1_264' title='bbox 617 2098 750 2137; x_wconf 82' lang='lat' dir='ltr'><strong>venire</strong></span> <span class='ocrx_word' id='word_1_265' title='bbox 777 2101 940 2146; x_wconf 85' lang='lat' dir='ltr'><strong>soleant,</strong></span> <span class='ocrx_word' id='word_1_266' title='bbox 965 2098 1101 2148; x_wconf 90' lang='lat' dir='ltr'><strong>quanti</strong></span> <span class='ocrx_word' id='word_1_267' title='bbox 1137 2100 1233 2137; x_wconf 86' lang='lat' dir='ltr'><strong>haee</strong></span> <span class='ocrx_word' id='word_1_268' title='bbox 1265 2098 1359 2148; x_wconf 83' lang='lat' dir='ltr'><strong>ipsa,</strong></span> <span class='ocrx_word' id='word_1_269' title='bbox 1392 2098 1422 2136; x_wconf 89' lang='lat' dir='ltr'><strong>si</strong></span> <span class='ocrx_word' id='word_1_270' title='bbox 1453 2100 1582 2148; x_wconf 88' lang='lat' dir='ltr'><strong>palam</strong></span> <span class='ocrx_word' id='word_1_271' title='bbox 1603 2115 1643 2147; x_wconf 86' lang='lat'><strong>30</strong></span> 
     </span>
     <span class='ocr_line' id='line_1_36' title="bbox 248 2163 1583 2213; baseline 0 -13"><span class='ocrx_word' id='word_1_272' title='bbox 248 2163 448 2213; x_wconf 87' lang='lat' dir='ltr'><strong>libereque</strong></span> <span class='ocrx_word' id='word_1_273' title='bbox 487 2163 679 2211; x_wconf 87' lang='lat' dir='ltr'><strong>venirent,</strong></span> <span class='ocrx_word' id='word_1_274' title='bbox 717 2163 849 2201; x_wconf 79' lang='lat' dir='ltr'><strong>venire</strong></span> <span class='ocrx_word' id='word_1_275' title='bbox 898 2171 1070 2213; x_wconf 89' lang='lat' dir='ltr'><strong>possent,</strong></span> <span class='ocrx_word' id='word_1_276' title='bbox 1112 2163 1284 2213; x_wconf 85' lang='lat' dir='ltr'><strong>denique</strong></span> <span class='ocrx_word' id='word_1_277' title='bbox 1326 2163 1407 2212; x_wconf 84' lang='lat' dir='ltr'><strong>ipse</strong></span> <span class='ocrx_word' id='word_1_278' title='bbox 1443 2165 1583 2201; x_wconf 80' lang='lat' dir='ltr'><strong>Verres</strong></span> 
     </span>
    </p>

    <p class='ocr_par' dir='ltr' id='par_1_8' title="bbox 295 2266 1584 2308">
     <span class='ocr_line' id='line_1_37' title="bbox 295 2266 1584 2308; baseline 0 -10"><span class='ocrx_word' id='word_1_279' title='bbox 295 2278 332 2297; x_wconf 86' lang='lat'><strong>12</strong></span> <span class='ocrx_word' id='word_1_280' title='bbox 358 2278 556 2308; x_wconf 82' lang='lat' dir='ltr'><strong>persuasum</strong></span> <span class='ocrx_word' id='word_1_281' title='bbox 574 2273 626 2298; x_wconf 91' lang='lat' dir='ltr'><strong>est</strong></span> <span class='ocrx_word' id='word_1_282' title='bbox 644 2268 674 2297; x_wconf 89' lang='lat' dir='ltr'><strong>ei</strong></span> <span class='ocrx_word' id='word_1_283' title='bbox 688 2269 749 2307; x_wconf 63' lang='lat'><strong>7³5:</strong></span> <span class='ocrx_word' id='word_1_284' title='bbox 775 2268 804 2297; x_wconf 84' lang='lat' dir='ltr'><strong>ei</strong></span> <span class='ocrx_word' id='word_1_285' title='bbox 824 2278 1017 2307; x_wconf 86' lang='lat' dir='ltr'><strong>persuasum</strong></span> <span class='ocrx_word' id='word_1_286' title='bbox 1036 2274 1087 2298; x_wconf 87' lang='lat' dir='ltr'><strong>cst</strong></span> <span class='ocrx_word' id='word_1_287' title='bbox 1105 2266 1238 2300; x_wconf 81' lang='lat' dir='ltr'><strong>Lamb..</strong></span> <span class='ocrx_word' id='word_1_288' title='bbox 1258 2267 1409 2298; x_wconf 73' lang='lat' dir='ltr'><strong>Heraeus</strong></span> <span class='ocrx_word' id='word_1_289' title='bbox 1546 2278 1584 2307; x_wconf 91' lang='lat'><strong>19</strong></span> 
     </span>
    </p>
   </div>
   <div class='ocr_carea' id='block_1_7' title="bbox 248 2310 1583 2396">
    <p class='ocr_par' dir='ltr' id='par_1_9' title="bbox 248 2310 1583 2396">
     <span class='ocr_line' id='line_1_38' title="bbox 248 2310 1583 2350; baseline 0.001 -9"><span class='ocrx_word' id='word_1_290' title='bbox 248 2312 289 2341; x_wconf 80' lang='lat' dir='ltr'><strong>ab</strong></span> <span class='ocrx_word' id='word_1_291' title='bbox 306 2313 362 2342; x_wconf 72' lang='grc' dir='ltr'><strong>πδς</strong></span> <span class='ocrx_word' id='word_1_292' title='bbox 388 2323 442 2342; x_wconf 85' lang='lat' dir='ltr'><strong>om</strong></span> <span class='ocrx_word' id='word_1_293' title='bbox 477 2311 538 2342; x_wconf 78' lang='lat' dir='ltr'><strong>RS</strong></span> <span class='ocrx_word' id='word_1_294' title='bbox 663 2321 699 2340; x_wconf 79' lang='lat'><strong>21</strong></span> <span class='ocrx_word' id='word_1_295' title='bbox 727 2311 922 2350; x_wconf 76' lang='lat' dir='ltr'><strong>quingentis</strong></span> <span class='ocrx_word' id='word_1_296' title='bbox 940 2310 1077 2342; x_wconf 81' lang='lat' dir='ltr'><strong>Holom.</strong></span> <span class='ocrx_word' id='word_1_297' title='bbox 1098 2322 1137 2341; x_wconf 75' lang='lat' dir='ltr'><strong>cx</strong></span> <span class='ocrx_word' id='word_1_298' title='bbox 1156 2315 1170 2348; x_wconf 63' lang='grc' dir='ltr'><strong>ξ</strong></span> <span class='ocrx_word' id='word_1_299' title='bbox 1189 2313 1250 2350; x_wconf 83' lang='grc'><strong>38;</strong></span> <span class='ocrx_word' id='word_1_300' title='bbox 1276 2321 1354 2342; x_wconf 86' lang='lat'>11100</span> <span class='ocrx_word' id='word_1_301' title='bbox 1377 2311 1440 2341; x_wconf 79' lang='lat' dir='ltr'><strong>RS</strong></span> <span class='ocrx_word' id='word_1_302' title='bbox 1527 2311 1583 2342; x_wconf 86' lang='lat' dir='ltr'><strong>Sic</strong></span> 
     </span>
     <span class='ocr_line' id='line_1_39' title="bbox 252 2354 1448 2396; baseline 0.003 -12"><span class='ocrx_word' id='word_1_303' title='bbox 252 2355 379 2385; x_wconf 61' lang='lat' dir='ltr'><strong>Vllrffi:</strong></span> <span class='ocrx_word' id='word_1_304' title='bbox 405 2355 465 2384; x_wconf 78' lang='lat' dir='ltr'><strong>sed</strong></span> <span class='ocrx_word' id='word_1_305' title='bbox 486 2354 545 2385; x_wconf 74' lang='lat' dir='ltr'><strong>RS</strong></span> <span class='ocrx_word' id='word_1_306' title='bbox 649 2366 688 2384; x_wconf 75' lang='lat'><strong>22</strong></span> <span class='ocrx_word' id='word_1_307' title='bbox 715 2355 825 2384; x_wconf 72' lang='lat' dir='ltr'><strong>iuvant</strong></span> <span class='ocrx_word' id='word_1_308' title='bbox 843 2354 932 2385; x_wconf 79' lang='lat' dir='ltr'><strong>codd.</strong></span> <span class='ocrx_word' id='word_1_309' title='bbox 1040 2365 1079 2393; x_wconf 79' lang='lat'><strong>25</strong></span> <span class='ocrx_word' id='word_1_310' title='bbox 1106 2362 1272 2396; x_wconf 84' lang='lat' dir='ltr'><strong>emerep:</strong></span> <span class='ocrx_word' id='word_1_311' title='bbox 1298 2367 1362 2388; x_wconf 85' lang='lat' dir='ltr'><strong>om.</strong></span> <span class='ocrx_word' id='word_1_312' title='bbox 1386 2357 1448 2387; x_wconf 74' lang='lat' dir='ltr'><strong>RS</strong></span> 
     </span>
    </p>
   </div>
  </div>
 </body>
</html>
