1715 2734
210 75 261 112 28
285 90 322 123 72
653 79 709 116 M.
743 79 913 117 TVLLI
945 79 1255 119 CICERONIS

222 197 260 231 72
282 188 345 225 De
372 200 452 237 quo
483 201 534 227 ne
568 190 691 227 multa
722 188 911 228 disseram
938 196 1091 228 tanturn
1121 191 1223 237 dico,
1251 197 1430 229 secutum
1460 190 1501 230 id
1531 204 1616 229 esse

281 253 482 290 Neronem
522 261 560 292 et
599 254 682 292 eius
730 254 967 293 consilium:
1011 257 1120 305 quod
1163 256 1392 295 Cornelium
1437 256 1615 295 lictorem

279 317 454 356 occisum
476 332 561 357 esse
588 326 797 366 constaret,
828 328 986 370 putasse
1012 334 1093 359 non
1118 330 1298 371 oportere
1322 335 1408 360 esse
1429 321 1615 371 cuiquam

279 395 328 419 ne
349 382 388 420 in
410 383 636 430 ulciscenda
660 384 823 434 quidem
848 384 987 422 iniuria
1011 385 1182 423 hominis
1207 386 1417 424 occidendi
1449 394 1615 436 potesta-

277 454 368 485 tem.
429 450 476 486 In
497 462 577 498 quo
593 449 710 488 video
738 450 908 488 Neronis
935 450 1083 489 iudicio
1113 464 1193 488 non
1218 459 1256 489 te
1282 451 1509 490 absolutum
1530 465 1615 491 esse
1635 465 1652 496 5

276 511 549 562 improbitatis,
573 515 643 552 sed
665 514 751 553 illos
772 515 981 553 damnatos
1003 528 1088 553 esse
1109 515 1251 554 caedis.

331 580 479 616 Verum
514 579 587 617 ista
618 579 822 618 damnatio
850 588 982 618 tamen
1013 580 1124 619 cuius
1155 581 1264 620 modi
1293 581 1396 619 suit?
1452 582 1610 628 Audite,

277 655 436 691 quaeso,
456 643 616 691 iudices,
641 652 679 682 et
708 644 923 694 aliquando
945 644 1185 683 miseremini
1207 645 1403 684 sociorum
1427 654 1465 684 et
1486 654 1614 685 osten-

203 719 257 756 29
277 707 359 746 dite
378 708 527 757 aliquid
549 708 594 747 iis
615 708 653 746 in
682 718 808 747 vestra
829 711 907 748 fide
932 710 1099 760 praesidi
1127 724 1212 749 esse
1239 719 1430 761 oportere.
1491 712 1613 760 Quod

277 773 349 810 toti
374 773 492 812 Asiae
519 774 601 812 iure
631 775 785 813 occisus
816 775 1022 814 videbatur
1050 775 1159 814 istius
1184 776 1248 814 ille
1279 776 1400 813 verbo
1427 776 1549 823 lictor,
1572 790 1612 814 re
1635 793 1673 814 10
1706 823 1709 827 ,

276 850 366 875 vera
397 838 573 877 minister
604 839 920 889 improbissimae
957 840 1195 890 cupiditatis,
1227 840 1426 891 pertimuit
1461 840 1533 879 iste
1562 855 1612 879 ne

277 903 535 942 Philodamus
584 905 754 943 Neronis
804 905 951 943 iudicio
998 905 1252 953 liberaretur3
1300 915 1407 956 rogat
1450 914 1487 944 et
1529 914 1611 944 orat

276 969 525 1006 Dolabellam
547 977 589 1007 ut
618 970 669 1007 de
697 983 766 1008 sua
793 970 994 1020 provincia
1019 971 1197 1017 decedat,
1225 972 1276 1008 ad
1306 972 1507 1009 Neronem
1528 984 1611 1021 pro-

272 1032 491 1081 ficiscatur;
532 1047 574 1072 se
611 1035 856 1073 demonstrat
888 1035 1127 1073 incolumem
1170 1049 1255 1074 esse
1299 1048 1379 1073 non
1420 1048 1547 1084 posse,
1581 1035 1611 1073 si

273 1098 511 1137 Philodamo
532 1098 661 1137 vivere
681 1107 800 1149 atque
821 1099 1037 1149 aliquando
1064 1101 1235 1137 Romam
1267 1099 1398 1137 venire
1426 1099 1608 1138 licuisset.
1633 1115 1671 1147 ³5

215 1167 252 1200 73
275 1162 511 1201 Commotus
547 1171 606 1202 est
640 1164 873 1203 Dolabella:
917 1164 1008 1202 fecit
1043 1164 1084 1203 id
1113 1166 1223 1215 quod
1258 1165 1370 1203 multi
1401 1167 1608 1216 reprehen-

273 1228 426 1275 derunt,
450 1238 491 1266 ut
521 1231 745 1274 exercitum,
769 1229 1025 1278 provinciam,
1048 1230 1197 1268 bellum
1226 1230 1474 1280 relinqueret,
1498 1239 1535 1268 et
1567 1230 1607 1268 in

271 1293 407 1332 Asiam
429 1293 602 1331 bominis
624 1293 853 1343 nequissimi
876 1306 993 1331 causa
1016 1293 1053 1330 in
1075 1293 1242 1331 alienam
1263 1294 1504 1343 provinciam
1527 1308 1611 1345 pro-

272 1358 519 1397 ficisceretur.
582 1360 845 1408 Posteaquam
875 1359 926 1396 ad
954 1359 1154 1395 Neronem
1187 1357 1303 1404 venit,
1333 1359 1538 1397 contendit
1559 1360 1610 1398 ab

271 1438 320 1462 eo
359 1432 399 1462 ut
433 1423 656 1462 Philodami
688 1437 847 1462 causam
883 1430 1148 1472 cognosceret.
1209 1425 1381 1461 Venerat
1420 1424 1504 1473 ipse
1542 1425 1609 1475 qui
1631 1440 1671 1463 20

271 1497 372 1528 esset
394 1489 432 1527 in
463 1489 630 1527 consilio
660 1497 697 1527 et
731 1488 879 1538 primus
914 1488 1149 1526 sententiam
1184 1488 1359 1535 diceret3
1393 1490 1609 1528 adduxerat

271 1555 388 1593 etiam
411 1556 629 1604 praefectos
650 1562 687 1592 et
716 1553 894 1592 tribunos
914 1553 1088 1591 militaris
1111 1566 1213 1599 suos,
1231 1566 1330 1602 quos
1353 1555 1460 1592 Nero
1480 1555 1610 1594 omnis

270 1620 309 1657 in
344 1619 552 1658 consilium
588 1619 768 1666 vocavit;
808 1626 888 1656 erat
928 1619 966 1655 in
999 1618 1166 1656 consilio
1196 1618 1313 1656 etiam
1348 1619 1609 1668 aequissimus

270 1685 387 1724 iudex
417 1685 499 1735 ipse
530 1687 694 1732 Verres3
729 1692 838 1722 erant
866 1697 946 1721 non
975 1684 1071 1721 nulli
1103 1683 1222 1733 togati
1258 1683 1470 1722 creditores
1493 1686 1609 1723 Grae-

270 1764 417 1789 corum.
432 1750 576 1800 quibus
596 1751 647 1788 ad
664 1749 875 1799 exigendas
907 1749 1094 1799 pecunias
1116 1749 1396 1799 improbissimi
1417 1749 1608 1800 cuiusque
1631 1767 1667 1797 ²5

212 1822 251 1856 74
270 1816 384 1865 legati
406 1816 617 1866 plurimum
641 1819 799 1866 prodest
813 1820 943 1869 gratia.
1007 1821 1078 1857 Ille
1093 1819 1209 1857 miser
1232 1820 1481 1857 defensorem
1503 1831 1608 1867 repe-

268 1881 341 1919 rire
380 1881 580 1919 neminem
620 1890 797 1931 poterat3
837 1884 923 1934 quis
965 1885 1070 1923 enim
1107 1892 1208 1922 esset
1239 1891 1306 1921 aut
1341 1890 1505 1933 togatus,
1539 1882 1605 1932 qui

270 1948 502 1985 Dolabellae
532 1947 663 1996 gratia,
693 1956 760 1986 aut
789 1951 974 1994 Graccus,
1007 1949 1073 1999 qui
1107 1950 1283 1987 eiusdem
1311 1948 1347 1986 vi
1373 1956 1410 1986 et
1441 1947 1605 1997 imperio

268 2025 347 2049 non
370 2020 590 2051 moveretur
606 2014 622 2050 ?
680 2017 897 2053 Accusator
910 2024 1041 2053 autem
1057 2015 1268 2065 adponitur
1285 2013 1378 2052 civis
1397 2015 1603 2051 Romanus

267 2079 317 2115 de
338 2077 596 2116 creditoribus
621 2080 1003 2129 Lampsacenorum;
1044 2080 1110 2129 qui
1147 2079 1177 2117 si
1206 2079 1365 2117 dixisset
1391 2079 1499 2128 quod
1531 2077 1603 2116 iste
1623 2091 1664 2121 30

315 2192 325 2211 ι
355 2182 458 2212 multa
477 2195 496 2211 π
513 2195 518 2213 :
545 2184 682 2213 multum
702 2182 766 2212 ΒΨ
858 2194 876 2221 5
905 2184 1052 2214 Neronis
1070 2183 1192 2213 iudicio
1207 2182 1262 2213 del.
1280 2182 1371 2212 Bake
1461 2191 1476 2220 7
1502 2181 1601 2212 suerit

265 2224 377 2255 audite
398 2236 439 2264 qr
454 2226 522 2257 edd.
545 2237 615 2257 rece.
738 2237 759 2266 9
784 2227 837 2256 his
853 2227 939 2257 codd.
1074 2237 1110 2265 17
1137 2227 1170 2256 in
1188 2226 1302 2256 Asiam
1322 2230 1405 2256 auct.
1423 2224 1510 2255 Jord.
1530 2226 1596 2255 seclv

266 2267 368 2307 Kays.
483 2272 524 2300 26
548 2281 620 2309 rep.
638 2280 725 2301 nem.
743 2275 812 2309 pot.
832 2271 900 2307 πὸδ,
920 2269 1120 2310 Zielinskip.
1141 2280 1220 2309 193:
1248 2280 1334 2299 nem.
1354 2279 1424 2308 rep.
1444 2275 1512 2307 pot.
1537 2269 1599 2299 ΒΨ

265 2320 309 2350 3ο
331 2313 418 2351 quod
439 2314 501 2343 iste
521 2314 676 2344 iussisset
692 2326 716 2345 s.
731 2314 750 2344 I.
766 2314 801 2353 [³²
