1715 2734
210 47 477 85 ACTIONIS
510 48 568 85 IN
600 48 643 86 C.
667 48 907 85 VERREM
939 48 1238 87 SECVNDAE
1270 49 1374 85 LIB.
1397 48 1433 83 V
1480 49 1531 93 38
1555 61 1615 83 100

210 159 502 198 multitudinem
528 160 690 211 piratico
719 159 973 210 myoparoni!
1003 159 1042 198 in
1070 167 1183 210 portu
1212 161 1457 209 Syracusano
1481 160 1531 197 de

209 225 331 263 classe
375 225 509 275 populi
556 225 726 263 Romani
774 225 1014 274 triumphum
1063 238 1175 274 agere
1222 224 1398 274 piratam,
1439 238 1530 262 cum

208 289 393 338 praetoris
421 290 642 328 inertissimi
669 290 978 340 nequissimique
1005 291 1142 329 oculos
1167 291 1412 339 praedonum
1434 288 1530 328 remi

207 364 470 404 respergerent
491 358 496 392 1

168 438 184 468 5
260 420 522 468 Posteaquam
544 433 564 457 e
586 428 699 469 portu
720 419 866 469 piratae
887 432 966 457 non
998 426 1106 456 metu
1134 418 1267 468 aliquo
1295 418 1438 456 adfecti
1460 419 1529 456 sed

205 482 381 521 satietate
401 483 586 530 exierunt,
608 492 690 522 tum
712 492 923 534 coeperunt
951 497 1135 533 quaerere
1161 483 1341 522 homines
1371 497 1529 522 causam

203 546 305 585 illius
326 555 455 586 tantae
476 548 716 587 calamitatis.
778 549 919 586 Dicere
940 562 1078 586 omnes
1107 556 1144 585 et
1172 550 1300 598 palam
1330 547 1529 598 disputare

203 611 365 650 minime
385 626 468 651 esse
490 613 711 651 mirandum
742 613 773 651 si
804 613 1014 662 remigibus
1045 613 1313 663 militibusque
1343 613 1526 660 dimissis,

202 677 358 726 reliquis
393 685 563 727 egestate
599 685 636 716 et
675 680 776 716 fame
811 677 982 728 perditis,
1019 686 1195 727 praetore
1230 686 1287 716 tot
1321 678 1405 716 dies
1435 692 1526 716 cum

145 757 183 779 10
202 742 436 780 mulierculis
466 750 707 793 perpotante,
738 750 845 781 tanta
874 742 1089 792 ignominia
1120 751 1157 781 et
1193 742 1392 781 calamitas
1425 750 1526 781 esset

198 814 370 856 accepta.
433 810 545 846 Haec
574 816 705 846 autem
734 807 842 845 istius
863 807 1095 857 vituperatio
1116 815 1235 857 atque
1255 808 1415 845 infamia
1435 821 1526 846 con·
1549 827 1605 849 101

201 873 425 910 firmabatur
445 886 579 910 eorum
601 886 780 911 sermone
801 872 867 922 qui
888 886 910 910 a
931 872 1009 910 suis
1026 872 1248 910 civitatibus
1270 872 1342 910 illis
1359 873 1524 911 navibus

199 937 406 986 praepositi
438 939 599 976 fuerant.
660 937 737 986 Qui
772 951 817 975 ex
852 937 917 975 illo
952 950 1116 974 numero
1152 937 1288 986 reliqui
1316 939 1523 986 Syracusas

198 1003 320 1039 classe
340 1002 482 1039 amissa
503 1004 720 1052 refugerant
740 1001 925 1040 dicebant
946 1009 1042 1052 quot
1065 1016 1110 1040 ex
1138 1016 1207 1040 sua
1237 1002 1403 1052 quisque
1424 1017 1522 1042 nave

143 1081 177 1112 15
199 1066 336 1104 missos
358 1066 471 1105 sciret
492 1081 588 1105 esse.
648 1069 727 1105 Res
748 1074 827 1106 erat
844 1068 958 1114 clara,
974 1081 1102 1117 neque
1130 1069 1257 1106 solum
1282 1069 1520 1118 argumentis

196 1132 265 1168 sed
295 1132 411 1169 etiam
442 1132 555 1170 certis
585 1131 748 1170 testibus
779 1131 888 1170 istius
917 1131 1083 1170 audacia
1104 1133 1319 1170 tenebatur.
1381 1135 1520 1172 Homo
1539 1144 1593 1182 39

195 1195 334 1233 certior
364 1197 405 1234 fit
434 1196 495 1246 agi
524 1196 621 1234 nihil
649 1196 689 1234 in
718 1197 803 1234 foro
832 1204 870 1235 et
900 1205 1097 1235 conventu
1128 1205 1212 1236 toto
1242 1198 1306 1236 die
1335 1198 1409 1236 nisi
1430 1200 1517 1247 hoc,

194 1261 327 1309 quaeri
360 1275 405 1299 ex
437 1261 642 1300 nauarchis
676 1274 793 1311 quem
825 1262 876 1300 ad
909 1263 1074 1300 modum
1107 1262 1240 1300 classis
1268 1262 1317 1300 sit
1348 1263 1518 1313 amissa;

196 1325 280 1363 illos
313 1329 548 1376 respondere
580 1334 617 1365 et
648 1328 791 1365 docere
828 1340 951 1365 unum
990 1341 1199 1377 quemque,
1240 1327 1427 1367 missione
1465 1343 1519 1368 re-

135 1405 176 1427 20
196 1391 353 1441 migum,
376 1394 477 1431 fame
498 1393 746 1442 reliquorum,
770 1391 995 1431 Cleomenis
1018 1392 1155 1430 timore
1177 1400 1214 1430 et
1236 1394 1335 1443 fuga.
1396 1396 1517 1443 Quod

194 1464 448 1506 posteaquam
481 1457 552 1495 iste
587 1457 780 1507 cognovit,
820 1459 922 1495 hanc
961 1457 1149 1496 rationem
1191 1459 1335 1497 habere
1373 1461 1514 1510 coepit.

192 1522 361 1560 Causam
398 1522 471 1560 sibi
503 1522 713 1561 dicendam
749 1535 833 1560 esse
868 1529 1052 1560 statuerat
1088 1523 1163 1560 iam
1196 1531 1408 1573 antequam
1440 1527 1516 1564 hoc

191 1600 261 1623 usu
301 1587 416 1632 venit,
457 1587 509 1624 ita
556 1595 596 1625 ut
645 1587 772 1637 ipsum
814 1587 939 1636 priore
982 1587 1137 1625 actione
1176 1588 1305 1627 dicere
1339 1590 1512 1630 audistis.

191 1650 361 1689 Videbat
383 1651 455 1689 illis
476 1652 679 1689 nauarchis
701 1651 864 1689 testibus
886 1658 1037 1689 tantum
1060 1653 1135 1690 hoc
1156 1652 1302 1691 crimen
1324 1656 1515 1695 sustinere

132 1728 169 1759 25
191 1729 232 1753 se
271 1718 379 1754 nullo
418 1719 537 1755 modo
576 1731 701 1766 posse.
773 1716 993 1756 Consilium
1033 1717 1136 1767 capit
1175 1718 1300 1767 primo
1339 1722 1512 1768 stultum,

190 1794 322 1818 verum
363 1789 493 1819 tamen
532 1783 716 1819 clemens.
777 1783 1006 1819 Nauarchos
1045 1784 1094 1820 ad
1134 1796 1174 1821 se
1212 1784 1341 1822 vocari
1380 1785 1593 1835 iubet3102

187 1845 359 1883 veniunt.
419 1848 589 1884 Accusat
628 1860 694 1884 eos
735 1848 842 1896 quod
883 1846 965 1885 eius
1005 1847 1112 1885 modi
1151 1849 1201 1885 de
1232 1862 1273 1886 se
1312 1862 1512 1890 sermones

187 1911 419 1957 habuerint3
449 1919 556 1960 rogat
586 1918 627 1948 ut
662 1911 701 1948 in
737 1924 806 1948 sua
835 1910 1002 1960 quisque
1033 1911 1137 1949 dicat
1169 1912 1255 1949 navi
1287 1927 1327 1951 se
1358 1921 1510 1954 tantum

187 1976 369 2014 habuisse
400 1983 604 2014 nautarum
635 1983 823 2025 quantum
856 1975 1080 2025 oportuerit,
1112 1990 1240 2026 neque
1270 1991 1509 2028 quemquam

129 2055 167 2084 30
186 2054 271 2078 esse
303 2040 520 2079 dimissum.
581 2040 642 2078 Illi
674 2041 779 2079 enim
812 2054 902 2078 vero
935 2055 975 2079 se
1008 2042 1222 2079 ostendunt
1254 2044 1361 2091 quod
1394 2046 1509 2083 vellet

232 2154 269 2182 14
294 2148 376 2183 quot
394 2142 512 2174 Lamb.
529 2153 537 2173 t
560 2143 649 2182 quod
667 2142 739 2181 RS,
759 2153 843 2181 quos
857 2143 898 2182 p5
1020 2153 1103 2172 nave
1121 2142 1184 2173 RS
1200 2155 1206 2173 :
1232 2144 1305 2174 navi
1320 2146 1361 2184 ρδ
1380 2146 1410 2184 (ξ
1433 2147 1507 2187 102)

188 2196 225 2226 17
251 2192 284 2217 et
302 2188 334 2217 in
346 2192 371 2226 j)
461 2192 529 2217 toto
546 2186 631 2226 RSp
646 2198 652 2216 :
678 2191 747 2216 tota
763 2190 813 2225 ᾳΨ
953 2186 990 2216 18
1015 2192 1105 2217 esset
1123 2187 1138 2215 δ
1313 2198 1354 2226 24
1378 2189 1508 2220 vidistis

184 2229 248 2260 RS
347 2231 411 2261 illis
424 2237 470 2271 p:
496 2232 549 2261 ille
568 2231 596 2261 is
615 2231 667 2260 R:
693 2231 747 2260 ille
764 2230 817 2259 his
838 2230 930 2263 (hiisi
949 2229 1041 2259 SD'v
1198 2239 1236 2267 27
1263 2239 1299 2259 se
1316 2240 1382 2260 om-
1402 2229 1503 2270 Rlpl:

183 2282 358 2304 sermones
376 2275 417 2304 de
435 2285 472 2305 se
491 2274 547 2305 SW
680 2275 722 2303 28
748 2277 841 2311 rogat
859 2278 893 2302 ut
911 2273 941 2302 id
962 2273 1072 2301 facere
1090 2272 1253 2301 desistant
1271 2278 1304 2302 et
1319 2273 1351 2302 in
1368 2284 1428 2304 sua
1439 2276 1482 2314 ρδ
