1715 2734
162 88 218 124 29
241 89 282 124 73
610 77 666 114 Μ.
689 77 857 114 TVLLI
890 75 1196 115 CICERONIS

236 187 331 227 dixit
352 202 404 236 se,
426 189 534 239 quod
548 189 662 226 sciret
679 187 751 225 sibi
767 186 920 225 crimini
934 187 1070 225 datum
1087 187 1129 224 iri
1144 186 1352 237 pecuniam
1365 186 1564 238 accepisse

236 266 366 303 neque
399 254 450 291 de
483 266 575 292 vero
605 251 838 302 archipirata
871 252 1085 301 sumpsisse
1117 250 1365 301 supplicium,
1399 252 1490 290 ideo
1523 265 1565 290 se

236 318 359 357 securi
390 331 471 357 non
499 316 735 367 percussisse
750 331 760 363 ;
799 317 909 355 dorni
940 329 1026 354 esse
1056 317 1162 366 apud
1196 330 1281 355 sese
1314 317 1566 367 archipiratas

179 395 216 428 74
235 382 332 421 dixit
351 384 462 422 duos.
524 383 560 421 O
582 380 831 420 clementiam
863 381 998 431 populi
1030 382 1202 419 Romani
1232 394 1300 419 seu
1321 381 1451 431 potius
1472 382 1566 431 pati-

235 449 382 486 entiam
421 448 559 485 miram
597 460 643 484 ac
682 447 941 496 singularem!
999 447 1137 485 Civem
1179 448 1407 484 Romanum
1439 445 1604 489 securi5

236 525 321 551 esse
352 524 580 562 percussum
615 512 669 548 M.
703 511 868 558 Annius,
897 524 1020 560 eques
1051 512 1268 558 Romanus,
1298 510 1403 558 dicit,
1434 518 1566 549 taces:

236 576 509 627 archipiratam
530 583 656 626 negat,
680 574 819 613 fateris.
881 575 942 613 Fit
963 574 1130 625 gemitus
1148 575 1326 614 omnium
1347 583 1386 614 et
1406 577 1566 623 clamor,

238 655 328 680 cum
367 649 498 679 tamen
533 654 555 679 a
593 641 786 690 praesenti
826 639 1020 690 supplicio
1056 648 1125 678 tuo
1163 639 1358 679 continuit
1396 643 1567 691 populus

239 709 444 746 Romanus
475 720 517 745 se
545 713 583 745 et
613 707 793 756 repressit
823 713 861 744 et
891 705 1025 744 salutis
1055 719 1148 744 suae
1178 707 1370 744 rationem
1391 706 1567 745 iudicum

238 771 431 810 severitati
453 772 669 810 reservavit.
730 770 869 820 Quid?
898 771 1049 809 sciebas
1071 770 1142 809 tibi
1164 770 1316 808 crimini
1337 771 1473 809 datum
1495 770 1570 809 iri?
1591 785 1630 807 10

239 850 357 887 quam
390 837 443 875 ob
476 850 558 875 rem
592 836 756 884 sciebas,
789 849 907 885 quarn
939 835 993 874 ob
1027 849 1108 874 rem
1145 835 1262 874 etiam
1290 835 1570 885 suspicabare?

240 901 452 940 Inimicum
484 901 659 940 habebas
697 901 924 948 neminem3
964 901 995 938 si
1028 900 1203 947 haberes,
1238 907 1369 939 tamen
1404 914 1485 938 non
1517 902 1570 939 ita

238 968 385 1005 vixeras
415 974 458 1004 ut
487 973 637 1004 metum
667 965 786 1005 iudici
815 966 1061 1016 propositum
1091 966 1236 1004 habere
1270 966 1445 1005 deberes.
1505 968 1569 1004 An

239 1040 288 1079 te,
309 1034 349 1071 id
370 1033 478 1082 quod
500 1032 581 1070 fieri
612 1033 721 1079 solet,
744 1032 985 1070 conscientia
1014 1031 1196 1069 timidum
1228 1031 1569 1082 suspiciosumque

240 1097 435 1136 faciebat?
493 1096 574 1146 Qui
606 1096 730 1146 igitur,
769 1110 860 1134 cum
898 1110 1003 1135 esses
1035 1109 1125 1134 cum
1158 1096 1334 1146 imperio,
1374 1097 1450 1134 iam
1485 1104 1569 1134 tum
1593 1113 1629 1145 15

238 1162 387 1201 crimen
428 1170 465 1201 et
495 1162 686 1201 iudicium
716 1161 920 1209 horrueris,
952 1175 1043 1200 cum
1073 1169 1131 1200 tot
1162 1162 1327 1200 testibus
1362 1174 1571 1212 coarguare

182 1239 220 1274 75
239 1235 351 1278 potes
389 1228 440 1266 de
477 1228 733 1266 damnatione
770 1227 981 1265 dubitare?
1051 1228 1200 1265 Verum
1238 1226 1270 1264 si
1309 1226 1456 1265 crimen
1494 1228 1571 1265 hoc

240 1293 456 1340 metuebas,
478 1306 528 1331 ne
557 1293 645 1343 quis
680 1293 927 1343 suppositum
958 1293 1028 1331 abs
1059 1300 1098 1331 te
1127 1306 1213 1331 esse
1242 1293 1391 1331 diceret
1412 1292 1479 1343 qui
1501 1306 1571 1343 pro

239 1358 472 1409 archipirata
505 1359 629 1397 securi
662 1358 847 1405 feriretur,
882 1365 1011 1396 utrum
1044 1359 1204 1397 tandem
1240 1357 1311 1396 tibi
1350 1359 1401 1396 ad
1439 1359 1572 1397 desen-

240 1423 392 1462 sionem
409 1423 557 1462 firmius
573 1425 655 1462 fore
672 1422 827 1474 putasti,
844 1424 881 1460 in
899 1422 1046 1462 iudicio
1063 1430 1202 1461 coactu
1223 1430 1340 1472 atque
1361 1423 1572 1473 efflagitatu
1595 1439 1633 1460 20

241 1502 331 1527 meo
365 1490 582 1538 producere
615 1489 665 1527 ad
706 1489 859 1538 ignotos
893 1496 1002 1526 tanto
1035 1496 1123 1538 post
1163 1502 1253 1526 eum
1294 1501 1413 1538 quem
1452 1489 1573 1526 archi-

241 1555 403 1605 piratam
435 1568 519 1593 esse
543 1556 704 1602 diceres,
730 1568 780 1592 an
809 1553 954 1592 recenti
983 1568 1033 1601 re,
1065 1555 1274 1604 Syracusis,
1305 1554 1412 1603 apud
1445 1560 1572 1601 notos,

242 1622 486 1670 inspectante
518 1619 649 1658 Sicilia
682 1633 807 1669 paene
841 1627 933 1667 tota,
974 1619 1098 1658 securi
1135 1619 1278 1658 ferire?
1334 1618 1438 1657 Vide
1477 1620 1573 1668 quid

242 1686 390 1725 intersit
422 1694 551 1724 utrum
583 1685 806 1724 faciendum
838 1685 975 1724 fuerit:
1008 1686 1048 1724 in
1084 1686 1150 1724 illo
1182 1684 1434 1736 reprehensio
1467 1685 1574 1721 nulla

241 1759 354 1799 esset,
389 1752 453 1789 hic
483 1751 660 1790 defensio
690 1753 797 1789 nulla
826 1759 894 1790 est.
957 1752 1097 1801 Itaque
1127 1751 1223 1790 illud
1253 1763 1406 1800 semper
1434 1762 1573 1787 omnes
1595 1760 1633 1792 25

242 1821 428 1865 fecerunt,
450 1818 526 1855 hoc
547 1816 632 1867 quis
655 1824 745 1855 ante
767 1824 815 1864 te,
838 1816 925 1867 quis
946 1824 1098 1867 praeter
1118 1824 1167 1863 te,
1189 1815 1321 1854 fecerit
1342 1827 1498 1865 quaero.

297 1883 466 1921 Piratam
496 1883 627 1920 vivum
658 1881 826 1920 tenuisti.
889 1883 1020 1931 Quem
1055 1883 1106 1920 ad
1141 1882 1290 1919 finem?
1349 1880 1455 1917 Dum
1481 1892 1572 1917 cum

242 1948 406 1999 imperio
436 1947 551 1986 fuisti.
611 1948 742 1996 Quam
774 1947 825 1985 ob
860 1959 1031 1993 causam,
1063 1959 1143 1996 quo
1170 1947 1361 1996 exemplo,
1394 1958 1462 1983 cur
1493 1951 1572 1981 tam

242 2014 340 2052 diu?
383 2027 461 2059 cur,
484 2013 656 2062 inquam,
685 2011 835 2050 civibus
864 2012 1055 2050 Romanis
1086 2026 1186 2062 quos
1215 2013 1361 2062 piratae
1388 2016 1574 2060 ceperant

289 2128 307 2146 2
332 2127 367 2147 sc
385 2118 493 2147 securi
510 2115 624 2146 SDW:
649 2126 726 2145 csse
744 2116 812 2146 curi
833 2116 887 2145 Re
913 2116 1020 2146 securi
1034 2115 1097 2156 pk&
1245 2116 1265 2145 8
1290 2125 1326 2145 sc
1344 2113 1512 2144 continuit
1525 2118 1549 2153 p
1567 2124 1574 2143 :

245 2166 333 2191 cont.
346 2171 382 2191 se
400 2171 419 2199 q
535 2162 572 2189 16
597 2160 752 2189 iudicium
771 2165 803 2189 ct
822 2160 948 2190 crimen
963 2165 986 2200 j>
1078 2159 1251 2190 horrueris
1271 2158 1326 2200 (312
1345 2158 1398 2188 K:
1424 2157 1574 2187 horreris

246 2204 329 2234 RS:
356 2205 515 2234 horreres
531 2203 597 2234 cod.
619 2202 735 2233 Lamb.
754 2214 760 2232 :
787 2203 950 2233 horrebas
963 2203 1025 2242 pk&
1123 2213 1196 2233 cum
1217 2202 1278 2232 RS
1295 2213 1301 2231 z
1327 2202 1378 2231 his
1395 2211 1467 2231 cum
1481 2200 1548 2240 qu
1566 2211 1573 2229 ι

246 2248 297 2277 hic
315 2258 390 2278 cum
408 2249 424 2277 ὃ
441 2247 530 2277 ΝοΙιΙ
546 2258 552 2277 z
578 2256 664 2277 nunc
681 2256 756 2276 cum
776 2246 809 2276 C.
829 2245 969 2276 Sclzrnkl
1124 2255 1307 2284 coarguare
1325 2245 1380 2284 Rp
1397 2255 1404 2274 2
1428 2252 1572 2283 arguare

246 2290 340 2320 SDw
362 2291 418 2330 ᾖν,
440 2294 455 2328 §
479 2291 553 2329 104]
722 2299 759 2329 ¹9
784 2290 840 2319 tibi
858 2300 920 2320 om.
942 2302 963 2319 π
1125 2299 1164 2327 25
1190 2293 1280 2319 esset
1301 2292 1367 2327 (est
1386 2288 1416 2327 δ)
1436 2310 1443 2317 .
1462 2310 1470 2318 .
1493 2310 1500 2316 .
1521 2291 1572 2317 est

246 2334 305 2363 πΙεδ
323 2345 329 2364 :
354 2344 419 2364 om.
440 2333 533 2364 RSW
623 2333 758 2373 ornnes]
778 2333 932 2364 homines
950 2332 1014 2363 RS
1034 2334 1066 2374 (ξ
1092 2334 1129 2363 16
1146 2333 1265 2372 supra)
