<?xml version="1.0" encoding="UTF-8"?>
<!DOCTYPE html PUBLIC "-//W3C//DTD XHTML 1.0 Transitional//EN"
    "http://www.w3.org/TR/xhtml1/DTD/xhtml1-transitional.dtd">
<html xmlns="http://www.w3.org/1999/xhtml" xml:lang="en" lang="en">
 <head>
  <title>
</title>
<meta http-equiv="Content-Type" content="text/html;charset=utf-8" />
  <meta name='ocr-system' content='tesseract 3.04.00' />
  <meta name='ocr-capabilities' content='ocr_page ocr_carea ocr_par ocr_line ocrx_word'/>
</head>
<body>
  <div class='ocr_page' id='page_1' title='image "./orationesrecogno03ciceuoft/orationesrecogno03ciceuoft_0478.png"; bbox 0 0 1715 2734; ppageno 0'>
   <div class='ocr_carea' id='block_1_1' title="bbox 96 44 155 82">
    <p class='ocr_par' dir='ltr' id='par_1_1' title="bbox 96 44 155 82">
     <span class='ocr_line' id='line_1_1' title="bbox 96 44 155 82; baseline 0 0"><span class='ocrx_word' id='word_1_1' title='bbox 96 44 155 82; x_wconf 89' lang='lat'>60</span> 
     </span>
    </p>
   </div>
   <div class='ocr_carea' id='block_1_2' title="bbox 98 296 157 330">
    <p class='ocr_par' dir='ltr' id='par_1_2' title="bbox 98 296 157 330">
     <span class='ocr_line' id='line_1_2' title="bbox 98 296 157 330; baseline 0.017 -1"><span class='ocrx_word' id='word_1_2' title='bbox 98 296 157 330; x_wconf 69' lang='lat'>15?</span> 
     </span>
    </p>
   </div>
   <div class='ocr_carea' id='block_1_3' title="bbox 96 1496 157 1597">
    <p class='ocr_par' dir='ltr' id='par_1_3' title="bbox 96 1496 157 1597">
     <span class='ocr_line' id='line_1_3' title="bbox 109 1496 157 1533; baseline 0 0"><span class='ocrx_word' id='word_1_3' title='bbox 109 1496 157 1533; x_wconf 86' lang='lat'>61</span> 
     </span>
     <span class='ocr_line' id='line_1_4' title="bbox 96 1558 156 1597; baseline 0.033 -11"><span class='ocrx_word' id='word_1_4' title='bbox 96 1558 156 1597; x_wconf 86' lang='lat'>158</span> 
     </span>
    </p>
   </div>
   <div class='ocr_carea' id='block_1_4' title="bbox 181 43 1150 93">
    <p class='ocr_par' dir='ltr' id='par_1_4' title="bbox 181 43 1150 93">
     <span class='ocr_line' id='line_1_5' title="bbox 181 43 1150 93; baseline -0.001 -11"><span class='ocrx_word' id='word_1_5' title='bbox 181 50 244 93; x_wconf 78' lang='lat'>156</span> <span class='ocrx_word' id='word_1_6' title='bbox 552 46 609 82; x_wconf 92' lang='lat' dir='ltr'>M.</span> <span class='ocrx_word' id='word_1_7' title='bbox 641 45 810 82; x_wconf 87' lang='lat' dir='ltr'>TVLLI</span> <span class='ocrx_word' id='word_1_8' title='bbox 842 43 1150 83; x_wconf 89' lang='lat' dir='ltr'>CICERONIS</span> 
     </span>
    </p>
   </div>
   <div class='ocr_carea' id='block_1_5' title="bbox 174 155 1570 2156">
    <p class='ocr_par' dir='ltr' id='par_1_5' title="bbox 174 155 1570 1507">
     <span class='ocr_line' id='line_1_6' title="bbox 178 155 1511 207; baseline -0.001 -13"><span class='ocrx_word' id='word_1_9' title='bbox 178 156 304 196; x_wconf 89' lang='lat' dir='ltr'>civem</span> <span class='ocrx_word' id='word_1_10' title='bbox 333 159 561 196; x_wconf 87' lang='lat' dir='ltr'>Romanum</span> <span class='ocrx_word' id='word_1_11' title='bbox 592 156 658 207; x_wconf 86' lang='lat' dir='ltr'>qui</span> <span class='ocrx_word' id='word_1_12' title='bbox 690 156 876 195; x_wconf 84' lang='lat' dir='ltr'>omnibus</span> <span class='ocrx_word' id='word_1_13' title='bbox 906 156 945 194; x_wconf 89' lang='lat' dir='ltr'>in</span> <span class='ocrx_word' id='word_1_14' title='bbox 969 155 1037 195; x_wconf 91' lang='lat' dir='ltr'>illo</span> <span class='ocrx_word' id='word_1_15' title='bbox 1063 162 1263 195; x_wconf 79' lang='lat' dir='ltr'>conventu</span> <span class='ocrx_word' id='word_1_16' title='bbox 1292 162 1420 202; x_wconf 84' lang='lat' dir='ltr'>notus,</span> <span class='ocrx_word' id='word_1_17' title='bbox 1443 155 1511 205; x_wconf 88' lang='lat' dir='ltr'>qui</span> 
     </span>
     <span class='ocr_line' id='line_1_7' title="bbox 178 220 1508 272; baseline -0.002 -12"><span class='ocrx_word' id='word_1_18' title='bbox 178 222 377 272; x_wconf 81' lang='lat' dir='ltr'>Syracusis</span> <span class='ocrx_word' id='word_1_19' title='bbox 413 230 526 261; x_wconf 79' lang='lat' dir='ltr'>natus</span> <span class='ocrx_word' id='word_1_20' title='bbox 558 230 670 270; x_wconf 82' lang='lat' dir='ltr'>esset,</span> <span class='ocrx_word' id='word_1_21' title='bbox 704 223 774 261; x_wconf 88' lang='lat' dir='ltr'>abs</span> <span class='ocrx_word' id='word_1_22' title='bbox 802 230 839 260; x_wconf 90' lang='lat' dir='ltr'>te</span> <span class='ocrx_word' id='word_1_23' title='bbox 874 222 999 260; x_wconf 89' lang='lat' dir='ltr'>securi</span> <span class='ocrx_word' id='word_1_24' title='bbox 1031 235 1260 272; x_wconf 83' lang='lat' dir='ltr'>percussum</span> <span class='ocrx_word' id='word_1_25' title='bbox 1290 234 1375 259; x_wconf 89' lang='lat' dir='ltr'>esse</span> <span class='ocrx_word' id='word_1_26' title='bbox 1402 220 1508 258; x_wconf 82' lang='lat' dir='ltr'>dixit.</span> 
     </span>
     <span class='ocr_line' id='line_1_8' title="bbox 180 286 1511 337; baseline -0.002 -12"><span class='ocrx_word' id='word_1_27' title='bbox 180 289 272 325; x_wconf 85' lang='lat' dir='ltr'>Post</span> <span class='ocrx_word' id='word_1_28' title='bbox 307 289 409 325; x_wconf 73' lang='lat' dir='ltr'>lianc</span> <span class='ocrx_word' id='word_1_29' title='bbox 443 287 597 326; x_wconf 85' lang='lat' dir='ltr'>illorum</span> <span class='ocrx_word' id='word_1_30' title='bbox 630 286 962 334; x_wconf 86' lang='lat' dir='ltr'>vociferationem,</span> <span class='ocrx_word' id='word_1_31' title='bbox 1000 294 1088 337; x_wconf 88' lang='lat' dir='ltr'>post</span> <span class='ocrx_word' id='word_1_32' title='bbox 1120 288 1222 324; x_wconf 83' lang='lat' dir='ltr'>hane</span> <span class='ocrx_word' id='word_1_33' title='bbox 1256 298 1511 324; x_wconf 87' lang='lat' dir='ltr'>communem</span> 
     </span>
     <span class='ocr_line' id='line_1_9' title="bbox 178 351 1511 402; baseline -0.002 -12"><span class='ocrx_word' id='word_1_34' title='bbox 178 353 322 390; x_wconf 87' lang='lat' dir='ltr'>famam</span> <span class='ocrx_word' id='word_1_35' title='bbox 357 361 475 402; x_wconf 84' lang='lat' dir='ltr'>atque</span> <span class='ocrx_word' id='word_1_36' title='bbox 503 352 792 402; x_wconf 81' lang='lat' dir='ltr'>querimoniam</span> <span class='ocrx_word' id='word_1_37' title='bbox 831 366 912 390; x_wconf 89' lang='lat' dir='ltr'>non</span> <span class='ocrx_word' id='word_1_38' title='bbox 953 352 1083 391; x_wconf 91' lang='lat' dir='ltr'>mitior</span> <span class='ocrx_word' id='word_1_39' title='bbox 1121 351 1160 389; x_wconf 90' lang='lat' dir='ltr'>in</span> <span class='ocrx_word' id='word_1_40' title='bbox 1200 351 1408 401; x_wconf 88' lang='lat' dir='ltr'>supplicio,</span> <span class='ocrx_word' id='word_1_41' title='bbox 1441 351 1511 388; x_wconf 86' lang='lat' dir='ltr'>sed</span> 
     </span>
     <span class='ocr_line' id='line_1_10' title="bbox 177 416 1547 467; baseline -0.002 -12"><span class='ocrx_word' id='word_1_42' title='bbox 177 417 400 466; x_wconf 80' lang='lat' dir='ltr'>diligentior</span> <span class='ocrx_word' id='word_1_43' title='bbox 433 431 518 456; x_wconf 83' lang='lat' dir='ltr'>esse</span> <span class='ocrx_word' id='word_1_44' title='bbox 548 417 708 467; x_wconf 67' lang='lat' dir='ltr'>coepit,</span> <span class='ocrx_word' id='word_1_45' title='bbox 737 416 931 467; x_wconf 78' lang='lat' dir='ltr'>capitibus</span> <span class='ocrx_word' id='word_1_46' title='bbox 962 416 1146 454; x_wconf 80' lang='lat' dir='ltr'>involutis</span> <span class='ocrx_word' id='word_1_47' title='bbox 1177 416 1272 454; x_wconf 76' lang='lat' dir='ltr'>civis</span> <span class='ocrx_word' id='word_1_48' title='bbox 1304 417 1510 454; x_wconf 87' lang='lat' dir='ltr'>Romanos</span> <span class='ocrx_word' id='word_1_49' title='bbox 1530 430 1547 459; x_wconf 82' lang='lat'>5</span> 
     </span>
     <span class='ocr_line' id='line_1_11' title="bbox 175 480 1509 533; baseline -0.002 -13"><span class='ocrx_word' id='word_1_50' title='bbox 175 483 227 520; x_wconf 88' lang='lat' dir='ltr'>ad</span> <span class='ocrx_word' id='word_1_51' title='bbox 248 496 387 520; x_wconf 88' lang='lat' dir='ltr'>necem</span> <span class='ocrx_word' id='word_1_52' title='bbox 409 483 628 533; x_wconf 84' lang='lat' dir='ltr'>producere</span> <span class='ocrx_word' id='word_1_53' title='bbox 653 482 848 530; x_wconf 81' lang='lat' dir='ltr'>instituit3</span> <span class='ocrx_word' id='word_1_54' title='bbox 877 495 977 532; x_wconf 88' lang='lat' dir='ltr'>quos</span> <span class='ocrx_word' id='word_1_55' title='bbox 1006 489 1137 519; x_wconf 88' lang='lat' dir='ltr'>tamen</span> <span class='ocrx_word' id='word_1_56' title='bbox 1166 481 1313 520; x_wconf 86' lang='lat' dir='ltr'>idcirco</span> <span class='ocrx_word' id='word_1_57' title='bbox 1342 480 1509 518; x_wconf 85' lang='lat' dir='ltr'>necabat</span> 
     </span>
     <span class='ocr_line' id='line_1_12' title="bbox 176 544 1508 598; baseline -0.002 -13"><span class='ocrx_word' id='word_1_58' title='bbox 176 548 305 597; x_wconf 83' lang='lat' dir='ltr'>palam</span> <span class='ocrx_word' id='word_1_59' title='bbox 344 549 453 598; x_wconf 86' lang='lat' dir='ltr'>quod</span> <span class='ocrx_word' id='word_1_60' title='bbox 493 546 674 585; x_wconf 89' lang='lat' dir='ltr'>homines</span> <span class='ocrx_word' id='word_1_61' title='bbox 713 547 753 584; x_wconf 91' lang='lat' dir='ltr'>in</span> <span class='ocrx_word' id='word_1_62' title='bbox 792 554 1000 593; x_wconf 87' lang='lat' dir='ltr'>conventu,</span> <span class='ocrx_word' id='word_1_63' title='bbox 1039 546 1078 585; x_wconf 91' lang='lat' dir='ltr'>id</span> <span class='ocrx_word' id='word_1_64' title='bbox 1118 547 1226 596; x_wconf 87' lang='lat' dir='ltr'>quod</span> <span class='ocrx_word' id='word_1_65' title='bbox 1264 552 1380 583; x_wconf 87' lang='lat' dir='ltr'>antea</span> <span class='ocrx_word' id='word_1_66' title='bbox 1418 544 1508 592; x_wconf 87' lang='lat' dir='ltr'>dixi,</span> 
     </span>
     <span class='ocr_line' id='line_1_13' title="bbox 176 610 1510 662; baseline -0.001 -12"><span class='ocrx_word' id='word_1_67' title='bbox 176 612 342 650; x_wconf 90' lang='lat' dir='ltr'>nimium</span> <span class='ocrx_word' id='word_1_68' title='bbox 359 612 566 662; x_wconf 71' lang='lat' dir='ltr'>diligenter</span> <span class='ocrx_word' id='word_1_69' title='bbox 582 613 827 662; x_wconf 89' lang='lat' dir='ltr'>praedonum</span> <span class='ocrx_word' id='word_1_70' title='bbox 845 625 1052 649; x_wconf 87' lang='lat' dir='ltr'>numerum</span> <span class='ocrx_word' id='word_1_71' title='bbox 1070 610 1330 661; x_wconf 79' lang='lat' dir='ltr'>requirebant.</span> <span class='ocrx_word' id='word_1_72' title='bbox 1380 610 1510 648; x_wconf 84' lang='lat' dir='ltr'>Haec-</span> 
     </span>
     <span class='ocr_line' id='line_1_14' title="bbox 176 675 1507 728; baseline -0.001 -14"><span class='ocrx_word' id='word_1_73' title='bbox 176 677 240 716; x_wconf 87' lang='lat' dir='ltr'>ine</span> <span class='ocrx_word' id='word_1_74' title='bbox 279 677 384 728; x_wconf 92' lang='lat' dir='ltr'>plebi</span> <span class='ocrx_word' id='word_1_75' title='bbox 426 679 634 716; x_wconf 77' lang='lat' dir='ltr'>Romanae</span> <span class='ocrx_word' id='word_1_76' title='bbox 673 684 711 715; x_wconf 91' lang='lat' dir='ltr'>te</span> <span class='ocrx_word' id='word_1_77' title='bbox 750 684 928 726; x_wconf 84' lang='lat' dir='ltr'>praetore</span> <span class='ocrx_word' id='word_1_78' title='bbox 966 684 1025 715; x_wconf 89' lang='lat' dir='ltr'>est</span> <span class='ocrx_word' id='word_1_79' title='bbox 1064 676 1277 715; x_wconf 88' lang='lat' dir='ltr'>constituta</span> <span class='ocrx_word' id='word_1_80' title='bbox 1311 675 1507 723; x_wconf 90' lang='lat' dir='ltr'>condicio,</span> 
     </span>
     <span class='ocr_line' id='line_1_15' title="bbox 177 740 1570 792; baseline -0.001 -13"><span class='ocrx_word' id='word_1_81' title='bbox 177 743 274 780; x_wconf 89' lang='lat' dir='ltr'>haec</span> <span class='ocrx_word' id='word_1_82' title='bbox 305 742 436 792; x_wconf 82' lang='lat' dir='ltr'>negoti</span> <span class='ocrx_word' id='word_1_83' title='bbox 465 741 627 792; x_wconf 81' lang='lat' dir='ltr'>gerendi</span> <span class='ocrx_word' id='word_1_84' title='bbox 657 755 757 792; x_wconf 88' lang='lat' dir='ltr'>spes,</span> <span class='ocrx_word' id='word_1_85' title='bbox 787 743 863 780; x_wconf 89' lang='lat' dir='ltr'>hoc</span> <span class='ocrx_word' id='word_1_86' title='bbox 892 740 1030 791; x_wconf 87' lang='lat' dir='ltr'>capitis</span> <span class='ocrx_word' id='word_1_87' title='bbox 1060 741 1241 790; x_wconf 85' lang='lat' dir='ltr'>vitaeque</span> <span class='ocrx_word' id='word_1_88' title='bbox 1265 740 1509 779; x_wconf 85' lang='lat' dir='ltr'>discrimen?</span> <span class='ocrx_word' id='word_1_89' title='bbox 1529 756 1570 778; x_wconf 92' lang='lat'>10</span> 
     </span>
     <span class='ocr_line' id='line_1_16' title="bbox 177 805 1509 856; baseline -0.001 -12"><span class='ocrx_word' id='word_1_90' title='bbox 177 808 374 846; x_wconf 84' lang='lat' dir='ltr'>Parumne</span> <span class='ocrx_word' id='word_1_91' title='bbox 427 809 550 845; x_wconf 88' lang='lat' dir='ltr'>multa</span> <span class='ocrx_word' id='word_1_92' title='bbox 599 806 881 846; x_wconf 82' lang='lat' dir='ltr'>mercatoribus</span> <span class='ocrx_word' id='word_1_93' title='bbox 930 814 1020 845; x_wconf 91' lang='lat' dir='ltr'>sunt</span> <span class='ocrx_word' id='word_1_94' title='bbox 1068 805 1288 845; x_wconf 85' lang='lat' dir='ltr'>necessario</span> <span class='ocrx_word' id='word_1_95' title='bbox 1336 805 1509 856; x_wconf 86' lang='lat' dir='ltr'>pericula</span> 
     </span>
     <span class='ocr_line' id='line_1_17' title="bbox 175 871 1508 920; baseline -0.002 -10"><span class='ocrx_word' id='word_1_96' title='bbox 175 873 383 912; x_wconf 88' lang='lat' dir='ltr'>subeunda</span> <span class='ocrx_word' id='word_1_97' title='bbox 417 874 608 920; x_wconf 83' lang='lat' dir='ltr'>fortunae,</span> <span class='ocrx_word' id='word_1_98' title='bbox 642 872 716 910; x_wconf 89' lang='lat' dir='ltr'>nisi</span> <span class='ocrx_word' id='word_1_99' title='bbox 755 872 873 910; x_wconf 89' lang='lat' dir='ltr'>etiam</span> <span class='ocrx_word' id='word_1_100' title='bbox 909 873 983 910; x_wconf 84' lang='lat' dir='ltr'>hae</span> <span class='ocrx_word' id='word_1_101' title='bbox 1021 871 1250 911; x_wconf 87' lang='lat' dir='ltr'>formidines</span> <span class='ocrx_word' id='word_1_102' title='bbox 1282 872 1333 909; x_wconf 88' lang='lat' dir='ltr'>ab</span> <span class='ocrx_word' id='word_1_103' title='bbox 1366 871 1508 909; x_wconf 89' lang='lat' dir='ltr'>nostris</span> 
     </span>
     <span class='ocr_line' id='line_1_18' title="bbox 177 935 1509 988; baseline -0.001 -12"><span class='ocrx_word' id='word_1_104' title='bbox 177 937 465 988; x_wconf 82' lang='lat' dir='ltr'>magistratibus</span> <span class='ocrx_word' id='word_1_105' title='bbox 504 945 623 987; x_wconf 85' lang='lat' dir='ltr'>atque</span> <span class='ocrx_word' id='word_1_106' title='bbox 662 937 702 974; x_wconf 90' lang='lat' dir='ltr'>in</span> <span class='ocrx_word' id='word_1_107' title='bbox 741 936 883 975; x_wconf 86' lang='lat' dir='ltr'>nostris</span> <span class='ocrx_word' id='word_1_108' title='bbox 930 935 1140 986; x_wconf 83' lang='lat' dir='ltr'>provinciis</span> <span class='ocrx_word' id='word_1_109' title='bbox 1188 935 1509 986; x_wconf 88' lang='lat' dir='ltr'>impendebunt?</span> 
     </span>
     <span class='ocr_line' id='line_1_19' title="bbox 175 1000 1505 1050; baseline -0.002 -9"><span class='ocrx_word' id='word_1_110' title='bbox 175 1004 240 1042; x_wconf 93' lang='lat' dir='ltr'>Ad</span> <span class='ocrx_word' id='word_1_111' title='bbox 279 1016 419 1042; x_wconf 84' lang='lat' dir='ltr'>eamne</span> <span class='ocrx_word' id='word_1_112' title='bbox 453 1017 534 1041; x_wconf 89' lang='lat' dir='ltr'>rem</span> <span class='ocrx_word' id='word_1_113' title='bbox 570 1002 641 1040; x_wconf 90' lang='lat' dir='ltr'>fuit</span> <span class='ocrx_word' id='word_1_114' title='bbox 674 1003 773 1040; x_wconf 88' lang='lat' dir='ltr'>haec</span> <span class='ocrx_word' id='word_1_115' title='bbox 807 1002 1034 1040; x_wconf 86' lang='lat' dir='ltr'>suburbana</span> <span class='ocrx_word' id='word_1_116' title='bbox 1059 1015 1105 1039; x_wconf 91' lang='lat' dir='ltr'>ac</span> <span class='ocrx_word' id='word_1_117' title='bbox 1140 1000 1266 1039; x_wconf 89' lang='lat' dir='ltr'>fidelis</span> <span class='ocrx_word' id='word_1_118' title='bbox 1296 1000 1505 1050; x_wconf 85' lang='lat' dir='ltr'>provincia,</span> 
     </span>
     <span class='ocr_line' id='line_1_20' title="bbox 175 1065 1565 1119; baseline -0.004 -12"><span class='ocrx_word' id='word_1_119' title='bbox 175 1070 291 1119; x_wconf 88' lang='lat' dir='ltr'>plena</span> <span class='ocrx_word' id='word_1_120' title='bbox 330 1068 571 1118; x_wconf 88' lang='lat' dir='ltr'>optimorum</span> <span class='ocrx_word' id='word_1_121' title='bbox 615 1067 812 1106; x_wconf 89' lang='lat' dir='ltr'>sociorum</span> <span class='ocrx_word' id='word_1_122' title='bbox 861 1066 1309 1115; x_wconf 85' lang='lat' dir='ltr'>honestissimorumque</span> <span class='ocrx_word' id='word_1_123' title='bbox 1352 1065 1506 1114; x_wconf 87' lang='lat' dir='ltr'>civium,</span> <span class='ocrx_word' id='word_1_124' title='bbox 1530 1080 1565 1111; x_wconf 88' lang='lat'>15</span> 
     </span>
     <span class='ocr_line' id='line_1_21' title="bbox 175 1130 1508 1183; baseline -0.002 -12"><span class='ocrx_word' id='word_1_125' title='bbox 175 1147 277 1183; x_wconf 83' lang='lat' dir='ltr'>quae</span> <span class='ocrx_word' id='word_1_126' title='bbox 305 1133 400 1172; x_wconf 89' lang='lat' dir='ltr'>civis</span> <span class='ocrx_word' id='word_1_127' title='bbox 433 1135 640 1171; x_wconf 88' lang='lat' dir='ltr'>Romanos</span> <span class='ocrx_word' id='word_1_128' title='bbox 670 1132 800 1171; x_wconf 89' lang='lat' dir='ltr'>omnis</span> <span class='ocrx_word' id='word_1_129' title='bbox 831 1132 909 1170; x_wconf 83' lang='lat' dir='ltr'>suis</span> <span class='ocrx_word' id='word_1_130' title='bbox 943 1132 1026 1182; x_wconf 85' lang='lat' dir='ltr'>ipsa</span> <span class='ocrx_word' id='word_1_131' title='bbox 1058 1131 1218 1170; x_wconf 90' lang='lat' dir='ltr'>sedibus</span> <span class='ocrx_word' id='word_1_132' title='bbox 1249 1130 1508 1169; x_wconf 81' lang='lat' dir='ltr'>libentissime</span> 
     </span>
     <span class='ocr_line' id='line_1_22' title="bbox 176 1196 1508 1249; baseline -0.003 -12"><span class='ocrx_word' id='word_1_133' title='bbox 176 1212 331 1249; x_wconf 86' lang='lat' dir='ltr'>semper</span> <span class='ocrx_word' id='word_1_134' title='bbox 350 1198 514 1248; x_wconf 87' lang='lat' dir='ltr'>accepit,</span> <span class='ocrx_word' id='word_1_135' title='bbox 532 1205 585 1246; x_wconf 90' lang='lat' dir='ltr'>ut,</span> <span class='ocrx_word' id='word_1_136' title='bbox 603 1198 670 1247; x_wconf 88' lang='lat' dir='ltr'>qui</span> <span class='ocrx_word' id='word_1_137' title='bbox 693 1211 818 1247; x_wconf 89' lang='lat' dir='ltr'>usque</span> <span class='ocrx_word' id='word_1_138' title='bbox 839 1211 886 1235; x_wconf 86' lang='lat' dir='ltr'>ex</span> <span class='ocrx_word' id='word_1_139' title='bbox 902 1197 1040 1235; x_wconf 82' lang='lat' dir='ltr'>ultima</span> <span class='ocrx_word' id='word_1_140' title='bbox 1060 1196 1168 1246; x_wconf 80' lang='lat' dir='ltr'>Syria</span> <span class='ocrx_word' id='word_1_141' title='bbox 1187 1204 1307 1246; x_wconf 86' lang='lat' dir='ltr'>atque</span> <span class='ocrx_word' id='word_1_142' title='bbox 1327 1198 1508 1246; x_wconf 83' lang='lat' dir='ltr'>Aegypto</span> 
     </span>
     <span class='ocr_line' id='line_1_23' title="bbox 174 1261 1507 1315; baseline -0.002 -14"><span class='ocrx_word' id='word_1_143' title='bbox 174 1264 412 1315; x_wconf 82' lang='lat' dir='ltr'>navigarent,</span> <span class='ocrx_word' id='word_1_144' title='bbox 454 1264 522 1314; x_wconf 85' lang='lat' dir='ltr'>qui</span> <span class='ocrx_word' id='word_1_145' title='bbox 564 1265 671 1313; x_wconf 89' lang='lat' dir='ltr'>apud</span> <span class='ocrx_word' id='word_1_146' title='bbox 711 1263 897 1302; x_wconf 82' lang='lat' dir='ltr'>barbaros</span> <span class='ocrx_word' id='word_1_147' title='bbox 936 1270 1095 1312; x_wconf 88' lang='lat' dir='ltr'>propter</span> <span class='ocrx_word' id='word_1_148' title='bbox 1133 1269 1246 1311; x_wconf 81' lang='lat' dir='ltr'>togae</span> <span class='ocrx_word' id='word_1_149' title='bbox 1281 1274 1428 1299; x_wconf 88' lang='lat' dir='ltr'>nomen</span> <span class='ocrx_word' id='word_1_150' title='bbox 1468 1261 1507 1298; x_wconf 89' lang='lat' dir='ltr'>in</span> 
     </span>
     <span class='ocr_line' id='line_1_24' title="bbox 174 1325 1507 1379; baseline -0.003 -12"><span class='ocrx_word' id='word_1_151' title='bbox 174 1330 326 1368; x_wconf 88' lang='lat' dir='ltr'>honore</span> <span class='ocrx_word' id='word_1_152' title='bbox 367 1329 502 1379; x_wconf 84' lang='lat' dir='ltr'>aliquo</span> <span class='ocrx_word' id='word_1_153' title='bbox 546 1329 720 1376; x_wconf 85' lang='lat' dir='ltr'>fuissent,</span> <span class='ocrx_word' id='word_1_154' title='bbox 765 1328 832 1378; x_wconf 86' lang='lat' dir='ltr'>qui</span> <span class='ocrx_word' id='word_1_155' title='bbox 873 1342 920 1366; x_wconf 78' lang='lat' dir='ltr'>ex</span> <span class='ocrx_word' id='word_1_156' title='bbox 960 1329 1208 1377; x_wconf 86' lang='lat' dir='ltr'>praedonum</span> <span class='ocrx_word' id='word_1_157' title='bbox 1242 1326 1406 1373; x_wconf 86' lang='lat' dir='ltr'>insidiis,</span> <span class='ocrx_word' id='word_1_158' title='bbox 1439 1325 1507 1376; x_wconf 83' lang='lat' dir='ltr'>qui</span> 
     </span>
     <span class='ocr_line' id='line_1_25' title="bbox 175 1390 1570 1444; baseline -0.004 -11"><span class='ocrx_word' id='word_1_159' title='bbox 175 1408 222 1433; x_wconf 87' lang='lat' dir='ltr'>ex</span> <span class='ocrx_word' id='word_1_160' title='bbox 260 1402 540 1444; x_wconf 82' lang='lat' dir='ltr'>tempestatum</span> <span class='ocrx_word' id='word_1_161' title='bbox 579 1393 761 1444; x_wconf 87' lang='lat' dir='ltr'>periculis</span> <span class='ocrx_word' id='word_1_162' title='bbox 804 1392 1077 1442; x_wconf 79' lang='lat' dir='ltr'>profugissent,</span> <span class='ocrx_word' id='word_1_163' title='bbox 1118 1392 1155 1429; x_wconf 93' lang='lat' dir='ltr'>in</span> <span class='ocrx_word' id='word_1_164' title='bbox 1204 1391 1334 1430; x_wconf 82' lang='lat' dir='ltr'>Sicilia</span> <span class='ocrx_word' id='word_1_165' title='bbox 1381 1390 1507 1429; x_wconf 83' lang='lat' dir='ltr'>securi</span> <span class='ocrx_word' id='word_1_166' title='bbox 1528 1405 1570 1427; x_wconf 83' lang='lat'>20</span> 
     </span>
     <span class='ocr_line' id='line_1_26' title="bbox 176 1457 1408 1507; baseline -0.002 -9"><span class='ocrx_word' id='word_1_167' title='bbox 176 1460 389 1507; x_wconf 89' lang='lat' dir='ltr'>ferirentur,</span> <span class='ocrx_word' id='word_1_168' title='bbox 422 1473 513 1497; x_wconf 89' lang='lat' dir='ltr'>cum</span> <span class='ocrx_word' id='word_1_169' title='bbox 543 1473 585 1498; x_wconf 92' lang='lat' dir='ltr'>se</span> <span class='ocrx_word' id='word_1_170' title='bbox 615 1457 692 1496; x_wconf 86' lang='lat' dir='ltr'>iam</span> <span class='ocrx_word' id='word_1_171' title='bbox 722 1460 886 1503; x_wconf 89' lang='lat' dir='ltr'>domum</span> <span class='ocrx_word' id='word_1_172' title='bbox 917 1457 1070 1495; x_wconf 82' lang='lat' dir='ltr'>venisse</span> <span class='ocrx_word' id='word_1_173' title='bbox 1099 1457 1408 1495; x_wconf 86' lang='lat' dir='ltr'>arbitrarentur?</span> 
     </span>
    </p>

    <p class='ocr_par' dir='ltr' id='par_1_6' title="bbox 175 1522 1566 2156">
     <span class='ocr_line' id='line_1_27' title="bbox 231 1522 1505 1575; baseline -0.002 -12"><span class='ocrx_word' id='word_1_174' title='bbox 231 1527 335 1563; x_wconf 87' lang='lat' dir='ltr'>Nam</span> <span class='ocrx_word' id='word_1_175' title='bbox 361 1524 457 1575; x_wconf 88' lang='lat' dir='ltr'>quid</span> <span class='ocrx_word' id='word_1_176' title='bbox 485 1538 558 1574; x_wconf 81' lang='lat' dir='ltr'>ego</span> <span class='ocrx_word' id='word_1_177' title='bbox 587 1526 638 1563; x_wconf 88' lang='lat' dir='ltr'>de</span> <span class='ocrx_word' id='word_1_178' title='bbox 668 1526 709 1562; x_wconf 90' lang='lat' dir='ltr'>P.</span> <span class='ocrx_word' id='word_1_179' title='bbox 743 1523 881 1570; x_wconf 86' lang='lat' dir='ltr'>Gavio,</span> <span class='ocrx_word' id='word_1_180' title='bbox 904 1524 1092 1562; x_wconf 84' lang='lat' dir='ltr'>Consano</span> <span class='ocrx_word' id='word_1_181' title='bbox 1122 1522 1332 1572; x_wconf 87' lang='lat' dir='ltr'>municipe,</span> <span class='ocrx_word' id='word_1_182' title='bbox 1363 1522 1505 1569; x_wconf 86' lang='lat' dir='ltr'>dicam,</span> 
     </span>
     <span class='ocr_line' id='line_1_28' title="bbox 176 1588 1507 1639; baseline -0.002 -11"><span class='ocrx_word' id='word_1_183' title='bbox 176 1589 337 1637; x_wconf 86' lang='lat' dir='ltr'>iudices,</span> <span class='ocrx_word' id='word_1_184' title='bbox 378 1597 445 1628; x_wconf 87' lang='lat' dir='ltr'>aut</span> <span class='ocrx_word' id='word_1_185' title='bbox 484 1603 561 1639; x_wconf 86' lang='lat' dir='ltr'>qua</span> <span class='ocrx_word' id='word_1_186' title='bbox 599 1589 635 1627; x_wconf 87' lang='lat' dir='ltr'>vi</span> <span class='ocrx_word' id='word_1_187' title='bbox 674 1588 795 1636; x_wconf 83' lang='lat' dir='ltr'>vocis,</span> <span class='ocrx_word' id='word_1_188' title='bbox 833 1602 912 1638; x_wconf 82' lang='lat' dir='ltr'>qua</span> <span class='ocrx_word' id='word_1_189' title='bbox 948 1588 1134 1638; x_wconf 83' lang='lat' dir='ltr'>gravitate</span> <span class='ocrx_word' id='word_1_190' title='bbox 1168 1588 1387 1634; x_wconf 85' lang='lat' dir='ltr'>verborum,</span> <span class='ocrx_word' id='word_1_191' title='bbox 1427 1600 1507 1637; x_wconf 85' lang='lat' dir='ltr'>quo</span> 
     </span>
     <span class='ocr_line' id='line_1_29' title="bbox 176 1653 1507 1700; baseline -0.002 -7"><span class='ocrx_word' id='word_1_192' title='bbox 176 1656 313 1694; x_wconf 91' lang='lat' dir='ltr'>dolore</span> <span class='ocrx_word' id='word_1_193' title='bbox 350 1654 472 1693; x_wconf 88' lang='lat' dir='ltr'>animi</span> <span class='ocrx_word' id='word_1_194' title='bbox 511 1654 671 1693; x_wconf 87' lang='lat' dir='ltr'>dicam?</span> <span class='ocrx_word' id='word_1_195' title='bbox 718 1653 871 1692; x_wconf 87' lang='lat' dir='ltr'>tametsi</span> <span class='ocrx_word' id='word_1_196' title='bbox 907 1654 1020 1692; x_wconf 90' lang='lat' dir='ltr'>dolor</span> <span class='ocrx_word' id='word_1_197' title='bbox 1047 1667 1109 1692; x_wconf 90' lang='lat' dir='ltr'>me</span> <span class='ocrx_word' id='word_1_198' title='bbox 1149 1666 1229 1691; x_wconf 91' lang='lat' dir='ltr'>non</span> <span class='ocrx_word' id='word_1_199' title='bbox 1262 1653 1428 1700; x_wconf 79' lang='lat' dir='ltr'>deficit3</span> <span class='ocrx_word' id='word_1_200' title='bbox 1465 1659 1507 1690; x_wconf 91' lang='lat' dir='ltr'>ut</span> 
     </span>
     <span class='ocr_line' id='line_1_30' title="bbox 176 1719 1566 1770; baseline -0.002 -11"><span class='ocrx_word' id='word_1_201' title='bbox 176 1729 304 1759; x_wconf 84' lang='lat' dir='ltr'>cetera</span> <span class='ocrx_word' id='word_1_202' title='bbox 326 1720 421 1758; x_wconf 89' lang='lat' dir='ltr'>mihi</span> <span class='ocrx_word' id='word_1_203' title='bbox 443 1720 481 1757; x_wconf 91' lang='lat' dir='ltr'>in</span> <span class='ocrx_word' id='word_1_204' title='bbox 507 1720 680 1758; x_wconf 88' lang='lat' dir='ltr'>dicendo</span> <span class='ocrx_word' id='word_1_205' title='bbox 707 1719 827 1770; x_wconf 83' lang='lat' dir='ltr'>digna</span> <span class='ocrx_word' id='word_1_206' title='bbox 858 1733 908 1767; x_wconf 90' lang='lat' dir='ltr'>re,</span> <span class='ocrx_word' id='word_1_207' title='bbox 931 1719 1049 1770; x_wconf 82' lang='lat' dir='ltr'>digna</span> <span class='ocrx_word' id='word_1_208' title='bbox 1079 1720 1215 1757; x_wconf 89' lang='lat' dir='ltr'>dolore</span> <span class='ocrx_word' id='word_1_209' title='bbox 1246 1732 1346 1765; x_wconf 89' lang='lat' dir='ltr'>meo,</span> <span class='ocrx_word' id='word_1_210' title='bbox 1368 1732 1507 1768; x_wconf 89' lang='lat' dir='ltr'>suppe-</span> <span class='ocrx_word' id='word_1_211' title='bbox 1527 1729 1566 1760; x_wconf 87' lang='lat'>25</span> 
     </span>
     <span class='ocr_line' id='line_1_31' title="bbox 176 1783 1507 1836; baseline -0.002 -12"><span class='ocrx_word' id='word_1_212' title='bbox 176 1794 259 1824; x_wconf 85' lang='lat' dir='ltr'>tant</span> <span class='ocrx_word' id='word_1_213' title='bbox 290 1786 412 1836; x_wconf 83' lang='lat' dir='ltr'>magis</span> <span class='ocrx_word' id='word_1_214' title='bbox 445 1786 706 1824; x_wconf 86' lang='lat' dir='ltr'>laborandum</span> <span class='ocrx_word' id='word_1_215' title='bbox 739 1793 807 1824; x_wconf 89' lang='lat' dir='ltr'>est.</span> <span class='ocrx_word' id='word_1_216' title='bbox 869 1786 991 1834; x_wconf 85' lang='lat' dir='ltr'>Quod</span> <span class='ocrx_word' id='word_1_217' title='bbox 1021 1785 1168 1823; x_wconf 87' lang='lat' dir='ltr'>crimen</span> <span class='ocrx_word' id='word_1_218' title='bbox 1198 1784 1281 1823; x_wconf 86' lang='lat' dir='ltr'>eius</span> <span class='ocrx_word' id='word_1_219' title='bbox 1312 1783 1419 1822; x_wconf 90' lang='lat' dir='ltr'>modi</span> <span class='ocrx_word' id='word_1_220' title='bbox 1449 1791 1507 1822; x_wconf 88' lang='lat' dir='ltr'>est</span> 
     </span>
     <span class='ocr_line' id='line_1_32' title="bbox 176 1849 1506 1901; baseline -0.002 -13"><span class='ocrx_word' id='word_1_221' title='bbox 176 1859 228 1898; x_wconf 88' lang='lat' dir='ltr'>ut,</span> <span class='ocrx_word' id='word_1_222' title='bbox 251 1865 341 1889; x_wconf 87' lang='lat' dir='ltr'>eum</span> <span class='ocrx_word' id='word_1_223' title='bbox 373 1850 544 1901; x_wconf 89' lang='lat' dir='ltr'>primum</span> <span class='ocrx_word' id='word_1_224' title='bbox 574 1851 625 1889; x_wconf 86' lang='lat' dir='ltr'>ad</span> <span class='ocrx_word' id='word_1_225' title='bbox 656 1864 718 1888; x_wconf 87' lang='lat' dir='ltr'>me</span> <span class='ocrx_word' id='word_1_226' title='bbox 748 1851 923 1888; x_wconf 82' lang='lat' dir='ltr'>delatum</span> <span class='ocrx_word' id='word_1_227' title='bbox 954 1858 1023 1897; x_wconf 88' lang='lat' dir='ltr'>est,</span> <span class='ocrx_word' id='word_1_228' title='bbox 1047 1863 1208 1888; x_wconf 89' lang='lat' dir='ltr'>usurum</span> <span class='ocrx_word' id='word_1_229' title='bbox 1239 1862 1302 1887; x_wconf 87' lang='lat' dir='ltr'>me</span> <span class='ocrx_word' id='word_1_230' title='bbox 1332 1849 1398 1887; x_wconf 90' lang='lat' dir='ltr'>illo</span> <span class='ocrx_word' id='word_1_231' title='bbox 1426 1862 1506 1887; x_wconf 90' lang='lat' dir='ltr'>non</span> 
     </span>
     <span class='ocr_line' id='line_1_33' title="bbox 175 1914 1504 1965; baseline -0.002 -12"><span class='ocrx_word' id='word_1_232' title='bbox 175 1923 353 1965; x_wconf 86' lang='lat' dir='ltr'>putarem</span> <span class='ocrx_word' id='word_1_233' title='bbox 372 1931 383 1963; x_wconf 77' lang='lat'><em>3</em></span> <span class='ocrx_word' id='word_1_234' title='bbox 434 1915 589 1954; x_wconf 88' lang='lat' dir='ltr'>tametsi</span> <span class='ocrx_word' id='word_1_235' title='bbox 637 1915 743 1953; x_wconf 90' lang='lat' dir='ltr'>enim</span> <span class='ocrx_word' id='word_1_236' title='bbox 791 1914 1036 1953; x_wconf 80' lang='lat' dir='ltr'>verissimum</span> <span class='ocrx_word' id='word_1_237' title='bbox 1085 1928 1170 1953; x_wconf 78' lang='lat' dir='ltr'>esse</span> <span class='ocrx_word' id='word_1_238' title='bbox 1218 1914 1504 1963; x_wconf 78' lang='lat' dir='ltr'>intellegebam,</span> 
     </span>
     <span class='ocr_line' id='line_1_34' title="bbox 175 1978 1505 2019; baseline -0.002 -1"><span class='ocrx_word' id='word_1_239' title='bbox 175 1988 307 2019; x_wconf 86' lang='lat' dir='ltr'>tamen</span> <span class='ocrx_word' id='word_1_240' title='bbox 347 1980 534 2019; x_wconf 87' lang='lat' dir='ltr'>credibile</span> <span class='ocrx_word' id='word_1_241' title='bbox 582 1981 663 2019; x_wconf 90' lang='lat' dir='ltr'>fore</span> <span class='ocrx_word' id='word_1_242' title='bbox 710 1993 791 2018; x_wconf 90' lang='lat' dir='ltr'>non</span> <span class='ocrx_word' id='word_1_243' title='bbox 838 1980 1064 2018; x_wconf 87' lang='lat' dir='ltr'>arbitrabar.</span> <span class='ocrx_word' id='word_1_244' title='bbox 1136 1981 1308 2019; x_wconf 86' lang='lat' dir='ltr'>Coactus</span> <span class='ocrx_word' id='word_1_245' title='bbox 1338 1978 1505 2017; x_wconf 85' lang='lat' dir='ltr'>lacrimis</span> 
     </span>
     <span class='ocr_line' id='line_1_35' title="bbox 176 2043 1566 2094; baseline -0.002 -11"><span class='ocrx_word' id='word_1_246' title='bbox 176 2045 353 2083; x_wconf 90' lang='lat' dir='ltr'>omnium</span> <span class='ocrx_word' id='word_1_247' title='bbox 393 2045 537 2083; x_wconf 87' lang='lat' dir='ltr'>civium</span> <span class='ocrx_word' id='word_1_248' title='bbox 579 2047 851 2083; x_wconf 88' lang='lat' dir='ltr'>Romanorum</span> <span class='ocrx_word' id='word_1_249' title='bbox 892 2045 958 2094; x_wconf 85' lang='lat' dir='ltr'>qui</span> <span class='ocrx_word' id='word_1_250' title='bbox 997 2045 1036 2082; x_wconf 87' lang='lat' dir='ltr'>in</span> <span class='ocrx_word' id='word_1_251' title='bbox 1076 2044 1207 2082; x_wconf 84' lang='lat' dir='ltr'>Sicilia</span> <span class='ocrx_word' id='word_1_252' title='bbox 1246 2043 1504 2092; x_wconf 76' lang='lat' dir='ltr'>negotiantur,</span> <span class='ocrx_word' id='word_1_253' title='bbox 1522 2058 1566 2089; x_wconf 86' lang='lat'>30</span> 
     </span>
     <span class='ocr_line' id='line_1_36' title="bbox 175 2107 1505 2156; baseline -0.003 -7"><span class='ocrx_word' id='word_1_254' title='bbox 175 2112 371 2149; x_wconf 84' lang='lat' dir='ltr'>adductus</span> <span class='ocrx_word' id='word_1_255' title='bbox 401 2109 714 2156; x_wconf 63' lang='lat' dir='ltr'>Valenfinorum,</span> <span class='ocrx_word' id='word_1_256' title='bbox 743 2109 950 2147; x_wconf 88' lang='lat' dir='ltr'>hominum</span> <span class='ocrx_word' id='word_1_257' title='bbox 975 2109 1352 2155; x_wconf 82' lang='lat' dir='ltr'>honestissimorum,</span> <span class='ocrx_word' id='word_1_258' title='bbox 1382 2107 1505 2146; x_wconf 91' lang='grc'>0111111-</span> 
     </span>
    </p>
   </div>
   <div class='ocr_carea' id='block_1_6' title="bbox 177 2212 1503 2332">
    <p class='ocr_par' dir='ltr' id='par_1_7' title="bbox 177 2212 1503 2332">
     <span class='ocr_line' id='line_1_37' title="bbox 224 2212 1500 2255; baseline -0.002 -10"><span class='ocrx_word' id='word_1_259' title='bbox 224 2226 236 2245; x_wconf 87' lang='grc'>1</span> <span class='ocrx_word' id='word_1_260' title='bbox 264 2216 318 2255; x_wconf 90' lang='lat' dir='ltr'>qui</span> <span class='ocrx_word' id='word_1_261' title='bbox 351 2215 506 2245; x_wconf 87' lang='lat' dir='ltr'>omnibus</span> <span class='ocrx_word' id='word_1_262' title='bbox 538 2215 571 2244; x_wconf 88' lang='lat' dir='ltr'>in</span> <span class='ocrx_word' id='word_1_263' title='bbox 605 2214 696 2254; x_wconf 80' lang='lat' dir='ltr'>illop</span> <span class='ocrx_word' id='word_1_264' title='bbox 714 2225 719 2243; x_wconf 88' lang='lat'>:</span> <span class='ocrx_word' id='word_1_265' title='bbox 758 2214 880 2252; x_wconf 87' lang='lat' dir='ltr'>quibus</span> <span class='ocrx_word' id='word_1_266' title='bbox 913 2213 970 2244; x_wconf 90' lang='lat' dir='ltr'>illo</span> <span class='ocrx_word' id='word_1_267' title='bbox 1004 2214 1057 2243; x_wconf 81' lang='lat' dir='ltr'>R:</span> <span class='ocrx_word' id='word_1_268' title='bbox 1097 2214 1152 2253; x_wconf 86' lang='lat' dir='ltr'>qui</span> <span class='ocrx_word' id='word_1_269' title='bbox 1187 2213 1241 2243; x_wconf 94' lang='lat' dir='ltr'>illo</span> <span class='ocrx_word' id='word_1_270' title='bbox 1273 2212 1331 2243; x_wconf 77' lang='grc' dir='ltr'>ΞΨ</span> <span class='ocrx_word' id='word_1_271' title='bbox 1467 2223 1500 2251; x_wconf 79' lang='lat'>14</span> 
     </span>
     <span class='ocr_line' id='line_1_38' title="bbox 178 2255 1503 2298; baseline -0.002 -9"><span class='ocrx_word' id='word_1_272' title='bbox 178 2260 347 2298; x_wconf 67' lang='lat' dir='ltr'>provincia</span> <span class='ocrx_word' id='word_1_273' title='bbox 360 2260 404 2298; x_wconf 75' lang='lat' dir='ltr'>pk</span> <span class='ocrx_word' id='word_1_274' title='bbox 423 2270 430 2288; x_wconf 75' lang='grc' dir='ltr'>ι</span> <span class='ocrx_word' id='word_1_275' title='bbox 454 2258 567 2288; x_wconf 79' lang='lat' dir='ltr'>Sicilia</span> <span class='ocrx_word' id='word_1_276' title='bbox 584 2258 669 2288; x_wconf 78' lang='lat' dir='ltr'>RS:</span> <span class='ocrx_word' id='word_1_277' title='bbox 694 2259 867 2297; x_wconf 79' lang='lat' dir='ltr'>provincia</span> <span class='ocrx_word' id='word_1_278' title='bbox 887 2257 999 2288; x_wconf 74' lang='lat' dir='ltr'>Sicilia</span> <span class='ocrx_word' id='word_1_279' title='bbox 1015 2260 1032 2287; x_wconf 91' lang='grc' dir='ltr'><em>δ</em></span> <span class='ocrx_word' id='word_1_280' title='bbox 1180 2266 1220 2286; x_wconf 81' lang='lat'>22</span> <span class='ocrx_word' id='word_1_281' title='bbox 1243 2256 1403 2287; x_wconf 81' lang='lat' dir='ltr'>Consano</span> <span class='ocrx_word' id='word_1_282' title='bbox 1418 2255 1503 2286; x_wconf 77' lang='lat' dir='ltr'>RS:</span> 
     </span>
     <span class='ocr_line' id='line_1_39' title="bbox 177 2302 1336 2332; baseline -0.002 0"><span class='ocrx_word' id='word_1_283' title='bbox 177 2303 311 2332; x_wconf 81' lang='lat' dir='ltr'>Cosano</span> <span class='ocrx_word' id='word_1_284' title='bbox 328 2315 347 2331; x_wconf 87' lang='grc' dir='ltr'>π</span> <span class='ocrx_word' id='word_1_285' title='bbox 363 2314 368 2331; x_wconf 94' lang='lat'>:</span> <span class='ocrx_word' id='word_1_286' title='bbox 394 2302 547 2332; x_wconf 80' lang='lat' dir='ltr'>Cossano</span> <span class='ocrx_word' id='word_1_287' title='bbox 565 2303 580 2331; x_wconf 88' lang='grc' dir='ltr'>δ</span> <span class='ocrx_word' id='word_1_288' title='bbox 713 2303 755 2331; x_wconf 81' lang='lat'>26</span> <span class='ocrx_word' id='word_1_289' title='bbox 778 2302 1012 2331; x_wconf 83' lang='lat' dir='ltr'>elaborandum</span> <span class='ocrx_word' id='word_1_290' title='bbox 1033 2303 1050 2331; x_wconf 90' lang='grc' dir='ltr'>δ</span> <span class='ocrx_word' id='word_1_291' title='bbox 1325 2310 1336 2319; x_wconf 84' lang='grc'><em>·</em></span> 
     </span>
    </p>
   </div>
  </div>
 </body>
</html>
