1715 2734
150 119 418 159 ACTIONIS
448 119 509 157 IN
539 118 583 157 C.
616 118 858 156 VERREM
887 117 1186 157 SECVNDAE
1218 119 1320 156 LIB.
1346 119 1363 155 Ι
1421 127 1484 166 39

123 229 228 268 enim
260 230 383 267 furem
417 228 487 266 sed
521 234 750 277 ereptorem,
783 240 863 265 non
896 227 1118 264 adulterum
1150 227 1219 264 sed
1254 240 1446 276 expugna-

123 301 246 332 torem
290 291 513 343 pudicitiae‚
555 305 636 329 non
675 291 905 340 sacrilegum
944 292 1014 329 sed
1054 291 1207 328 hostem
1248 304 1445 329 sacrorum

122 357 443 407 religionumque,
467 369 547 394 non
577 355 757 394 sicarium
784 357 853 394 sed
881 354 1194 393 crudelissimum
1222 355 1444 392 carnificem

122 421 265 460 civium
305 420 580 470 sociorumque
614 420 654 458 in
688 428 858 458 vestrum
898 419 1087 457 iudicium
1121 419 1368 465 adduximus,
1405 427 1446 456 ut

84 503 100 534 5
122 499 194 536 ego
215 487 319 524 hunc
340 499 462 523 unum
490 485 573 523 eius
600 485 708 523 modi
737 498 845 523 reum
872 491 961 534 post
988 483 1194 521 hominum
1217 483 1446 521 memoriam

121 550 239 589 fuisse
259 550 419 589 arbitrer
439 550 502 588 cui
523 550 700 588 damnari
721 549 930 599 expediret.

176 617 279 654 Nam
318 615 405 665 quis
454 616 530 653 hoc
577 628 658 653 non
706 614 914 664 intellegit,-
947 614 1064 652 istum
1112 614 1337 651 absolutum
1386 613 1490 655 dis4

122 681 429 731 hominibusque
462 681 592 719 invitis
625 689 758 719 tamen
792 694 838 719 ex
878 680 1060 718 manibus
1099 680 1233 729 populi
1275 680 1446 718 Romani

122 748 217 798 eripi
237 749 346 786 nullo
369 749 490 786 modo
511 749 656 797 posse?
713 747 812 795 Quis
834 748 910 785 hoc
931 759 1011 784 non
1033 745 1227 795 perspicit,
1252 747 1448 795 praeclare

66 828 105 851 10
122 812 329 851 nobiscum
356 819 487 850 actum
518 811 561 849 iri
591 811 623 849 si
653 813 822 861 populus
851 813 1057 849 Romanus
1084 810 1194 848 istius
1222 811 1337 849 unius
1361 825 1448 860 sup-

121 877 240 928 plicio
260 885 469 916 contentus
490 876 617 923 fuerit,
632 889 678 914 ac
700 889 778 914 non
801 876 855 914 sic
876 875 1062 923 statuerit,
1082 889 1162 914 non
1183 876 1300 913 istum
1323 877 1447 914 maius

122 942 162 980 in
200 956 285 981 sese
324 944 462 980 scelus·
489 941 879 991 concepisse‚—cum
914 942 1005 979 fana
1044 940 1228 991 spoliarit,
1265 955 1355 979 cum
1390 949 1447 979 tot

121 1007 302 1046 homines
343 1007 564 1045 innocentis
603 1006 759 1053 necarit,
802 1020 891 1044 cum
931 1006 1025 1044 civis
1065 1008 1270 1045 Romanos
1310 1014 1444 1053 morte,

121 1073 306 1118 cruciatu,
342 1085 457 1110 cruce
491 1071 688 1117 adfecerit,
724 1085 813 1109 curn
848 1073 1093 1121 praedonum
1126 1072 1247 1109 duces
1285 1079 1448 1121 accepta

67 1153 101 1184 ¹5
122 1138 289 1188 pecunia
318 1136 696 1186 dimiserit,—quam
727 1149 806 1182 eos,
830 1136 861 1174 si
887 1136 955 1186 qui
985 1136 1102 1174 istum
1133 1143 1190 1174 tot
1220 1136 1337 1173 tantis
1367 1144 1446 1174 tam

121 1202 276 1241 nefariis
297 1201 507 1240 sceleribus
528 1208 758 1251 coopertum
780 1201 892 1239 iurati
913 1200 1107 1239 sententia
1128 1214 1196 1238 sua
1220 1201 1448 1239 liberarint?

122 1268 215 1306 Non
243 1274 311 1314 est,
334 1279 414 1305 non
441 1274 499 1305 est
528 1266 568 1304 in
598 1268 675 1305 hoe
705 1265 867 1303 homine
893 1265 1077 1315 cuiquam
1104 1266 1295 1315 peccandi
1324 1268 1443 1312 locus,

121 1332 270 1371 iudices
285 1347 295 1380 3
325 1345 405 1369 non
426 1331 456 1369 is
481 1338 539 1369 est
563 1344 662 1377 reus,
685 1343 765 1368 non
793 1330 833 1368 id
860 1337 1026 1379 tempus,
1051 1343 1130 1367 non
1159 1330 1198 1368 id
1225 1330 1445 1377 consilium,

122 1397 273 1446 (metuo
300 1410 349 1435 ne
370 1395 466 1446 quid
493 1394 745 1445 adrogantius
771 1395 878 1445 apud
906 1394 992 1433 talis
1013 1394 1114 1432 viros
1136 1394 1268 1433 videar
1288 1395 1445 1446 dicere),

65 1481 103 1503 20
121 1476 172 1501 ne
194 1469 303 1500 actor
323 1461 485 1511 quidem
506 1468 563 1499 est
593 1460 623 1498 is
654 1460 716 1498 cui
746 1473 833 1498 reus
864 1467 942 1497 tam
971 1473 1129 1505 nocens,
1154 1467 1233 1497 tam
1259 1460 1444 1509 perditus,

122 1536 201 1566 tam
228 1527 431 1566 convictus
457 1532 524 1564 aut
550 1526 705 1563 occulte
733 1524 881 1574 subripi
907 1532 974 1562 aut
1001 1524 1162 1574 impune
1189 1524 1284 1574 eripi
1311 1525 1444 1574 possit.

123 1593 199 1630 His
234 1605 306 1641 ego
344 1591 540 1629 iudicibus
575 1603 655 1628 non
690 1590 869 1639 probabo
900 1590 943 1629 C.
977 1592 1138 1628 Verrem
1174 1598 1310 1627 contra
1343 1591 1446 1640 leges

122 1657 330 1707 pecuniam
360 1655 539 1706 cepisse?
595 1654 853 1693 Sustinebunt
884 1656 979 1692 tales
1009 1654 1077 1691 viri
1107 1668 1148 1692 se
1179 1662 1234 1692 tot
1265 1655 1446 1692 senatori-

122 1722 206 1767 bus,
236 1729 292 1760 tot
322 1721 519 1771 equitibus
551 1719 753 1766 Romanis,
784 1727 840 1757 tot
870 1719 1105 1765 civitatibus,
1133 1727 1189 1757 tot
1220 1719 1446 1757 hominibus

66 1804 102 1835 25
123 1785 406 1824 honestissimis
445 1799 492 1823 ex
536 1792 616 1822 tarn
666 1783 817 1821 inlustri
862 1783 1075 1834 provincia,
1115 1792 1171 1821 tot
1210 1785 1446 1833 populorum

122 1850 439 1901 privatorumque
460 1848 595 1887 litteris
616 1862 697 1886 non
718 1848 944 1895 credidisse,
965 1856 1096 1886 tantae
1117 1848 1252 1898 populi
1276 1849 1447 1886 Romani

123 1915 312 1954 voluntati
328 1914 542 1952 restitisse?
589 1913 814 1951 Sustineant
831 1929 837 1951 :
864 1913 1111 1963 reperiemus,
1130 1913 1161 1951 si
1182 1913 1299 1951 istum
1315 1913 1445 1951 vivum

122 1981 172 2018 ad
201 1980 308 2018 aliud
337 1979 525 2018 iudicium
555 1980 769 2028 perducere
803 1978 1027 2027 poterimus,
1061 1978 1204 2028 quibus
1234 1978 1446 2027 probemus

123 2044 239 2082 istum
259 2044 299 2082 in
319 2051 528 2094 quaestura
547 2042 757 2093 pecuniam
782 2042 980 2092 publicam
1004 2044 1077 2082 Cn.
1101 2042 1273 2081 Carboni
1294 2043 1444 2080 consuli

64 2126 104 2157 30
122 2110 253 2148 datam
274 2108 468 2155 avertisse,
491 2107 635 2157 quibus
662 2108 967 2156 persuadeamus
995 2107 1112 2145 istum
1137 2107 1265 2145 alieno
1286 2107 1446 2145 nomine

165 2214 186 2243 8
208 2219 321 2244 tamen
346 2212 562 2253 Naugerius:
601 2221 677 2241 eum
705 2210 760 2250 Dp
785 2215 814 2241 et
833 2212 935 2251 plen:
973 2216 1083 2241 tamen
1101 2221 1176 2241 eum
1193 2211 1300 2251 ng.:
1339 2222 1404 2240 om<
1429 2211 1447 2239 b

128 2266 163 2295 14
189 2267 261 2287 cum
279 2257 486 2296 praedonum
505 2278 512 2286 .
532 2279 538 2286 .
562 2279 568 2286 .
586 2254 751 2284 dimiserit
766 2254 808 2283 πί)
824 2266 830 2284 :
854 2265 922 2286 om.
939 2255 1003 2284 ΒΨ
1111 2265 1148 2292 19
1173 2254 1248 2284 talis
1266 2254 1393 2284 iudices
1410 2265 1449 2292 qr

125 2310 162 2329 21
189 2300 359 2330 convictus
375 2298 480 2330 Halm
500 2298 544 2338 (ii,
567 2300 581 2334 ξ
600 2300 656 2335 27)
677 2308 683 2327 ;
706 2298 815 2327 victus
831 2297 919 2329 codd.
1077 2308 1118 2336 24
1142 2297 1313 2337 equitibus
1329 2308 1366 2327 -r-
1379 2296 1446 2337 pb:

125 2344 292 2382 equitibus
308 2342 372 2372 DQ
462 2341 502 2371 28
527 2341 712 2380 poterimus
730 2339 765 2370 D
780 2341 821 2370 al.
840 2340 858 2370 b
876 2353 882 2370 ε
908 2341 1116 2380 potuerimus
1127 2342 1170 2380 p&

167 2407 228 2428 cxc.
248 2406 324 2427 VER.
1339 2393 1360 2423 4

1473 1280 1507 1301 ΙΟ

1471 1930 1501 1950 ΙΙ
