1715 2734
131 116 402 154 ACTIONIS
421 115 482 154 IN
504 115 548 153 C.
568 115 809 151 VERREM
831 114 1131 153 SECVNDAE
1153 115 1256 151 LIB.
1281 114 1347 151 ΙΙΙ
1400 112 1456 151 68
1480 118 1542 150 160

131 225 280 271 viderit,
302 225 369 274 qui
390 225 429 262 in
450 223 575 274 epulis
605 223 813 262 cotidianis
839 225 974 262 adulta
999 231 1126 261 aetate
1150 237 1218 273 per
1245 222 1456 261 triennium

130 290 231 328 inter
249 289 469 338 impudicas
489 287 670 326 mulieres
698 296 736 326 et
763 287 1057 337 intemperantis
1078 287 1179 325 viros
1200 295 1373 326 versatus
1394 287 1454 334 sit,

130 354 226 392 nihil
264 366 453 403 umquam
486 352 652 391 audierit
686 366 708 390 a
739 360 846 402 patre
877 366 957 402 quo
991 352 1201 402 pudentior
1224 360 1291 390 aut
1321 352 1457 390 melior

129 426 241 465 esset,
277 417 374 455 nihil
413 430 603 466 umquam
651 425 801 466 patrem
848 418 974 455 facere
1021 416 1160 455 viderit
1209 418 1317 466 quod
1365 431 1455 454 cum

92 497 109 528 5
128 483 300 521 imitatus
330 489 432 520 esset
458 495 552 529 non,
577 481 616 520 id
646 483 754 531 quod
785 482 1051 532 turpissimum
1081 489 1150 528 est,
1173 481 1291 531 patris
1321 481 1457 519 similis

128 548 359 598 putaretur?
1476 581 1538 625 69

182 611 339 661 Quibus
373 612 414 650 in
443 613 559 650 rebus
591 625 671 650 non
706 614 832 650 solum
868 612 959 658 filio,
980 613 1131 657 Verres,
1164 625 1299 649 verum
1338 610 1455 649 etiam
1480 638 1537 669 161

128 676 182 715 rei
202 676 383 727 publicae
404 677 528 714 fecisti
550 676 740 715 iniuriam.
800 679 1034 726 Susceperas
1065 676 1170 715 enim
1200 676 1343 714 liberos
1375 690 1455 714 non

129 743 255 780 solum
286 741 355 779 tibi
386 743 455 780 sed
486 741 603 779 etiam
628 741 785 791 patriae,
808 741 875 791 qui
903 756 982 780 non
1014 743 1135 780 modo
1165 741 1235 780 tibi
1265 741 1456 790 voluptati

71 823 110 845 10
129 808 198 845 sed
232 806 349 845 etiam
382 806 448 856 qui
481 806 695 856 aliquando
726 806 812 844 usui
846 807 899 844 rei
939 806 1119 857 publicae
1158 820 1243 845 esse
1282 814 1453 859 possent.

129 873 210 910 Eos
239 871 441 910 instituere
464 879 583 921 atque
611 871 762 910 erudire
792 872 843 910 ad
876 871 1067 909 maiorum
1092 871 1279 917 instituta,
1298 873 1348 909 ad
1369 870 1457 909 civi-

127 936 215 974 tatis
240 935 503 986 disciplinam,
532 949 613 974 non
640 937 691 974 ad
712 944 778 973 tua
798 935 942 985 flagitia
962 949 1091 985 neque
1111 937 1162 974 ad
1183 943 1269 973 tuas
1296 935 1457 985 turpitu-

126 1001 239 1039 dines
274 1000 472 1039 debuisti:
502 1008 604 1039 esset
639 1014 685 1038 ex
718 1000 830 1038 inerti
868 1008 987 1050 atque
1017 1000 1198 1050 improbo
1230 1008 1268 1038 et
1302 1000 1457 1050 impuro

127 1073 288 1116 parente
319 1079 442 1103 navus
474 1073 512 1104 et
542 1067 695 1115 pudens
727 1073 764 1103 et
795 1065 941 1114 probus
972 1065 1084 1111 filius,
1117 1066 1278 1104 haberet
1307 1065 1457 1115 aliquid

70 1146 107 1178 15
126 1132 196 1169 abs
209 1138 248 1169 te
268 1144 328 1169 res
349 1130 508 1180 publica
529 1130 710 1168 muneris.
762 1132 881 1168 Nunc
898 1143 967 1180 pro
985 1138 1021 1168 te
1038 1132 1200 1168 Verrem
1222 1129 1456 1169 substituisti

126 1197 291 1233 alterum
321 1194 467 1233 civitati
482 1209 492 1242 3
521 1195 595 1232 nisi
625 1196 723 1233 forte
752 1196 828 1233 hoc
858 1194 1106 1239 deteriorem,
1140 1195 1171 1232 si
1203 1195 1283 1233 fieri
1314 1203 1454 1245 potest,

127 1262 236 1310 quod
266 1268 307 1298 tu
337 1259 420 1298 eius
450 1260 558 1298 modi
589 1259 744 1298 evasisti
774 1273 854 1298 non
884 1259 924 1297 in
954 1259 1125 1298 hominis
1151 1260 1348 1306 luxuriosi,
1386 1261 1456 1299 sed

127 1333 280 1363 tantum
311 1325 350 1362 in
380 1324 472 1363 furis
503 1338 548 1363 ac
577 1325 755 1363 divisoris
787 1324 994 1375 disciplina
1017 1326 1236 1372 educatus;
1264 1325 1359 1375 quid
1381 1325 1456 1364 isto
1480 1331 1537 1363 162

128 1392 209 1428 fore
238 1389 412 1428 festivius
441 1390 682 1436 arbitramur,
717 1389 748 1428 si
778 1398 835 1428 est
865 1398 954 1428 tuus
984 1398 1121 1428 natura
1151 1390 1263 1437 filius,
1295 1404 1457 1429 consue-

68 1473 109 1495 20
129 1455 265 1494 tudine
295 1455 522 1505 discipulus,
551 1457 752 1493 voluntate
782 1455 948 1493 similis?
1017 1457 1147 1504 Quem
1178 1469 1260 1506 ego,
1294 1455 1454 1503 iudices,

128 1519 306 1569 quamvis
323 1521 473 1558 bonurn
495 1522 715 1570 fortemque
736 1519 847 1558 facile
864 1527 1015 1570 paterer
1031 1522 1196 1559 evadere
1215 1536 1223 1568 3
1252 1534 1333 1559 non
1350 1521 1455 1559 enim

127 1599 190 1623 me
217 1585 445 1624 inimicitiae
471 1593 739 1633 commovent,
765 1586 795 1624 si
825 1599 926 1635 quae
956 1586 1052 1624 mihi
1077 1600 1167 1624 cum
1197 1586 1272 1625 isto
1303 1588 1455 1626 futurae

127 1658 228 1689 sunt.
288 1653 391 1689 Nam
426 1651 457 1689 si
491 1651 530 1689 in
566 1651 750 1690 omnibus
782 1652 898 1690 rebus
930 1651 1121 1690 innocens
1157 1653 1266 1690 fuero
1299 1651 1455 1701 meique

127 1715 274 1762 similis,
306 1716 402 1765 quid
441 1716 537 1754 mihi
568 1716 677 1754 istius
711 1716 938 1754 inimicitiae
967 1717 1198 1754 nocebunt?
1228 1716 1287 1754 sin
1325 1717 1456 1766 aliqua

70 1796 107 1827 ²5
128 1779 167 1817 in
195 1794 235 1818 re
264 1780 394 1818 Verris
423 1780 559 1819 similis
589 1782 708 1827 fuero,
733 1794 813 1819 non
843 1781 965 1830 magis
995 1781 1090 1818 mihi
1121 1781 1243 1819 deerit
1274 1781 1455 1820 inimicus

127 1858 246 1895 quarn
267 1845 377 1883 Verri
399 1845 532 1884 defuit.
604 1845 773 1891 Etenim,
798 1845 958 1892 iudices,
983 1845 1066 1883 eius
1088 1845 1195 1884 modi
1218 1859 1276 1883 res
1297 1845 1456 1895 publica

127 1911 246 1949 debet
267 1924 362 1957 esse,
385 1918 422 1948 et
443 1910 513 1949 erit
535 1910 693 1949 veritate
716 1911 950 1949 iudiciorum
971 1910 1193 1957 constituta,
1218 1918 1259 1948 ut
1273 1910 1454 1948 inimicus

127 1989 256 2026 neque
277 1977 414 2014 deesse
435 1976 593 2014 nocenti
615 1977 736 2025 possit
758 1989 886 2025 neque
915 1976 1054 2014 obesse
1079 1975 1290 2013 innocenti.
1351 1977 1455 2024 Qua-

171 2089 191 2117 4
215 2080 326 2110 facere
344 2078 392 2110 cO
408 2090 414 2109 :
438 2084 577 2119 agerep
594 2079 659 2110 rell.
819 2089 836 2117 7
861 2079 987 2110 Verres
1004 2079 1050 2109 cO
1068 2091 1074 2110 ε
1099 2090 1164 2110 om.
1181 2084 1205 2118 p
1222 2078 1287 2110 rell.
1395 2079 1455 2109 sed

129 2123 228 2154 etiarn
248 2123 278 2153 O
438 2133 476 2152 10
501 2133 577 2153 esse
595 2128 734 2162 possent
749 2128 772 2162 p
790 2123 855 2153 rell.
874 2135 879 2152 :
905 2128 1042 2162 possent
1061 2133 1136 2153 esse
1156 2123 1185 2152 O
1352 2132 1386 2152 11
1413 2123 1455 2152 ad

130 2167 220 2197 civit.
242 2166 294 2196 O:
319 2171 417 2205 atque
436 2167 526 2197 civit.
540 2172 565 2206 p
583 2166 648 2196 rell.
669 2178 675 2196 :
701 2171 799 2205 atque
819 2167 859 2196 ad
879 2167 941 2197 civ.
961 2167 1040 2197 coni.
1064 2166 1182 2197 Lamb.
1282 2176 1319 2196 12
1341 2167 1382 2195 ad
1400 2170 1454 2195 tua

128 2210 254 2249 flagitia
279 2220 389 2249 neque
415 2210 462 2240 cO
489 2210 557 2240 al.:
596 2221 662 2239 om.
687 2215 712 2249 p
738 2214 768 2239 el
785 2210 865 2249 pler.
1005 2219 1042 2248 13
1068 2221 1110 2240 ex
1137 2208 1206 2239 cO:
1245 2220 1308 2240 om.
1334 2214 1359 2248 p
1384 2208 1450 2240 rell.

129 2257 227 2292 atque
242 2257 265 2293 p
282 2253 347 2283 rell.
366 2264 372 2282 ε
397 2258 429 2283 et
449 2253 479 2283 O
596 2264 631 2291 14
657 2258 799 2293 navusp
816 2253 881 2284 rell.
1013 2263 1050 2292 15
1076 2264 1129 2283 res
1145 2253 1277 2292 publica
1294 2253 1353 2282 abs
1370 2257 1403 2282 te
1422 2252 1452 2282 O

133 2298 171 2325 16
195 2297 396 2326 deteriorem
417 2297 468 2336 Os>
486 2296 553 2327 rell.
573 2308 579 2326 :
605 2297 752 2327 deterior
768 2302 818 2327 est
835 2297 909 2327 dett.
1031 2299 1069 2328 18
1093 2307 1130 2327 ac
1143 2301 1167 2336 p
1185 2297 1250 2328 rell.
1269 2308 1275 2326 ε
1299 2301 1400 2335 atque
1422 2296 1451 2326 O

133 2348 170 2378 19
196 2340 222 2369 si
241 2340 271 2370 O
287 2351 292 2369 z
319 2341 373 2379 qui
386 2346 410 2380 p
428 2340 492 2370 rell¹
629 2341 670 2370 28
695 2341 827 2370 nocenti
845 2340 965 2371 deesse
983 2351 1023 2380 qr

1306 2395 1365 2424 18*
