1715 2734
149 105 417 144 ACTIONIS
440 107 499 144 IN
522 106 566 145 C.
589 107 829 144 VERREM
851 107 1150 147 SECVNDAE
1173 109 1274 146 LIB.
1300 110 1366 146 III
1411 119 1469 156 90
1490 128 1552 159 209

148 217 359 255 cunditatis
392 218 443 255 ad
474 216 727 256 audiendum.
788 217 993 255 Africanos
1024 217 1118 255 mihi
1154 226 1192 256 et
1228 220 1401 257 Catones
1432 226 1470 257 et

149 281 303 320 Laelios
332 282 662 320 commemorabis
683 290 722 321 et
743 295 809 320 eos
832 282 969 321 fecisse
991 282 1095 321 idem
1126 282 1267 321 dices?
1324 285 1471 331 Quam-

146 345 202 383 vis
233 359 291 384 res
321 346 417 383 mihi
444 359 524 384 non
555 348 717 396 placeat,
742 354 874 385 tamen
905 354 1040 385 contra
1070 346 1276 385 hominum
1305 347 1471 386 auctori—

146 417 265 448 tatem
305 423 477 460 pugnare
516 424 596 448 non
635 420 783 461 potero.
843 414 917 458 An,
955 425 1045 449 cum
1084 425 1151 450 eos
1191 425 1270 450 non
1311 412 1467 461 poteris,

107 476 315 524 5proferes
354 476 426 513 hos
464 476 641 521 recentiS,
684 478 732 525 Q.
771 477 956 515 Catulum
996 485 1156 526 patrem,
1200 478 1244 515 C.
1283 477 1466 523 Marium,

146 541 195 588 Q.
232 541 471 587 Scaevolam,
515 542 569 578 M.
608 542 808 588 Scaurum,
851 542 900 589 Q.
938 543 1178 579 Metellum?
1225 541 1292 591 qui
1327 555 1466 579 omnes

144 605 362 654 provincias
393 606 613 644 habuerunt
643 615 680 644 et
710 609 948 645 frumentum
970 609 1091 645 cellae
1113 607 1273 645 nomine
1303 607 1466 656 impera-

143 678 290 708 verunt.
370 672 517 720 Magna
563 679 620 709 est
669 672 875 710 hominum
922 672 1143 718 auctoritas,
1184 680 1222 710 et
1269 680 1377 710 tanta
1424 680 1466 710 ut

143 734 259 772 etiam
281 735 412 773 delicti
435 735 697 785 suspicionem
721 745 849 786 tegere
877 737 1009 787 possit.
1072 740 1164 775 Non
1192 738 1313 776 habes
1341 752 1390 776 ne
1419 752 1467 777 ex
1488 754 1551 776 210

87 814 123 835 10
143 798 202 837 his
232 799 393 848 quidem
424 800 650 839 hominibus
676 801 741 850 qui
770 815 895 851 nuper
924 803 1081 840 fuerunt
1111 804 1234 840 ullum
1264 811 1465 841 auctorem

141 863 251 902 istius
280 865 572 903 aestimationis.
633 867 725 914 Quo
754 881 816 905 me
847 867 962 916 igitur
988 875 1054 905 aut
1083 869 1134 906 ad
1165 882 1265 917 quae
1286 870 1466 918 exempla

139 932 330 968 revocas?
387 932 451 969 Ab
480 931 554 969 illis
585 931 823 978 hominibus
856 933 923 982 qui
954 940 1037 971 tum
1067 933 1208 971 versati
1237 941 1327 971 sunt
1357 933 1397 971 in
1425 947 1464 971 re

138 994 296 1044 publica
325 1008 415 1033 curn
437 1003 475 1033 et
496 996 634 1046 optimi
656 1009 782 1034 mores
804 1004 913 1035 erant
933 1004 971 1035 et
992 997 1198 1035 hominum
1229 997 1463 1036 existimatio

137 1059 262 1108 gravis
293 1060 512 1098 habebatur
540 1068 578 1099 et
608 1061 754 1099 iudicia
783 1075 916 1100 severa
946 1062 1104 1108 fiebant,
1131 1064 1182 1100 ad
1213 1063 1314 1100 hanc
1339 1063 1463 1100 homi-

82 1137 118 1168 15
138 1136 233 1161 num
257 1123 462 1163 libidinem
482 1138 528 1163 ac
549 1125 747 1163 licentiam
769 1140 832 1164 me
853 1126 1028 1173 abducis,
1052 1134 1101 1173 et,
1125 1126 1164 1164 in
1186 1140 1286 1176 quos
1310 1127 1460 1177 aliquid

136 1188 306 1238 exempli
336 1191 505 1239 populus
538 1192 743 1228 Romanus
764 1190 879 1228 statui
910 1199 1020 1240 putat
1050 1199 1240 1241 oportere,
1263 1192 1313 1229 ab
1343 1191 1389 1230 iis
1419 1200 1459 1230 tu

136 1253 377 1292 defensionis
407 1257 586 1305 exempla
615 1255 800 1305 quaeris?
857 1257 950 1294 Non
981 1256 1086 1306 fugio
1117 1270 1166 1294 ne
1196 1257 1268 1294 hos
1298 1257 1458 1306 quidem

137 1331 276 1365 mores,
299 1320 395 1357 dum
417 1321 539 1358 modo
560 1334 606 1358 ex
626 1320 685 1358 his
706 1334 752 1358 ea
773 1333 873 1370 quae
895 1321 1034 1370 probat
1061 1322 1230 1371 populus
1254 1323 1459 1360 Romanus

136 1386 324 1435 exempla,
344 1399 424 1423 non
445 1399 492 1424 ea
511 1399 612 1436 quae
633 1387 873 1424 condemnat
894 1399 1114 1435 sequamur.
1175 1388 1268 1424 Non
1298 1387 1459 1425 circum-

79 1464 118 1485 20
136 1449 311 1499 spiciam,
334 1463 414 1488 non
436 1463 621 1500 quaeram
643 1450 758 1488 foris:
788 1451 917 1488 habeo
938 1450 1087 1489 iudices
1109 1458 1240 1489 tecum
1263 1451 1458 1502 principes

135 1514 312 1561 civitatis,
336 1516 376 1552 P.
400 1515 606 1553 Servilium
636 1523 674 1553 et
705 1516 753 1563 Q.
778 1516 974 1561 Catulum,
998 1515 1065 1564 qui
1093 1523 1199 1553 tanta
1229 1516 1459 1554 auctoritate

135 1587 235 1625 sunt,
259 1579 375 1617 tantis
402 1580 517 1618 rebus
545 1580 672 1629 gestis,
696 1587 738 1618 ut
758 1579 796 1617 in
820 1579 886 1617 illo
906 1579 1267 1629 antiquissimorum
1299 1581 1459 1618 clarissi-

134 1657 368 1693 morumque
398 1644 616 1690 hominum,
647 1645 696 1682 de
726 1644 869 1693 quibus
898 1652 1014 1682 antea
1043 1644 1131 1691 dixi,
1156 1658 1321 1683 numero
1350 1659 1459 1695 repo-

133 1717 285 1746 nantur.
346 1711 536 1760 Exempla
566 1710 800 1759 quaerimus,
834 1716 872 1746 et
901 1722 946 1747 ea
976 1723 1055 1747 non
1086 1709 1256 1758 antiqua.
1329 1711 1457 1748 Modo
1479 1728 1538 1750 211

75 1787 112 1817 25
133 1782 297 1824 uterque
326 1775 466 1813 horum
497 1775 708 1813 exercitum
740 1774 887 1811 habuit.
948 1775 1113 1822 Quaere,
1140 1774 1338 1819 Hortensi,
1362 1787 1456 1824 quo-

132 1839 236 1877 niam
268 1847 306 1877 te
336 1840 506 1878 recentia
536 1842 715 1889 exempla
744 1840 952 1885 delectant,
982 1838 1078 1888 quid
1109 1838 1280 1877 fecerint.
1343 1841 1456 1878 Itane

131 1906 251 1942 vero?
306 1905 354 1953 Q.
375 1906 538 1944 Catulus
560 1907 755 1942 frumento
776 1911 833 1942 est
855 1917 958 1950 usus,
974 1903 1181 1952 pecuniam
1204 1917 1283 1942 non
1305 1904 1455 1954 coegit3

131 1971 171 2006 P.
196 1969 378 2007 Servilius
409 1969 725 2019 quinquennium
756 1968 939 2007 exercitui
970 1981 1059 2006 cum
1090 1976 1285 2018 praeesset
1315 1976 1352 2006 et
1382 1970 1455 2008 ista

129 2034 279 2072 ratione
309 2035 636 2073 innumerabilem
673 2034 881 2085 pecuniam
917 2035 1043 2071 facere
1077 2046 1167 2071 cum
1197 2041 1338 2083 posset,
1370 2047 1452 2073 non

71 2113 112 2143 30
130 2099 263 2137 statuit
295 2100 367 2138 sibi
398 2100 610 2150 quicquam
637 2099 753 2138 licere
780 2099 888 2148 quod
922 2111 1003 2136 non
1037 2105 1186 2148 patrem
1213 2111 1338 2146 suum,
1371 2113 1451 2137 non

174 2214 192 2233 2
218 2204 305 2233 idem
324 2203 445 2234 fecisse
465 2204 494 2234 O
635 2214 654 2242 3
680 2203 761 2234 mihi
780 2212 834 2233 res
855 2201 887 2231 V
1010 2211 1043 2231 11
1071 2207 1170 2240 atque
1188 2214 1208 2229 π
1297 2212 1382 2240 quae
1399 2213 1451 2232 me

131 2246 162 2276 O
302 2258 339 2285 14
365 2252 397 2277 et
416 2271 423 2278 .
444 2273 450 2278 .
469 2272 476 2279 .
496 2249 623 2278 fiebant
640 2259 665 2278 s.
682 2247 700 2278 l.
714 2248 750 2286 μ’
885 2255 927 2275 20
951 2246 1058 2275 habeo
1070 2251 1106 2284 p,
1125 2249 1160 2274 nt
1174 2245 1222 2274 cO
1239 2256 1245 2274 z
1270 2245 1373 2275 habes
1389 2246 1454 2275 sive

130 2289 256 2319 habeas
273 2291 337 2321 rell.
529 2302 569 2321 22
593 2289 903 2329 antiquissimorum
928 2289 1254 2327 clarissimorumque
1271 2289 1339 2317 cO:
1365 2289 1451 2319 anti-

129 2343 270 2370 quorum
288 2339 320 2363 et
339 2334 634 2373 clarissimorump
650 2335 711 2364 rell.
830 2341 871 2368 25
895 2342 1010 2362 eorum
1032 2332 1062 2360 O
1179 2342 1219 2369 29
1243 2341 1315 2362 cum
1336 2337 1451 2371 posset

128 2376 176 2406 cO
193 2388 199 2406 :
224 2382 339 2415 posset
352 2383 376 2417 p
390 2379 451 2407 rell
