1715 2734
140 107 188 146 16
207 122 252 153 40
576 106 633 143 M.
663 106 833 143 TVLLI
866 105 1172 145 CICERONIS

140 1430 181 1469 17

139 1492 179 1522 4²

206 231 364 267 parvam
405 230 566 255 manum
606 216 932 267 exstinguendam
971 218 1114 256 ducem
1164 224 1202 256 te
1240 217 1539 268 principemque

204 281 422 331 praeberes,
445 295 525 319 non
552 282 674 319 modo
700 281 739 319 id
766 281 948 331 refugisti,
972 283 1041 320 sed
1062 296 1110 320 eo
1131 282 1217 332 ipso
1238 290 1425 333 tempore,
1448 296 1539 321 cum

204 360 310 385 esses
339 347 379 384 in
409 346 532 393 litore,
556 346 690 384 Tertia
722 346 787 384 illa
815 353 892 393 tua,
917 360 1036 396 quam
1065 355 1106 385 tu
1136 355 1269 386 tecum
1298 349 1536 398 deportatas,

203 419 284 450 erat
313 411 353 449 in
380 412 558 450 omniurn
588 419 804 461 conspectu
820 426 829 458 3
859 411 952 462 ipsis
979 419 1112 451 autem
1133 412 1353 451 Valentinis
1383 426 1429 451 ex
1458 421 1538 451 tam

203 475 355 514 inlustri
395 476 599 526 nobilique
639 476 857 526 municipio
904 477 1021 515 tantis
1060 479 1110 516 de
1150 478 1267 516 rebus
1305 491 1537 528 responsum
1559 492 1576 523 5

203 542 358 589 dedisti,
382 556 472 580 cum
494 554 600 581 esses
631 555 722 579 cum
749 541 881 580 tunica
906 543 1014 592 pulla
1038 550 1076 581 et
1107 543 1237 592 pallio.
1297 543 1406 592 Quid
1431 544 1538 582 hunc

203 607 531 657 proficiscentem,
547 606 644 657 quid
665 606 705 644 in
726 606 810 657 ipsa
831 607 1032 657 provincia
1046 607 1184 647 fecisse
1206 607 1434 647 existimatis
1456 609 1539 659 qui,

203 686 294 711 cum
316 672 393 710 iam
415 686 461 710 ex
488 672 689 722 provincia
719 686 800 710 non
828 674 878 711 ad
903 673 1148 724 triumphum
1170 675 1240 713 sed
1266 675 1317 713 ad
1347 674 1537 713 iudicium

203 739 423 785 decederet,
447 751 497 776 ne
518 738 624 776 illam
646 737 808 788 quidem
830 737 1032 776 infamiam
1053 738 1193 789 fugerit
1213 752 1334 789 quam
1356 738 1439 777 sine
1460 740 1539 778 ulla

202 804 404 852 voluptate
438 802 649 853 capiebat?
707 804 744 843 O
773 803 906 842 divina
940 811 1099 842 senatus
1131 804 1345 854 frequentis
1376 804 1414 841 in
1439 805 1538 842 aede

204 869 392 906 Bellonae
425 868 761 907 admurmuratio!
821 869 1018 907 Memoria
1056 869 1209 917 tenetis,
1251 869 1412 915 iudices,
1447 882 1538 907 cum

200 935 542 984 advesperasceret
572 942 610 973 et
640 936 759 985 paulo
787 942 880 973 ante
910 942 1011 973 esset
1040 936 1091 973 de
1121 935 1197 973 hoc
1226 936 1456 984 Tempsano
1485 933 1539 972 in-

201 1000 417 1037 commodo
438 998 676 1046 nuntiatum,
698 1013 788 1037 curn
807 998 1046 1037 inveniretur
1067 1012 1186 1037 nemo
1207 998 1275 1048 qui
1296 998 1335 1036 in
1357 998 1422 1037 illa
1450 1000 1538 1036 loca

201 1077 292 1102 cum
307 1063 472 1114 imperio
493 1063 721 1111 mitteretur,
738 1063 970 1113 dixissetque
986 1063 1148 1114 quidam
1163 1065 1326 1102 Verrem
1351 1077 1436 1102 esse
1457 1076 1538 1101 non

202 1130 318 1179 longe
351 1143 374 1168 a
407 1131 594 1179 Tempsa,
627 1143 746 1179 quam
785 1131 900 1168 valde
938 1128 1108 1167 universi
1146 1128 1536 1175 admurmuraverint,

201 1208 321 1244 quam
350 1197 479 1245 palam
508 1194 705 1246 principes
735 1194 904 1233 dixerint
932 1202 1078 1233 contra.
1141 1196 1191 1232 Et
1212 1193 1272 1232 his
1293 1201 1350 1232 tot
1371 1193 1538 1231 crimini-

200 1261 275 1299 bus
309 1260 624 1310 testimoniisque
658 1262 861 1299 convictus
893 1260 932 1298 in
973 1273 1109 1299 eorum
1143 1260 1286 1298 tabella
1317 1272 1428 1309 spem
1463 1258 1537 1297 sibi

200 1325 372 1375 aliquam
402 1325 598 1376 proponit,
627 1339 794 1376 quorum
824 1325 1003 1363 omnium
1032 1326 1160 1374 palam
1190 1337 1308 1363 causa
1338 1324 1538 1374 incognita

201 1404 299 1430 voce
319 1392 529 1429 damnatus
551 1392 642 1430 est?

257 1458 383 1504 Esto3
422 1456 519 1494 nihil
558 1470 605 1494 ex
643 1455 894 1506 fugitivorum
930 1456 1035 1493 bello
1073 1462 1139 1493 aut
1179 1454 1404 1505 suspicione
1444 1453 1536 1492 belli

200 1522 327 1560 laudis
352 1523 520 1572 adeptus
555 1529 624 1569 est,
661 1523 769 1572 quod
805 1535 934 1572 neque
966 1521 1113 1560 bellum
1145 1521 1227 1560 eius
1262 1520 1371 1559 modi
1406 1533 1535 1570 neque

200 1587 291 1626 belli
313 1587 530 1638 periculum
552 1587 623 1626 fuit
645 1587 684 1625 in
706 1586 847 1634 Sicilia,
868 1600 997 1637 neque
1017 1587 1068 1625 ab
1089 1586 1164 1624 isto
1186 1586 1385 1637 provisum
1407 1593 1464 1624 est
1486 1599 1535 1624 ne

198 1654 308 1703 quod
343 1661 470 1701 esset,
510 1660 550 1691 at
584 1666 677 1691 vero
720 1660 855 1691 contra
895 1652 1042 1691 bellum
1084 1653 1329 1701 praedonum
1369 1652 1534 1689 classem

198 1718 336 1756 habuit
371 1726 550 1756 ornatam
584 1717 911 1767 diligentiamque
949 1717 989 1755 in
1029 1730 1077 1756 eo
1118 1716 1366 1767 singularem,
1400 1716 1534 1766 itaque

196 1783 247 1821 ab
278 1782 353 1821 isto
379 1784 575 1833 praeclare
603 1784 766 1821 defensa
787 1782 988 1832 provincia
1008 1790 1076 1821 est.
1137 1782 1200 1821 Sic
1221 1783 1271 1820 de
1292 1783 1398 1820 bello
1428 1795 1533 1832 prae-

197 1850 361 1895 donum,
383 1849 437 1886 sic
465 1849 515 1887 de
543 1849 667 1886 classe
697 1848 902 1895 Siciliensi,
929 1847 1089 1894 iudices,
1119 1847 1248 1886 dicam
1280 1855 1321 1885 ut
1349 1849 1425 1886 hoc
1456 1847 1532 1885 iam

196 1920 288 1951 ante
320 1914 562 1960 confirmem,
598 1913 637 1951 in
672 1914 748 1951 hoc
781 1927 861 1951 uno
899 1926 1042 1962 genere
1073 1912 1202 1950 omnis
1237 1911 1364 1950 inesse
1398 1913 1532 1962 culpas

198 1979 308 2017 istius
347 1978 535 2016 maximas
569 1977 763 2025 avaritiae,
804 1977 1028 2024 maiestatis,
1069 1977 1304 2023 dementiae,
1345 1976 1529 2022 libidinis,

198 2043 448 2082 crudelitatis.
512 2045 624 2081 Haec
645 2045 740 2081 dum
764 2043 931 2081 breviter
951 2056 1117 2092 expon0‚
1142 2056 1301 2092 quacSO,
1322 2050 1362 2079 ut
1387 2041 1530 2080 fecistis

196 2110 338 2155 adhuc,
356 2108 562 2158 diligenter
581 2108 784 2146 attendite.

241 2223 260 2251 3
285 2218 319 2243 tu
331 2223 395 2243 om.
414 2214 429 2241 δ
508 2223 544 2250 14
571 2213 776 2251 dixissetque
791 2213 926 2251 quidam
940 2212 1092 2242 Ernestf:
1118 2213 1244 2242 dixisse
1259 2213 1425 2251 quendam
1438 2211 1526 2241 codd.

199 2256 303 2295 (unde
323 2266 370 2295 15,
396 2257 434 2286 16
448 2257 987 2286 admurnmraveruntffidixerunt
1008 2255 1047 2294 G3
1065 2259 1176 2286 contra
1194 2254 1273 2286 RS‘*
1411 2265 1447 2293 15
1472 2255 1529 2284 ad—

199 2299 481 2330 murmuraverint
500 2299 561 2328 RS
579 2310 584 2329 :
610 2300 711 2330 -arint
725 2301 767 2339 [ιδ
864 2301 899 2329 16
926 2300 967 2329 Et
983 2300 1034 2329 his
1049 2300 1114 2339 pk:
1142 2300 1202 2329 sed
1221 2299 1260 2329 iis
1275 2297 1307 2328 R
1325 2310 1331 2328 ε
1355 2299 1416 2328 sed
1436 2297 1489 2328 his
1502 2296 1531 2327 S

193 2347 260 2382 pn,
279 2354 358 2373 corr.
379 2344 438 2373 sed
458 2343 506 2375 is:
532 2348 564 2373 et
582 2343 611 2373 is
627 2344 643 2372 δ
754 2353 794 2381 23
820 2344 1029 2382 praedonum
1046 2353 1111 2374 om.
1132 2341 1195 2372 RS
1309 2351 1348 2380 25
1373 2347 1528 2381 praetore

199 2386 371 2425 praeclare
383 2387 463 2425 prk&

1561 819 1598 840 10

1560 1143 1595 1174 15

1557 1469 1597 1490 20

1555 1794 1593 1826 25

1551 2119 1590 2149 30
