1715 2734
146 112 197 152 37
216 110 258 150 85
586 103 645 141 M.
675 103 844 140 TVLLI
877 102 1184 143 CICERONIS

216 221 377 261 remota,
400 213 577 252 seiuncta
598 227 621 252 a
641 212 782 260 Sicilia,
806 226 847 252 m
874 213 999 252 insula
1026 214 1174 253 inculta
1194 214 1383 266 tenuique
1408 215 1545 266 posita,

215 280 414 317 cumulata
443 279 527 317 aliis
557 278 633 317 tuis
663 278 876 316 maioribus
907 278 1069 327 iniuriis,
1098 280 1137 317 in
1173 280 1249 318 hoc
1283 293 1445 330 quoque
1475 281 1549 318 fru-

217 343 408 382 mentario
437 357 579 394 genere
610 344 778 393 praedae
808 343 878 381 tibi
911 351 949 382 et
975 344 1154 394 quaestui
1183 344 1284 383 fuit?
1341 346 1473 394 Quam
1505 352 1547 383 tu

216 416 338 447 totam
364 409 531 447 insulam
560 408 718 447 cuidam
746 416 902 447 tuorum
928 410 1122 448 sodalium
1150 410 1249 448 sicut
1273 410 1435 460 aliquod
1464 423 1548 448 mu-

217 475 425 512 nusculum
448 475 706 520 condonaras,
730 474 780 511 ab
802 475 875 511 hac
901 474 1017 512 etiam
1044 476 1140 514 haec
1166 474 1419 512 frumentaria
1439 476 1546 512 lucra
1566 489 1583 520 5

216 545 418 588 tamquam
439 552 462 576 a
483 538 777 577 mediterraneis
799 538 1083 588 exigebantur?
1115 541 1254 589 Itaque
1276 539 1343 589 qui
1360 547 1417 577 tot
1432 540 1546 577 annis

216 605 362 653 agellos
384 617 476 642 suos
497 611 534 642 te
556 611 732 653 praetore
754 603 946 642 redimere
965 617 988 642 a
1008 604 1142 653 piratis
1163 605 1355 651 solebant,
1379 604 1484 642 idem
1506 618 1548 642 se

217 668 323 719 ipsos
343 682 366 706 a
386 676 424 707 te
445 668 570 718 pretio
591 668 776 719 imposito
798 670 1058 707 redemerunt.
1713 681 1715 740 J

273 734 381 782 Quid
402 735 527 772 vero?
555 747 579 772 a
598 733 862 780 Tissensibus,
886 747 1075 784 perparva
1095 747 1140 772 ac
1162 733 1270 773 tenui
1291 733 1459 781 civitate,
1477 735 1547 772 sed
1713 741 1715 787 ᾖ

217 799 433 838 aratoribus
455 798 771 837 laboriosissimis
788 798 1138 848 frugalissimisque
1154 799 1395 846 hominibus,
1414 812 1547 837 nonne
1569 817 1608 840 ιο
1713 790 1715 824 ⁵

217 865 303 914 plus
332 863 427 902 lucri
450 863 612 902 nomine
634 863 794 914 eripitur
814 876 933 912 quam
955 872 1147 913 quantum
1177 864 1341 902 omnino
1363 863 1546 902 frumenti
1712 836 1715 881 Ι

216 931 449 968 exararant?
477 931 529 967 ad
554 942 654 979 quos
686 937 727 967 tu
760 930 1027 967 decumanum
1064 929 1305 979 Diognetum
1331 928 1545 967 Venerium

217 995 369 1043 misisti,
409 1008 555 1032 novum
595 1008 718 1044 genus
758 993 972 1044 publicani.
1033 995 1114 1033 Cur
1152 995 1228 1032 hoc
1265 1001 1426 1032 auctore
1464 1007 1545 1032 non

218 1063 371 1099 Romae
388 1074 548 1111 quoque
569 1060 667 1098 servi
690 1060 838 1110 publici
858 1061 909 1098 ad
931 1059 1134 1110 vectigalia
1154 1061 1379 1098 accedunt?
1426 1062 1546 1099 Anno

215 1128 392 1165 secundo
431 1126 636 1164 Tissenses
678 1126 846 1163 HSffi
885 1125 980 1163 lucri
1028 1127 1122 1164 dare
1169 1133 1362 1175 coguntur
1409 1125 1604 1174 inviti315

214 1192 329 1230 tertio
359 1204 466 1229 anno
500 1190 563 1228 ᾗ
599 1191 704 1229 mod.
736 1190 851 1228 tritici
886 1190 982 1229 lucri
1018 1190 1219 1240 Diogneto
1247 1190 1419 1229 Venerio
1452 1192 1546 1229 dare

214 1257 340 1296 coacti
376 1265 477 1295 sunt.
540 1256 620 1294 Hic
656 1255 889 1305 Diognetus,
917 1255 984 1305 qui
1017 1269 1063 1294 ex
1090 1255 1259 1307 publicis
1289 1255 1546 1305 vectigalibus

215 1331 323 1362 tanta
361 1324 467 1361 lucra
507 1322 609 1368 facit,
650 1321 837 1360 vicarium
878 1323 1030 1359 nullum
1070 1321 1200 1367 habet,
1243 1321 1341 1358 nihil
1381 1321 1546 1359 omnino

215 1388 355 1438 peculi.
416 1389 498 1426 Vos
520 1387 637 1425 etiam
660 1400 766 1424 nunc
787 1386 977 1433 dubitate,
1001 1386 1031 1424 si
1054 1386 1228 1436 potestis,
1246 1395 1376 1425 utrum
1392 1394 1545 1424 tantum

216 1467 423 1491 numerum
455 1452 570 1491 tritici
591 1452 784 1490 Venerius
813 1451 1011 1502 apparitor
1039 1451 1148 1489 istius
1177 1451 1250 1489 sibi
1279 1451 1474 1500 acceperit
1494 1464 1544 1489 an
1566 1467 1604 1488 20

156 1525 196 1566 87
216 1519 308 1556 huic
340 1518 519 1568 exegerit.
579 1519 711 1567 Atque
744 1518 841 1555 haec
880 1531 926 1554 ex
966 1516 1126 1566 publico
1165 1516 1410 1554 Tissensium
1444 1516 1546 1554 testi-

217 1583 352 1622 monio
390 1582 630 1632 cognoscite.
688 1584 991 1620 TEST1MON1VM
1029 1594 1234 1620 PvssLlcvn
1276 1583 1542 1619 Tissrthwm.

216 1649 406 1694 Obscure,
444 1647 607 1694 iudices,
642 1655 796 1697 praetor
831 1646 914 1696 ipse
948 1647 1193 1685 decumanus
1228 1654 1296 1692 est,
1332 1660 1421 1684 cum
1462 1646 1545 1685 eius

213 1713 455 1763 apparitores
477 1714 717 1750 frumentum
739 1726 762 1750 a
782 1711 1005 1750 civitatibus
1027 1711 1192 1762 exigant,
1216 1711 1404 1762 pecunias
1426 1711 1544 1761 impe-

214 1787 309 1826 rent,
349 1779 554 1829 aliquanto
594 1780 682 1828 plus
722 1777 793 1828 ipsi
833 1777 928 1816 lucri
976 1779 1154 1816 auferant
1192 1791 1311 1827 quam
1351 1785 1542 1827 quantum
1566 1793 1604 1823 25

213 1847 362 1896 populo
396 1847 584 1883 Romano
616 1845 872 1882 decumarum
905 1843 1067 1881 nomine
1101 1842 1228 1881 daturi
1256 1846 1370 1880 sunt!
1429 1844 1543 1881 Haec

212 1911 389 1961 aequitas
428 1910 468 1948 in
507 1917 577 1948 tuo
616 1909 779 1959 imperio
812 1908 893 1954 fuit,
932 1910 1029 1946 haec
1061 1907 1249 1958 praetoris
1287 1907 1467 1957 dignitas,
1502 1916 1544 1946 ut

214 1990 344 2015 servos
361 1975 553 2014 Venerios
569 1974 788 2013 Siculorum
807 1973 992 2012 dominos
1009 1987 1094 2011 esse
1108 1975 1227 2011 velles
1244 1988 1252 2019 ;
1283 1973 1346 2010 hic
1363 1972 1541 2019 dilectus,

144 705 196 751 38

155 765 197 796 86

260 2090 269 2109 ι
301 2081 405 2119 posita
424 2080 455 2110 in
475 2080 546 2110 loco
569 2079 599 2108 V
845 2089 861 2117 7
887 2083 920 2108 te
938 2083 1094 2117 praetore
1117 2077 1176 2107 ῙὈ
1193 2089 1198 2107 :
1223 2083 1300 2108 ante
1319 2082 1352 2107 tc
1371 2087 1418 2115 pr.
1437 2082 1461 2116 j>
1475 2076 1539 2108 rell.

213 2125 328 2162 piratis
351 2124 426 2154 l'cO
444 2136 450 2154 z
476 2123 614 2163 privatis
630 2127 652 2161 p
671 2123 735 2153 rell.
859 2123 879 2152 8
903 2133 921 2151 a
939 2127 970 2152 te
983 2127 1007 2160 p
1024 2121 1090 2152 rell.
1109 2125 1237 2160 praeter
1256 2121 1287 2150 V
1304 2121 1358 2150 ¹ab
1384 2123 1433 2159 te)
1451 2132 1456 2149 :
1484 2121 1543 2151 abs

213 2173 246 2197 tc
262 2168 350 2207 vulg.
464 2178 485 2207 9
511 2178 589 2196 vcro
613 2166 687 2195 1⁷10
707 2178 711 2195 :
738 2176 817 2203 ergo
832 2171 855 2205 p
873 2165 937 2197 rell.
1025 2165 1084 2195 sed
1107 2164 1182 2194 1²10
1199 2176 1204 2194 :
1230 2169 1263 2194 et
1277 2169 1300 2204 p
1318 2164 1383 2194 rell.
1505 2175 1514 2193 1
1527 2175 1537 2194 1

211 2212 348 2241 omnino
367 2211 522 2241 frumenti
545 2210 627 2239 VO:
653 2211 748 2241 frum.
769 2220 857 2240 omn.
874 2214 898 2248 p
915 2209 980 2239 rell.
1099 2218 1133 2246 14
1160 2218 1292 2247 quoque
1315 2207 1412 2236 170:
1437 2216 1501 2238 om.
1517 2213 1541 2246 p

213 2255 279 2285 rell.
362 2255 529 2285 accedunt
546 2254 593 2283 cO
610 2265 616 2283 :
641 2254 802 2284 accedant
825 2253 872 2292 Vp
889 2253 954 2283 rell.
1107 2253 1144 2281 ¹6
1170 2253 1218 2281 x-11
1238 2250 1324 2281 mod*
1341 2250 1388 2280 cO
1408 2261 1414 2279 z
1450 2259 1480 2279 00
1509 2261 1538 2280 00

214 2298 361 2328 modium
375 2303 398 2339 p
413 2309 419 2328 z
446 2299 534 2328 varie
551 2298 686 2327 turbant
702 2297 767 2327 rell.
927 2305 968 2334 25
993 2296 1072 2326 lucri
1090 2295 1137 2324 cO
1154 2306 1159 2324 :
1185 2306 1250 2325 om.
1273 2294 1338 2326 rell.
1498 2295 1540 2323 26

213 2341 278 2371 sint
298 2342 328 2370 Ο
462 2352 501 2380 27
528 2341 720 2381 praetoria?
747 2339 860 2371 Muell.
