1715 2734
215 103 482 142 ACTIONIS
512 104 573 141 IN
603 104 649 142 C.
671 105 913 141 VERREM
943 104 1242 143 SECVNDAE
1272 106 1376 144 LIB.
1399 107 1436 143 V
1493 108 1534 144 18
1559 122 1602 156 47

215 214 417 252 materiem
436 228 518 252 non
538 216 696 262 habent,
717 213 965 265 imperavisti.
1024 214 1063 253 Si
1093 220 1132 253 et
1156 227 1207 253 ex
1232 228 1314 265 quo
1344 218 1386 255 fit
1415 217 1535 265 navis,
1558 227 1607 263 19

214 287 253 318 et
273 278 341 329 qui
360 278 518 326 faciunt,
541 279 706 330 imperio
733 279 803 317 tibi
831 287 900 318 tuo
927 292 1008 317 non
1034 279 1161 329 pretio
1188 288 1344 330 praesto
1371 282 1536 328 fuerunt,

215 343 283 382 ubi
310 345 473 382 tandem
504 343 608 382 istud
644 346 736 382 latet
765 345 873 394 quod
902 351 944 382 tu
974 345 1027 383 de
1051 350 1122 384 tua
1146 345 1318 395 pecunia
1346 345 1443 384 dicis
1473 346 1541 383 im-

214 410 412 458 pensum?
466 410 520 446 At
541 408 767 447 Mamertini
795 408 835 446 in
864 408 1005 447 tabulis
1024 409 1122 447 nihil
1150 410 1307 448 habent.
1367 410 1539 448 Primum
1562 416 1604 455 48

177 485 194 516 5
215 472 333 511 video
360 473 534 523 potuisse
563 472 644 510 fieri
673 480 716 511 ut
744 487 791 511 ex
819 473 967 511 aerario
995 473 1092 512 nihil
1122 475 1260 512 darent
1276 489 1285 522 3
1313 474 1460 512 etenim
1481 476 1541 513 vel

216 537 468 588 Capitolium,
490 538 588 576 sicut
615 539 721 587 apud
749 537 913 577 maiores
941 546 1094 577 nostros
1119 540 1264 577 factum
1293 547 1361 586 est,
1385 539 1542 589 publice

215 602 361 640 coactis
389 602 510 642 fabris
534 602 744 653 operisque
772 603 970 653 imperatis
998 604 1129 654 gratiis
1154 604 1401 642 exaedificari
1421 612 1540 654 atque

216 667 316 705 effici
336 666 463 716 potuit
479 682 488 714 3
517 667 758 706 deinde—id
779 669 887 717 quod
912 668 1105 718 perspicio
1133 676 1170 707 et
1191 671 1299 718 quod
1319 671 1539 716 ostendam,

216 744 311 770 cum
334 730 444 782 ipsos
472 733 704 782 produxero,
735 732 909 782 ipsorum
934 747 980 771 ex
1000 733 1334 771 litteris—multas
1355 734 1541 784 pecunias

162 813 200 834 10
217 795 280 834 isti
294 805 469 847 erogatas
484 797 524 834 in
541 811 703 847 operum
719 797 934 835 locationes
954 799 1069 836 falsas
1084 806 1203 848 atque
1219 798 1345 836 inanis
1362 812 1447 837 esse
1461 813 1542 849 per-

218 862 389 913 scriptas.
451 864 535 901 Iam
564 862 660 901 illud
687 862 848 901 minime
874 862 1015 901 mirum
1036 871 1104 910 est,
1129 863 1388 902 Mamertinos
1413 857 1436 902 a
1462 878 1542 914 quo

218 940 417 964 summum
438 926 674 965 beneficium
691 934 933 976 acceperant,
950 941 1068 976 quem
1089 927 1164 966 sibi
1179 927 1405 965 amiciorem
1424 942 1543 978 quam

219 994 366 1042 populo
397 994 582 1029 Romano
611 1005 696 1029 esse
725 999 1000 1041 cognoverant,
1032 992 1115 1030 eius
1147 992 1265 1042 capiti
1297 992 1432 1031 litteris
1464 993 1543 1032 suis

219 1056 448 1108 pepercisse.
498 1057 577 1095 Sed
597 1056 628 1094 si
644 1065 874 1106 argumento
891 1064 948 1095 est
966 1057 1224 1097 Mamertinos
1245 1057 1315 1095 tibi
1335 1058 1544 1107 pecuniam

164 1136 200 1166 15
219 1135 300 1160 non
320 1121 488 1169 dedisse,
511 1121 602 1171 quia
631 1121 817 1172 scriptum
848 1135 927 1160 non
957 1123 1114 1169 habent,
1147 1122 1195 1160 sit
1223 1131 1454 1172 argumento
1474 1122 1545 1161 tibi

218 1186 348 1237 gratiis
387 1194 487 1225 stare
525 1199 676 1233 navem,
717 1185 818 1236 quia,
860 1186 955 1236 quid
988 1186 1127 1225 emeris
1158 1194 1224 1225 aut
1263 1187 1359 1238 quid
1394 1187 1543 1234 locaris,

219 1252 406 1302 scriptum
426 1252 595 1301 proferre
614 1264 695 1289 non
715 1258 838 1301 potes.

275 1318 328 1355 At
356 1316 461 1355 enim
487 1315 633 1354 idcirco
659 1329 799 1354 navem
829 1316 1075 1355 Mamertinis
1103 1330 1184 1355 non
1205 1316 1415 1367 imperasti,
1437 1317 1545 1366 quod
1564 1327 1606 1358 49

222 1390 312 1420 sunt
350 1380 549 1420 foederati.
621 1380 673 1419 Di
710 1382 958 1431 adprobent!
1017 1383 1225 1420 Habemus
1264 1381 1466 1420 hominem
1506 1381 1545 1419 in

167 1462 205 1483 20
223 1446 411 1485 fetialium
439 1445 621 1484 manibus
650 1446 874 1491 educatum,
897 1459 1019 1483 unum
1050 1454 1201 1495 praeter
1231 1454 1380 1484 ceteros
1411 1445 1449 1483 in
1480 1459 1547 1495 pu-

224 1510 334 1549 blicis
355 1510 606 1560 religionibus
626 1510 829 1547 foederum
853 1517 1031 1547 sanctum
1052 1523 1098 1548 ac
1127 1510 1379 1560 diligentem,
1408 1523 1546 1547 omnes

222 1575 289 1625 qui
310 1582 400 1613 ante
421 1582 458 1613 te
479 1575 634 1612 fuerunt
654 1581 850 1624 praetores
872 1575 1067 1612 dedantur
1093 1574 1349 1620 Mamertinis,
1373 1575 1480 1623 quod
1502 1573 1547 1611 iis

222 1655 361 1679 navem
392 1647 527 1679 contra
561 1639 785 1689 pactionem
818 1638 986 1677 foederis
1012 1639 1248 1689 imperarint.
1308 1640 1387 1677 Sed
1414 1645 1546 1676 tamen

223 1715 274 1753 tu,
302 1713 434 1744 sancte
465 1707 585 1744 homo
613 1718 659 1742 ac
688 1703 875 1754 religiose,
899 1717 966 1741 cur
994 1702 1336 1742 Tauromenitanis
1357 1702 1450 1741 item
1471 1704 1548 1740 foe-

165 1784 202 1815 25
223 1770 365 1810 deratis
386 1784 525 1808 navem
546 1769 743 1818 imperasti
760 1770 776 1806 ?
823 1770 888 1806 An
909 1769 985 1806 hoc
1006 1768 1201 1818 probabis,
1225 1768 1264 1806 in
1285 1781 1411 1817 aequa
1430 1781 1548 1806 causa

222 1837 457 1886 populorum
479 1834 561 1873 sine
581 1834 706 1884 pretio
726 1832 874 1871 varium
900 1832 959 1871 ius
985 1841 1022 1871 et
1048 1833 1243 1883 disparem
1269 1832 1546 1871 condicionem

222 1900 369 1939 fuisse?
426 1898 566 1945 Quid?
593 1898 624 1936 si
646 1897 727 1936 eius
749 1896 857 1935 modi
878 1910 962 1935 esse
983 1898 1079 1935 haec
1100 1898 1181 1935 duo
1201 1898 1360 1935 foedera
1379 1898 1546 1935 duorum
1568 1908 1609 1940 50

223 1967 469 2016 populorum,
504 1963 662 2010 iudices,
699 1964 835 2008 doceo,
868 1970 910 2000 ut
940 1961 1283 2001 Tauromenitanis
1314 1961 1546 2000 nominatim

223 2038 382 2069 cautum
416 2037 453 2067 et
485 2035 691 2078 exceptum
726 2027 773 2065 sit
808 2028 965 2066 foedere
998 2042 1046 2066 ne
1077 2041 1216 2066 navem
1242 2029 1334 2066 dare
1362 2027 1545 2074 debeant,

163 2110 205 2139 ,30
225 2093 470 2132 Mamertinis
491 2092 530 2130 in
552 2092 636 2142 ipso
657 2093 813 2130 foedere
842 2099 1021 2130 sanctum
1049 2100 1168 2142 atque
1195 2092 1477 2142 praescriptum
1499 2092 1547 2130 sit

223 2168 266 2199 ut
294 2173 434 2198 navem
464 2159 556 2197 dare
587 2171 747 2196 necesse
779 2156 837 2204 sit,
870 2157 987 2195 istum
1017 2165 1149 2196 autem
1178 2165 1315 2196 contra
1342 2159 1481 2196 foedus
1509 2165 1547 2195 et

267 2275 299 2302 4,
316 2273 335 2302 5
359 2263 403 2293 nil
420 2262 581 2298 Zielinski,
595 2267 627 2301 p.
645 2262 703 2298 178
886 2263 906 2292 8
931 2262 1051 2292 deinde
1070 2262 1103 2292 id
1121 2262 1209 2301 quod
1227 2261 1392 2300 perspicio
1409 2265 1440 2291 et
1458 2261 1547 2300 quod

224 2307 309 2346 RSp
326 2307 390 2337 rell.
409 2318 416 2336 t
440 2306 561 2336 deinde
579 2304 747 2344 perspicio
765 2304 797 2333 id
815 2305 904 2343 quod
921 2307 1097 2336 ostendam
1114 2304 1238 2344 Zumpt
1368 2315 1389 2343 9
1414 2305 1496 2335 istos
1508 2305 1547 2344 p²

226 2351 371 2390 ipsorum
389 2360 431 2379 ex
449 2349 522 2388 szs
538 2360 544 2378 :
571 2359 614 2378 ex
630 2348 777 2386 ipsorum
795 2347 855 2377 SW

1398 2407 1459 2437 26*
