1715 2734
156 110 424 149 ACTIONIS
456 111 517 148 IN
547 111 590 149 C.
614 111 854 150 VERREM
885 112 1183 149 SECVNDAE
1215 112 1316 148 LIB.
1343 111 1402 148 IV
1457 119 1481 157 7
1506 128 1543 160 13

156 219 293 269 quanti
313 218 502 258 aestimet.
563 220 792 269 Numquam
814 219 931 265 enim,
954 219 984 258 si
1006 219 1174 258 denariis
1196 231 1296 258 CCCC
1319 220 1479 271 Cupidi-

155 297 246 322 nem
265 284 373 322 illum
389 291 575 334 putasset,
591 284 853 323 commisisset
867 292 907 322 ut
924 292 1081 334 propter
1096 298 1187 322 eum
1202 284 1241 322 in
1255 297 1477 324 sermonem

155 348 361 387 hominum
390 356 509 398 atque
543 348 583 385 in
616 356 764 386 tantam
798 349 1125 399 vituperationem
1156 349 1314 387 veniret.
1376 350 1476 398 Quis

153 421 324 451 vestrum
345 413 458 463 igitur
478 413 601 451 nescit
622 413 757 463 quanti
779 415 875 452 haec
894 413 1178 452 aestimentur?
1226 416 1273 452 In
1294 415 1477 453 auctione

116 492 134 524 5
154 478 307 528 signum
328 491 494 517 aeneum
516 492 596 516 non
618 479 830 517 maximum
855 481 923 517 HS
950 482 1006 516 ᾗ
1026 479 1156 517 venire
1178 493 1257 518 non
1279 479 1478 518 vidimus?

154 542 294 592 Quid?
324 543 353 592 sj
374 543 490 581 velim
511 543 714 582 nominare
735 543 914 582 homines
942 543 1009 593 qui
1032 551 1099 582 aut
1123 557 1203 582 non
1232 543 1392 582 minoris
1412 553 1478 582 aut

153 608 268 646 etiam
297 608 415 658 pluris
440 608 615 654 emerint,
639 623 771 647 nonne
800 611 993 658 possum?
1050 609 1208 647 Etenim
1239 609 1305 658 qui
1337 611 1478 648 modus

152 680 210 711 est
231 672 269 710 in
292 672 351 711 his
372 673 488 711 rebus
518 673 754 723 cupiditatis,
778 673 882 711 idem
904 681 962 711 est
982 673 1265 712 aestimationis
1283 688 1290 720 3
1321 674 1478 712 difficile

152 745 209 776 est
243 739 361 777 finem
396 739 522 776 facere
552 738 677 788 pretio
707 738 781 776 nisi
812 738 965 776 libidini
995 738 1142 777 feceris.
1206 738 1335 777 Video
1365 739 1478 788 igitur

92 820 132 842 10
153 803 302 841 Heium
333 817 462 853 neque
482 804 683 841 voluntate
714 817 842 853 neque
872 805 1100 842 difficultate
1129 803 1261 854 aliqua
1291 804 1476 854 temporis

151 883 224 908 nec
263 869 533 920 magnitudine
564 869 756 919 pecuniae
789 871 1006 908 adductum
1047 883 1131 908 esse
1164 877 1205 908 ut
1240 871 1337 908 haec
1368 858 1477 920 signa

150 936 346 982 venderet,
366 942 483 984 teque
503 934 576 972 ista
597 934 846 973 simulatione
862 934 1073 985 emptionis
1094 934 1142 981 vi,
1162 942 1279 980 metu,
1300 935 1474 985 imperio,

149 999 319 1038 fascibus
350 1000 400 1038 ab
433 999 595 1038 homine
622 1013 669 1038 eo
694 1013 825 1049 quem,
848 1014 926 1037 una
956 1014 1047 1038 cum
1078 999 1214 1038 ceteris
1247 999 1371 1046 sociis,
1396 1013 1476 1038 non

148 1066 276 1103 solum
316 1064 498 1115 potestati
539 1072 628 1103 tuae
666 1066 736 1103 sed
775 1064 892 1103 etiam
932 1064 1024 1103 fidei
1062 1066 1231 1114 populus
1272 1066 1477 1103 Romanus

90 1147 129 1179 15
149 1131 398 1170 commiserat
427 1130 614 1181 eripuisse
643 1138 760 1180 atque
790 1130 1010 1169 abstulisse.

202 1195 312 1245 Quid
344 1195 439 1233 mihi
471 1203 550 1233 tam
589 1196 818 1245 optandum,
852 1195 1012 1241 iudices,
1050 1203 1177 1245 potest
1210 1209 1294 1234 esse
1329 1197 1367 1233 in
1401 1197 1477 1235 hoc

147 1259 309 1299 crimine
326 1274 443 1310 quam
465 1267 507 1298 ut
528 1261 625 1298 haec
646 1261 785 1298 eadem
807 1259 911 1297 dicat
933 1259 1015 1309 ipse
1045 1259 1205 1298 Heius?
1263 1260 1372 1298 Nihil
1392 1274 1476 1310 pro-

146 1327 276 1372 fect03
306 1327 375 1364 sed
405 1339 455 1364 ne
484 1324 655 1364 difficilia
684 1332 876 1374 optemus.
938 1324 1066 1363 Heius
1100 1332 1158 1363 est
1191 1325 1477 1371 Mamertinus:

148 1390 385 1429 Mamertina
424 1390 557 1428 civitas
597 1389 714 1427 istum
754 1389 912 1438 publice
952 1390 1155 1428 communi
1189 1390 1355 1429 consilio
1394 1392 1477 1429 sola

89 1471 130 1493 20
148 1455 309 1502 laudat3
337 1455 522 1493 omnibus
552 1454 624 1492 iste
655 1454 792 1492 ceteris
824 1453 963 1491 Siculis
993 1454 1087 1492 odio
1114 1462 1185 1499 est,
1214 1455 1264 1492 ab
1295 1454 1354 1492 his
1384 1455 1476 1493 solis

146 1527 322 1567 amatur3
359 1509 442 1558 eius
471 1526 603 1558 autem
636 1518 840 1568 legationis
872 1532 973 1568 quae
1002 1520 1052 1557 ad
1084 1519 1201 1557 istum
1232 1520 1475 1558 laudandum

147 1585 263 1623 missa
277 1592 334 1623 est
351 1584 531 1635 princeps
545 1592 603 1622 est
619 1583 948 1622 Heius——etenim
966 1592 1023 1622 est
1039 1584 1187 1634 primus
1204 1584 1368 1625 civitatis
1389 1601 1394 1622 :
1426 1599 1475 1623 ne

147 1651 253 1696 forte,
278 1651 373 1688 dum
400 1649 567 1699 publicis
598 1648 792 1686 mandatis
817 1648 966 1689 serviat.
990 1650 1040 1686 de
1068 1648 1223 1697 privatis
1246 1649 1392 1686 iniuriis
1423 1663 1475 1687 re-

148 1714 275 1752 ticeat.
335 1716 448 1753 Haec
479 1728 569 1752 cum
605 1714 743 1752 scirem
783 1720 821 1751 et
860 1713 1082 1763 cogitarem,
1116 1714 1297 1751 commisi
1329 1721 1471 1762 tamen,

89 1794 129 1825 25
148 1778 308 1825 iudices,
333 1779 464 1826 Hei03
494 1779 659 1829 produxi
682 1778 806 1828 prima
833 1778 998 1824 actione,
1023 1791 1152 1827 neque
1173 1778 1213 1816 id
1238 1786 1367 1816 tamen
1394 1781 1474 1818 ullo

147 1846 321 1894 periculo
359 1843 444 1882 feci.
518 1844 626 1893 Quid
665 1843 771 1882 enim
811 1850 962 1893 poterat
999 1843 1126 1881 Heius
1161 1845 1407 1892 respondere,
1443 1844 1474 1881 si

146 1917 248 1949 esset
269 1909 480 1959 improbus,
505 1911 535 1948 si
557 1909 615 1948 sui
636 1908 865 1948 dissimilis?
894 1921 978 1946 esse
1007 1907 1071 1945 illa
1097 1908 1206 1957 signa
1233 1909 1340 1947 domi
1368 1923 1470 1955 suae,

146 1989 227 2013 non
248 1988 332 2013 esse
352 1976 458 2024 apud
480 1975 639 2013 Verrem
657 1976 673 2012 ?
733 1973 812 2022 Qui
846 1981 997 2022 poterat
1023 1973 1233 2023 quicquam
1262 1973 1344 2011 eius
1365 1974 1473 2012 modi

146 2039 312 2078 dicere?
368 2040 421 2077 Vt
463 2041 584 2078 homo
624 2038 869 2088 turpissimus
909 2045 1011 2076 esset
1052 2038 1473 2088 impudentissimeque

92 2117 129 2148 30
148 2105 385 2151 mentiretur,
409 2106 485 2143 hoc
514 2104 674 2151 diceret,
695 2105 758 2141 illa
779 2117 820 2141 se
841 2103 1024 2141 habuisse
1047 2104 1208 2151 venalia,
1235 2117 1359 2153 eaque
1389 2117 1473 2143 sese

194 2219 206 2239 1
234 2210 323 2239 enim
343 2209 371 2239 si
396 2219 462 2239 om.
482 2208 544 2239 RS
569 2208 660 2245 (aule
676 2209 811 2247 signum
829 2215 875 2243 -3-(2
897 2225 922 2234 ι
943 2209 1115 2245 dena1·iis;
1148 2209 1184 2247 cs.
1216 2208 1261 2239 Cl.
1282 2209 1360 2238 Rev.
1379 2208 1470 2243 xviii,

144 2258 178 2294 p.
199 2254 275 2283 210⁸*
437 2263 455 2291 5
480 2253 621 2282 vidimus
638 2251 716 2282 R2S
732 2252 794 2282 rell.
812 2263 817 2281 :
843 2253 998 2282 videmus
1015 2252 1061 2282 R1
1216 2264 1236 2291 9
1261 2259 1311 2283 est
1328 2254 1417 2284 enim
1432 2257 1474 2294 p&

150 2297 212 2326 nisi
233 2298 280 2335 ττδ7
297 2296 412 2333 Julius
427 2295 541 2333 Victor,
555 2295 731 2325 Zielinski:
756 2296 783 2325 Si
800 2295 884 2326 RS:
911 2297 937 2326 si
956 2295 1084 2326 libidini
1104 2306 1170 2325 non
1185 2296 1212 2325 L
1228 2307 1256 2325 ,e
1273 2298 1351 2328 coni.
1368 2297 1473 2336 Iord.)

152 2349 190 2377 13
216 2350 289 2369 cum
308 2351 372 2369 0:11.
394 2339 456 2368 RS
557 2349 596 2377 24
622 2344 733 2369 tamen
751 2349 803 2368 me
816 2340 859 2378 p&
967 2348 1007 2377 25
1032 2339 1175 2378 produxi
1193 2350 1267 2370 eum
1279 2342 1322 2380 p'cJ
1433 2352 1474 2379 30

150 2393 226 2413 sese
247 2383 334 2412 Vno:
359 2393 396 2413 se
414 2382 478 2413 RS
498 2382 624 2422 [Amen
642 2382 678 2419 J.
697 2381 758 2412 Plz.
778 2382 869 2421 xxvi,
886 2387 919 2423 p.
939 2386 1017 2423 430)

1504 366 1540 397 14

1500 1210 1536 1241 Ι5

1499 1720 1536 1752 16
