1715 2734
157 70 424 110 ACTIONIS
456 70 516 107 IN
547 69 591 107 C.
614 69 855 105 VERREM
886 67 1184 106 SECVNDAE
1215 67 1317 104 LIB.
1343 68 1385 104 II
1451 77 1476 113 4
1500 82 1538 103 10

157 183 235 220 suis
277 182 517 220 deducerent
556 188 598 217 ut
641 193 714 229 ego
757 180 874 218 istum
922 192 1158 225 accusarem,
1198 192 1221 216 a
1264 192 1343 227 quo
1391 192 1479 216 mea

156 246 381 296 longissime
419 245 515 283 ratio
554 246 813 294 voluntasque
851 244 1086 282 abhorrebat
1104 258 1114 290 3
1157 256 1397 292 quamquam
1437 243 1477 280 in

156 312 228 349 hac
249 324 366 349 causa
386 311 510 348 multo
530 309 649 360 pluris
670 309 786 358 partis
808 308 903 346 mihi
924 307 1164 347 defensionis
1185 320 1304 357 quam
1324 320 1480 345 accusa-

156 375 273 414 tionis
320 374 538 424 suscepisse
584 374 729 412 videor.
805 376 1008 412 Postremo
1057 386 1102 410 ex
1151 379 1233 409 tota
1280 371 1480 421 provincia

121 440 336 486 5homines
371 438 603 478 nobilissimi
643 438 836 488 primique
877 437 1033 487 publice
1074 435 1333 486 privatimque
1367 450 1479 474 vene-

156 512 255 551 runt,
272 503 497 554 gravissima
516 511 634 553 atque
654 502 895 552 amplissima
917 514 1096 552 quaeque
1117 500 1251 539 civitas
1272 501 1479 539 vehemen-

155 568 302 607 tissime
323 582 411 606 suas
431 567 589 606 iniurias
610 575 813 617 persecuta
832 574 900 606 est.

1504 388 1536 408 II

208 635 260 671 At
290 646 408 683 quem
442 633 492 671 ad
523 633 697 677 modum,
731 631 889 677 iudices,
920 632 1139 669 venerunt?
1195 629 1344 668 Videor
1373 629 1477 667 enim
1498 627 1574 678 (11)

156 699 250 736 mihi
271 698 348 736 iam
376 698 533 737 liberius
563 699 669 747 apud
700 711 767 735 vos
798 711 867 747 pro
895 697 1033 735 Siculis
1058 696 1166 746 loqui
1191 696 1335 734 debere
1359 709 1478 745 quam

98 781 136 803 10
154 764 313 802 forsitan
346 763 418 813 ipsi
456 762 598 801 velint:
642 762 755 800 saluti
787 762 917 812 potius
947 775 1082 799 eorum
1123 762 1326 799 consulam
1359 774 1478 810 quam

96 1105 132 1137 15

93 1430 133 1451 20

153 828 355 866 voluntati.
415 829 593 877 Ecquem
622 827 849 865 existimatis
882 840 1068 876 umquam
1103 827 1181 863 ulla
1210 825 1247 862 in
1280 825 1480 875 provincia

153 907 261 931 reum
308 893 513 930 absentem
557 900 692 930 contra
742 891 1035 941 inquisitionem
1083 890 1319 954 accusatqris
1362 890 1478 928 tantis

152 958 304 1008 opibus,
341 965 448 995 tanta
476 958 689 1007 cupiditate
719 970 804 994 esse
834 957 1070 994 defensum?
1127 956 1365 1003 Quaestores
1391 955 1479 992 utri-

152 1037 276 1073 usque
296 1023 519 1073 provinciae
536 1022 601 1071 qui
623 1022 697 1059 isto
717 1029 894 1071 praetore
911 1022 1062 1058 fuerant
1083 1033 1173 1058 cum
1191 1020 1360 1058 fascibus
1381 1021 1476 1057 mihi

152 1095 306 1138 praesto
338 1088 517 1125 fuerunt:
562 1087 620 1124 his
655 1099 770 1135 porro
799 1085 865 1135 qui
903 1091 1184 1130 successerunt,
1226 1085 1478 1122 vehementer

152 1152 261 1191 istius
282 1152 426 1202 cupidi,
450 1151 658 1190 liberaliter
679 1164 725 1188 ex
749 1150 859 1188 istius
881 1149 1034 1188 cibariis
1057 1148 1219 1195 tractati,
1243 1162 1323 1186 non
1347 1150 1477 1187 minus

151 1231 258 1256 acres
279 1224 414 1256 contra
436 1230 497 1254 me
518 1217 682 1254 fuerunt.
733 1215 876 1254 Videte
897 1214 993 1264 quid
1015 1213 1184 1264 potuerit
1205 1213 1272 1263 qui
1293 1221 1477 1263 quattuor

152 1285 191 1321 in
240 1297 318 1321 una
369 1281 569 1332 provincia
618 1288 842 1330 quaestores
893 1279 1200 1318 studiosissimos
1250 1279 1475 1317 defensores

151 1355 538 1399 propugnatoresque
572 1347 760 1392 habuerit,
803 1352 1020 1395 praetorem
1060 1358 1151 1382 vero
1191 1345 1475 1394 cohortemque

152 1421 274 1452 totam
315 1414 370 1451 sic
413 1411 628 1451 studiosam
673 1418 714 1449 ut
757 1410 869 1449 facile
912 1418 1114 1460 appareret
1154 1423 1233 1447 non
1278 1417 1356 1447 tam
1402 1410 1474 1446 illis

151 1480 332 1526 Siciliam,
365 1491 484 1528 quam
514 1479 671 1515 inanem
701 1477 956 1522 offenderant,
989 1489 1107 1525 quam
1138 1477 1300 1513 Verrem
1331 1474 1471 1524 ipsum,

150 1546 217 1595 qui
249 1546 387 1594 plenus
422 1544 652 1588 decesserat,
689 1541 929 1592 provinciam
965 1542 1094 1579 fuisse.
1155 1539 1300 1578 Minari
1334 1540 1473 1578 Siculis

150 1610 181 1648 si
229 1608 491 1648 decrevissent
540 1608 752 1658 legationes
794 1620 894 1656 quae
941 1613 1078 1643 contra
1120 1604 1237 1643 istum
1285 1603 1471 1650 dicerent,

150 1675 288 1713 minari
315 1675 346 1712 si
367 1674 433 1724 qui
454 1680 583 1712 essent
604 1673 777 1723 profecti,
800 1671 885 1709 aliis
913 1671 943 1709 si
970 1671 1174 1708 laudarent
1195 1669 1474 1719 benignissime

117 1753 128 1761 ·
150 1740 386 1790 promittere,
408 1738 654 1789 gravissimos
684 1737 918 1788 privatarum
942 1748 1068 1773 rerum
1095 1734 1216 1781 testis,
1238 1735 1380 1784 quibus
1403 1748 1474 1773 nos

149 1805 419 1856 praesentibus
440 1802 768 1849 denuntiavimus,
792 1815 858 1840 eos
880 1802 915 1838 vi
939 1799 1206 1849 custodiisque
1229 1799 1406 1838 retinere.

192 1921 211 1949 4
235 1921 279 1941 ex
296 1915 363 1941 tota
382 1920 472 1949 prov.
491 1909 577 1940 hom.
600 1908 677 1939 CO:
703 1908 789 1938 hom.
806 1917 848 1938 ex
866 1911 937 1938 tota
954 1917 1045 1946 prov.
1064 1910 1086 1945 p
1105 1905 1167 1935 rell.
1303 1905 1324 1933 6
1341 1903 1476 1942 amplis-

149 1954 232 1985 sima
258 1953 347 1985 60¹:
383 1953 617 1984 honestissima
636 1957 661 1991 p
683 1951 747 1982 rell.
883 1961 904 1989 9
928 1950 1010 1980 mihi
1031 1950 1059 1980 C
1074 1949 1162 1979 rell.:
1190 1958 1255 1979 om.
1278 1945 1321 1977 Ο1
1411 1948 1475 1977 iam

150 1998 287 2028 liberius
311 1998 398 2036 apud
419 2007 479 2027 vos
497 1995 593 2027 COl:
627 1994 762 2025 liberius
786 1995 872 2034 apud
898 2005 958 2024 vos
983 1994 1046 2023 iam
1069 1997 1093 2032 p
1112 1992 1175 2022 rell.
1315 1999 1353 2020 10
1377 1991 1474 2021 saluti

152 2041 247 2072 Col:
282 2041 378 2072 saluti
411 2040 499 2070 enim
532 2045 555 2080 p
582 2039 645 2070 rell.
750 2048 866 2068 eorum
897 2038 1009 2077 potius
1028 2036 1061 2065 [ιδ
1200 2044 1233 2064 11
1260 2033 1422 2073 hecquem
1452 2034 1480 2064 C

150 2095 302 2124 umquam
320 2084 386 2114 ulla
405 2083 433 2114 C
447 2083 509 2114 rell.
532 2095 538 2113 ε
562 2083 653 2113 nulla
673 2082 710 2121 (n
735 2082 791 2112 del.
812 2093 856 2111 m.
873 2083 907 2119 2)
927 2090 1072 2120 unquam
1093 2079 1122 2109 O
1144 2078 1220 2109 *sed
1233 2088 1311 2109 corr.
1333 2088 1377 2107 m.
1395 2087 1420 2113 1,
1442 2081 1478 2107 ut

149 2129 290 2159 vz'detur’
313 2127 459 2167 (Muell.)
479 2139 485 2157 :
511 2127 576 2157 ulla
594 2135 748 2166 umquam
766 2125 868 2162 Kays.
890 2125 940 2165 (ii,
961 2128 976 2161 ξ
999 2125 1050 2162 17)
1178 2133 1215 2152 12
1241 2122 1339 2152 tantis
1357 2122 1476 2161 opibus

149 2182 215 2203 om.
236 2171 294 2202 CO
428 2181 464 2209 14
489 2170 569 2200 mihi
587 2181 653 2200 om.
676 2167 745 2200 CO¹
894 2179 931 2208 15
955 2168 1008 2198 his
1027 2167 1148 2198 COrrb:
1174 2166 1207 2196 hi
1226 2165 1289 2195 rell.
1438 2165 1476 2195 18

150 2226 216 2246 una
234 2214 375 2256 COprk:
400 2226 465 2246 om.
487 2214 551 2245 rell.
639 2223 678 2242 22
705 2213 808 2242 fuisse
826 2212 1031 2251 provinciam
1050 2210 1213 2247 Zielinski,
1230 2214 1263 2249 p.
1288 2219 1348 2249 193
1433 2219 1475 2247 23

150 2259 380 2290 decrevissent
394 2258 452 2289 CO
462 2259 519 2288 aL:
538 2258 733 2288 decressent
745 2255 833 2287 codd.
845 2255 988 2295 plerique
1061 2254 1264 2293 legationes.
1281 2277 1287 2282 .
1304 2276 1310 2283 .
1324 2253 1475 2284 dicerent

153 2301 233 2332 CO:
258 2313 323 2332 -em
342 2326 348 2332 .
369 2326 376 2332 .
397 2326 403 2332 .
424 2306 471 2331 -et
490 2301 551 2331 nbk
566 2300 636 2331 edd.

1501 1100 1535 1121 12
