1715 2734
130 842 166 862 10

126 2134 166 2163 30

185 135 453 174 ACTIONIS
487 135 548 174 IN
578 135 624 174 C.
646 136 886 173 VERREM
917 135 1213 173 SECVNDAE
1245 135 1349 171 LIB.
1372 133 1409 169 V
1448 133 1503 171 68

185 258 291 283 nunc
311 245 415 283 oculi
435 244 603 283 coniecti
629 251 719 282 sunt
742 245 818 282 hoc
848 243 934 293 ipso
960 251 1136 292 tempore
1159 242 1199 280 in
1224 255 1346 280 unum
1374 255 1506 291 quem-

184 323 261 359 que
288 318 474 356 nostrum,
497 323 575 358 qua
603 310 681 347 fide
711 322 783 358 ego
811 321 1005 354 accusem,
1032 321 1110 356 qua
1135 306 1320 356 religione
1345 306 1383 344 hi
1411 305 1507 343 iudi-

184 383 283 422 cent,
314 389 391 424 qua
417 383 459 412 tu
484 374 632 412 ratione
659 375 858 412 defendas.
922 375 982 410 De
1009 372 1194 410 omnibus
1224 371 1351 418 nobis,
1381 371 1411 409 si
1439 370 1506 420 qui

184 444 377 480 tantulum
405 443 457 480 de
479 449 583 479 recta
610 441 767 490 regione
794 439 1003 486 deflexerit,
1030 452 1110 477 non
1143 438 1207 476 illa
1234 438 1351 476 tacita
1382 437 1506 476 existi-

184 506 304 544 matio
330 520 448 555 quam
475 514 591 543 antea
615 514 867 543 contemnere
897 503 1093 550 solebatis,
1124 504 1193 541 sed
1222 504 1434 541 vehemens
1461 515 1507 540 ac

184 571 349 609 liberum
374 570 509 620 populi
534 570 706 608 Romani
733 569 921 608 iudicium
948 576 1221 618 consequetur.
1281 569 1400 605 Nulla
1424 567 1504 613 tibi,

186 635 344 683 Quinte,
368 649 458 672 cum
480 635 553 672 isto
581 635 771 684 cognatio,
795 635 901 672 nulla
928 633 1205 680 necessitudo3
1234 632 1377 681 quibus
1398 645 1508 669 excu-

185 700 401 737 sationibus
435 707 550 737 antea
584 699 748 736 nimium
784 699 822 736 in
857 698 989 747 aliquo
1022 697 1167 736 iudicio
1198 697 1371 735 studium
1397 704 1507 734 tuum

185 765 396 802 defendere
428 765 592 810 solebas,
628 777 760 801 earum
794 763 938 801 habere
969 763 1008 800 in
1048 764 1123 800 hoc
1162 762 1322 800 homine
1360 763 1507 798 nullam

186 837 308 878 potes.
369 831 482 877 Quae
507 829 578 866 iste
614 828 652 866 in
687 828 887 878 provincia
922 829 1051 877 palam
1081 827 1297 873 dictitabat,
1333 840 1422 866 cum
1462 840 1508 864 ea

184 906 285 942 quae
323 893 489 931 faciebat
527 901 593 930 tua
631 906 672 930 se
706 893 849 931 fiducia
887 893 1012 930 facere
1050 891 1218 938 dicebat,
1252 904 1297 929 ea
1331 904 1380 928 ne
1418 905 1507 929 vera

184 964 370 1006 putentur
390 957 461 995 tibi
482 957 650 994 maxime
671 964 728 994 est
750 956 1049 1006 providendum.
1111 957 1196 1005 Ego
1217 954 1294 993 mei
1315 955 1505 993 rationem

183 1020 261 1058 iam
293 1023 395 1060 offici
425 1022 584 1060 confido
611 1034 695 1059 esse
722 1020 907 1058 omnibus
932 1019 1185 1070 iniquissimis
1213 1021 1308 1058 meis
1338 1021 1508 1069 persolu-

185 1093 293 1132 tam3
335 1098 427 1122 nam
466 1084 583 1122 istum
622 1083 755 1134 paucis
796 1083 900 1121 horis
939 1083 1086 1133 primae
1124 1083 1290 1122 actionis
1328 1084 1507 1122 omnium

185 1149 408 1187 mortalium
457 1147 660 1187 sententiis
714 1147 986 1185 condemnavi.
1057 1148 1270 1197 Reliquum
1319 1148 1508 1187 iudicium

185 1213 261 1251 iam
288 1227 374 1251 *non
406 1214 457 1252 de
487 1226 575 1251 mea
605 1213 694 1259 fide,
730 1226 830 1261 quae
868 1220 1072 1261 perspecta
1106 1220 1176 1259 est,
1210 1226 1283 1251 nec
1315 1214 1365 1251 de
1399 1212 1508 1252 istius

183 1279 271 1325 vita,
294 1292 395 1328 quae
422 1279 608 1316 damnata
632 1284 701 1324 est,
724 1277 794 1315 sed
821 1278 871 1315 de
892 1276 1087 1315 iudicibus
1115 1285 1163 1324 et,
1187 1291 1274 1315 vere
1299 1285 1340 1315 ut
1365 1277 1506 1325 dicam,

184 1344 234 1381 de
255 1351 293 1382 te
313 1344 487 1381 futurum
507 1350 575 1381 est.

238 1410 290 1446 At
326 1421 406 1458 quo
439 1415 615 1457 tempore
645 1408 816 1445 futurum
851 1414 909 1445 est
924 1409 1086 1445 ?—nam
1117 1407 1157 1445 id
1188 1408 1354 1446 maxime
1385 1408 1507 1458 provi-

127 1491 140 1510 ε
184 1475 360 1512 dendum
395 1480 478 1520 estg
520 1472 664 1511 etenim
704 1486 794 1510 cum
833 1472 1017 1510 omnibus
1046 1472 1083 1509 in
1120 1473 1246 1520 rebus,
1279 1481 1362 1510 tum
1397 1473 1436 1510 in
1468 1487 1508 1511 re

184 1538 341 1588 publica
371 1538 571 1588 permagni
602 1538 791 1576 momenti
822 1545 879 1575 est
909 1537 1005 1575 ratio
1035 1546 1152 1586 atque
1182 1537 1384 1576 inclinatio
1414 1546 1507 1576 tem-

183 1616 334 1652 porum.
393 1604 548 1651 Nempe
579 1616 638 1649 eo,
675 1616 764 1640 cum
796 1604 965 1652 populus
1001 1604 1206 1640 Romanus
1239 1602 1346 1640 aliud
1383 1617 1506 1652 genus

184 1668 389 1705 hominum
413 1676 531 1717 atque
557 1668 676 1705 alium
704 1667 883 1705 ordinem
910 1668 960 1705 ad
988 1681 1046 1705 res
1076 1667 1305 1706 iudicandas
1334 1668 1504 1717 requirit,

184 1746 326 1782 nempe
364 1734 448 1782 lege
493 1733 542 1770 de
589 1732 742 1770 iudiciis
777 1731 1052 1781 iudicibusque
1091 1732 1200 1769 novis
1239 1735 1507 1782 promulgatam

128 1818 130 1821 v
184 1811 301 1846 quam
323 1810 403 1834 non
428 1797 459 1834 is
486 1797 743 1846 promulgavit
772 1810 850 1846 quo
878 1796 1039 1834 nomine
1069 1797 1324 1846 proscriptam
1353 1797 1504 1846 videtis,

184 1863 252 1899 sed
283 1862 345 1898 hic
373 1861 603 1908 reus‚—-bic‚
632 1861 805 1910 inquam,
831 1875 900 1899 sua
928 1875 996 1910 spe
1025 1870 1142 1910 atque
1173 1861 1358 1911 opinione
1388 1876 1505 1912 quam

184 1927 233 1963 de
254 1926 364 1963 vobis
392 1926 509 1964 habet
536 1928 661 1975 legem
688 1926 792 1963 illam
824 1926 1071 1964 scribendam
1102 1928 1505 1976 promulgandamque

185 1991 339 2028 curavit.
401 1993 540 2040 Itaque
570 2004 659 2028 cum
688 1990 813 2039 primo
842 2004 954 2040 agere
985 1991 1198 2041 coepimus,
1226 1993 1286 2029 lex
1315 2005 1395 2029 non
1425 2000 1505 2030 erat

184 2057 454 2105 promulgata3
502 2068 591 2093 cum
631 2055 703 2093 iste
740 2062 865 2092 vestra
904 2055 1106 2093 severitate
1144 2064 1344 2105 permotus
1384 2058 1505 2095 multa

185 2120 293 2169 signa
331 2121 492 2158 dederat
531 2133 648 2168 quam
688 2119 739 2157 ob
778 2133 857 2158 rem
897 2133 1151 2170 responsurus
1186 2135 1265 2159 non
1300 2121 1504 2168 videretur,

186 2185 332 2222 mentio
367 2186 417 2222 de
451 2186 535 2233 lege
570 2185 675 2222 nulla
707 2184 850 2230 fiebat3
879 2192 1133 2234 posteaquam
1170 2185 1242 2223 iste
1275 2186 1435 2224 recreari
1467 2194 1506 2224 et

186 2248 405 2287 confirmari
440 2249 543 2286 visus
578 2256 646 2295 est,
677 2249 736 2286 lex
767 2248 894 2286 statim
925 2252 1168 2299 promulgata
1198 2258 1265 2288 est.
1326 2251 1400 2289 Cui
1431 2251 1504 2300 legi

230 2351 250 2379 8
273 2351 338 2380 alio
355 2352 497 2389 quodam
518 2352 583 2382 iud.
602 2351 704 2391 Kays.
831 2364 869 2382 10
894 2358 989 2392 potes
1008 2354 1035 2383 S
1052 2366 1057 2384 2
1082 2360 1193 2392 potest
1212 2354 1244 2383 R
1362 2365 1398 2393 13
1425 2356 1508 2386 meis

185 2394 292 2423 abesse
316 2394 410 2423 mals!
429 2395 464 2431 J.
479 2394 513 2431 J.
535 2394 730 2433 Hartman3
766 2396 822 2425 sed
843 2397 878 2434 cs.
906 2397 938 2429 ii,
958 2400 972 2433 ξ
996 2399 1053 2435 167
1230 2408 1263 2434 ¹4
1290 2398 1417 2436 primae
1443 2407 1506 2429 act.

187 2438 242 2467 dcl.
264 2437 437 2466 Harlnmn
557 2449 596 2475 24
622 2449 741 2477 nempe
759 2438 816 2469 del.
838 2439 938 2477 Kays.
1025 2441 1121 2471 novis
1137 2451 1203 2471 om.
1223 2453 1241 2469 rr
1375 2450 1416 2479 25
1441 2452 1506 2480 quo

185 2480 298 2510 RSW:
325 2481 418 2510 cuius
436 2482 474 2510 δε
498 2491 565 2511 om.
579 2487 604 2520 p

1527 143 1587 178 ¹75

1530 374 1590 416 156

1527 566 1626 618 (176)

1527 925 1586 970 69

1532 992 1587 1026 ¹77
