1715 2734
174 82 440 121 ACTIONIS
464 82 523 119 IN
545 82 589 120 C.
612 50 853 118 VERREM
875 83 1173 120 SECVNDAE
1196 84 1297 120 LIB.
1323 85 1387 121 III
1440 93 1494 130 44
1519 99 1580 129 104

172 193 342 243 optimos
363 206 407 231 ac
429 192 703 239 nobilissimos,
721 195 962 231 Aetnensem
979 200 1017 231 et
1034 193 1283 232 Leontinum.
1336 197 1493 234 Horum

171 271 244 307 ego
263 271 443 306 agrorum
466 256 604 294 missos
632 257 770 295 faciam
792 265 976 307 quaestus
1003 258 1143 296 trienni
1161 273 1171 306 3
1201 273 1322 296 unum
1344 273 1491 297 annum

171 322 321 372 eligam,
363 335 443 371 quo
481 321 630 359 facilius
669 321 709 359 id
758 324 865 372 quod
914 322 1061 360 institui
1105 323 1297 372 explicare
1332 324 1489 373 possim.

171 389 330 425 Sumam
363 400 510 424 annum
551 385 716 433 tertium,
751 388 858 436 quod
890 394 928 425 et
959 387 1249 426 recentissimus
1282 396 1339 426 est
1371 396 1409 426 et
1444 389 1493 427 ab

131 466 147 496 5
170 451 243 490 isto
273 451 325 489 ita
353 450 645 489 administratus
674 459 726 497 ut,
751 465 840 489 cum
862 465 903 490 se
930 459 1033 490 certe
1055 453 1307 489 decessurum
1333 453 1491 501 videret,

169 529 249 554 non
278 516 469 554 laboraret
501 515 531 553 si
563 523 753 553 aratorem
785 517 935 553 nullum
966 515 1005 553 in
1036 516 1167 554 Sicilia
1197 517 1360 555 omnino
1393 526 1494 557 esset

168 581 378 619 relicturus.
439 579 532 629 Agri
564 580 774 618 Aetnensis
810 588 847 619 et
878 580 1062 619 Leontini
1096 582 1283 619 decumas
1319 597 1490 632 agemus.

168 645 381 691 Attendite,
423 645 581 690 iudices,
626 645 838 694 diligenter.
906 645 999 695 Agri
1038 654 1129 683 sunt
1169 647 1324 694 feraces,
1367 662 1493 686 annus

167 710 310 758 tertius,
352 712 594 749 decumanus
629 710 837 760 Apronius.
909 712 970 749 De
1000 711 1267 750 Aetnensibus
1300 726 1494 762 perpauca
1519 728 1576 758 105

110 788 148 809 10
166 774 293 813 dicam
312 790 322 822 ;
351 775 531 814 dixerunt
551 775 655 813 enim
678 774 750 825 ipsi
773 775 897 825 priore
911 775 1067 814 actione
1083 776 1248 826 publice.
1300 778 1494 817 Memoria

165 839 304 877 tenetis
325 839 618 878 Artemidorum
642 842 893 887 Aetnensem,
920 840 1123 890 legationis
1154 841 1236 879 eius
1262 842 1490 892 principem,

164 904 320 954 publice
352 905 481 943 dicere
513 904 732 954 Apronium
768 905 919 943 venisse
956 907 1124 943 Aetnam
1163 920 1252 944 cum
1286 908 1492 955 Veneriis,

164 983 322 1007 vocasse
342 970 394 1007 ad
413 983 453 1007 se
484 969 738 1018 magistratus,
765 968 975 1018 imperasse
1010 978 1051 1007 ut
1081 970 1118 1007 in
1146 972 1229 1009 foro
1258 971 1330 1009 sibi
1359 972 1492 1011 medio

163 1033 251 1071 lecti
272 1041 543 1078 sternerentur,
563 1032 707 1071 cotidie
730 1032 886 1070 solitum
910 1047 994 1071 esse
1018 1048 1097 1071 non
1119 1036 1238 1073 modo
1256 1035 1294 1072 in
1318 1036 1487 1085 publico,

105 1111 141 1141 15
162 1101 231 1137 sed
270 1099 387 1137 etiam
426 1100 475 1138 de
513 1098 673 1149 publico
713 1099 937 1147 convivari;
980 1113 1069 1137 cum
1114 1100 1152 1137 in
1189 1101 1270 1139 eius
1304 1103 1490 1141 conviviis

161 1164 395 1214 symphonia
421 1171 577 1202 caneret
600 1163 857 1213 maximisque
895 1164 1046 1214 poculis
1078 1165 1368 1214 ministraretur,
1406 1168 1491 1206 reti-

160 1228 241 1266 neri
258 1229 392 1268 solitos
408 1243 492 1267 esse
507 1237 688 1275 aratore5‚
708 1236 826 1278 atque
843 1229 893 1266 ab
911 1229 965 1266 eis
983 1243 1063 1267 non
1087 1232 1211 1269 modo
1228 1245 1295 1281 per
1310 1232 1487 1271 iniuriam

159 1295 228 1332 sed
261 1294 378 1332 etiam
398 1307 467 1343 per
486 1294 766 1332 contumeliam
790 1301 941 1331 tantum
970 1294 1133 1344 exprimi
1165 1297 1347 1335 frumenti
1369 1312 1488 1348 quan-

159 1365 241 1396 tum
271 1359 468 1408 Apronius
498 1358 735 1408 imperasset.
808 1359 983 1396 Audistis
1026 1361 1134 1407 haec,
1170 1360 1346 1410 iudices3
1386 1377 1487 1413 quae
1513 1372 1569 1403 106

101 1439 140 1461 20
158 1437 264 1461 nunc
293 1437 365 1473 ego
395 1423 528 1461 onmia
556 1431 756 1473 praetereo
786 1431 823 1461 et
860 1424 1048 1473 relinquo.
1113 1426 1222 1464 Nihil
1257 1429 1307 1465 de
1338 1429 1487 1467 luxuria

157 1487 307 1538 Aproni
337 1489 485 1538 loquor,
510 1487 605 1526 nihil
626 1490 676 1527 de
698 1488 915 1534 insolentia,
943 1489 1039 1527 nihil
1062 1491 1112 1528 de
1134 1492 1321 1541 permissa
1341 1493 1392 1531 ab
1414 1494 1487 1532 isto

156 1551 322 1598 licentia,
346 1552 442 1590 nihil
469 1554 519 1591 de
540 1552 721 1602 singulari
752 1553 926 1602 nequitia
957 1568 1002 1591 ac
1038 1555 1302 1605 turpitudine:
1333 1565 1485 1596 tantum

156 1618 206 1656 de
235 1625 398 1667 quaestu
427 1632 473 1656 ac
503 1619 611 1656 lucro
640 1618 769 1656 dicam
801 1619 915 1657 unius
947 1620 1025 1669 agri
1058 1628 1096 1658 et
1127 1621 1243 1659 unius
1272 1623 1376 1670 anni,
1406 1637 1486 1673 quo

157 1682 305 1721 facilius
326 1696 394 1720 vos
424 1683 689 1721 coniecturam
711 1685 762 1722 de
785 1684 951 1722 triennio
974 1693 1011 1723 et
1032 1687 1082 1723 de
1105 1693 1186 1724 tota
1207 1686 1338 1725 Sicilia
1357 1690 1483 1728 facere

98 1762 136 1793 25
156 1747 322 1798 possitis.
383 1750 461 1786 Sed
491 1748 585 1786 mihi
608 1750 867 1787 Aetnensium
898 1750 1024 1789 brevis
1052 1758 1109 1788 est
1132 1751 1252 1800 ratio,
1282 1752 1355 1803 ipsi
1377 1754 1480 1792 enim

155 1820 354 1859 venerunt,
389 1812 463 1862 ipsi
496 1813 672 1862 publicas
711 1814 855 1853 litteras
893 1817 1224 1866 deportaverunt3
1263 1819 1482 1857 docuerunt

153 1891 222 1915 vos
243 1878 338 1927 quid
359 1878 487 1916 lucelli
503 1879 633 1916 fecerit
655 1880 777 1918 homo
798 1894 877 1918 non
900 1883 1034 1927 malus,
1063 1882 1258 1920 familiaris
1282 1884 1479 1933 praetoris,

153 1943 362 1992 Apronius.
424 1945 482 1988 Id,
515 1957 674 1992 quaeso,
704 1958 750 1982 ex
780 1944 952 1994 ipsorum
985 1946 1210 1986 testimonio
1242 1949 1478 1998 cognoscite.

200 2059 210 2077 1
238 2046 448 2077 Aetnensum
474 2051 508 2076 et
534 2046 737 2077 Leontinum
764 2048 837 2078 cO:
870 2049 953 2079 —ium
983 2054 1018 2080 et
1045 2061 1152 2081 -orum
1177 2057 1202 2091 j>
1229 2052 1293 2082 rell.
1459 2056 1481 2085 6

153 2090 279 2120 nullum
298 2091 330 2119 in
347 2091 412 2121 Sic.
430 2096 452 2129 p
470 2089 535 2120 rell.
555 2101 562 2120 z
586 2090 619 2120 in
635 2090 703 2122 Sic.
722 2091 849 2121 nullum
870 2092 899 2122 O
1038 2104 1071 2124 11
1101 2095 1171 2124 eius
1190 2106 1254 2125 om.
1276 2096 1306 2125 O
1444 2108 1479 2136 13

153 2134 366 2172 magistratus
388 2134 417 2163 O
436 2145 442 2163 :
467 2145 534 2164 -um
548 2140 573 2175 j>
590 2133 654 2165 rell.
795 2145 832 2174 13
857 2136 967 2166 medio
985 2137 1056 2166 foro
1074 2138 1134 2167 sibi
1155 2139 1185 2168 O
1342 2150 1378 2178 15
1406 2141 1479 2172 eius

155 2178 207 2207 On-
225 2189 231 2207 :
255 2178 303 2207 eis
320 2177 460 2207 Alffueller
475 2188 541 2207 non
557 2178 668 2207 mtllos
683 2178 770 2208 codd.
790 2183 917 2209 secutus
1090 2183 1128 2211 16
1154 2182 1290 2212 retineri
1310 2183 1356 2213 cO
1374 2195 1380 2214 :
1407 2196 1478 2215 .e1-0

148 2225 173 2260 p
190 2221 253 2251 rell.
374 2231 412 2251 21
442 2221 521 2251 nihil
541 2221 581 2250 dc
600 2232 669 2260 per.
688 2222 728 2251 ab
746 2222 808 2252 isto
826 2222 959 2254 licentia
975 2223 1040 2254 nk:
1064 2236 1128 2255 om.
1150 2226 1214 2257 J-cll.
1341 2237 1381 2266 23
1407 2229 1477 2267 agri

153 2289 160 2296 .
185 2290 192 2296 .
213 2289 220 2296 .
242 2265 318 2295 anni
340 2269 366 2304 p
388 2264 454 2296 rell.
473 2276 479 2295 ε
515 2265 617 2296 anni.
639 2289 645 2295 .
668 2289 674 2295 .
696 2265 766 2304 agri
793 2265 823 2296 O
965 2276 1008 2307 25
1032 2268 1117 2300 ratio
1144 2269 1173 2300 O
1192 2282 1198 2301 :
1234 2270 1340 2302 oratio
1360 2276 1385 2312 p
1413 2273 1470 2302 rell

153 2311 195 2339 26
219 2309 482 2347 deportaverunt
502 2309 531 2339 O
549 2320 555 2339 :
581 2312 691 2340 -arunt
705 2314 728 2350 p
746 2308 811 2341 rell.
