1715 2734
77 815 115 836 10

74 1461 114 1483 20

74 1785 111 1817 25

17 2115 113 2146 ,30

141 110 406 150 ACTIONIS
429 111 488 149 IN
510 111 555 149 C.
577 111 818 148 VERREM
840 109 1137 148 SECVNDAE
1160 109 1263 145 LIB.
1288 109 1346 145 IV
1406 116 1459 143 20
1478 120 1520 152 43

137 219 168 258 si
185 221 363 258 emeras?
420 219 528 268 Quid
548 227 627 258 erat
649 221 757 270 quod
779 219 1036 258 confirmabat
1058 231 1098 256 se
1118 218 1188 256 abs
1203 225 1240 255 te
1256 223 1460 266 argentum

137 298 222 323 esse
252 284 517 335 repetiturum,
540 284 571 322 si
602 284 641 322 id
672 284 742 323 tibi
763 298 833 322 sua
859 285 1060 322 voluntate
1081 282 1341 321 vendiderat?
1397 283 1461 319 Tu

137 363 252 399 porro
268 362 402 400 posses
417 351 543 388 facere
560 357 601 388 ut
623 350 695 389 Cn.
713 348 868 389 Calidio
890 362 970 386 non
990 349 1173 386 redderes
1190 349 1205 385 ?
1234 346 1460 397 praesertim

136 426 226 451 cum
243 413 273 451 is
294 414 335 450 L.
353 413 532 461 Sisenna,
545 415 751 452 defensore
767 422 846 460 tuo,
866 420 945 451 tam
968 411 1204 450 familiariter
1220 419 1401 458 uteretur,
1422 418 1461 449 et

135 490 225 515 cum
243 478 379 515 ceteris
394 477 647 515 familiaribus
665 478 853 516 Sisennae
874 476 1121 515 reddidisses.
1175 476 1359 525 Denique
1381 489 1460 514 non
1479 490 1519 522 44

135 541 275 591 opinor
303 549 533 591 negaturum
559 556 643 580 esse
671 550 707 580 te
735 542 886 581 homini
916 543 1094 587 honesto,
1118 542 1187 579 sed
1216 554 1295 578 non
1325 540 1462 589 gratio-

136 605 226 644 siori
241 619 359 655 quam
374 607 446 645 Cn.
464 607 640 645 Calidius
658 615 725 653 est,
744 609 785 644 L.
803 606 977 652 Curidio,
996 614 1034 644 te
1050 613 1252 656 argentum
1269 618 1336 655 per
1350 607 1461 643 Pota-

135 683 305 718 monem,
328 670 499 708 amicum
522 678 644 717 tuum,
668 670 896 709 reddidisse.
957 670 1036 719 Qui
1057 670 1218 720 quidem
1243 677 1460 708 ceterorum

134 749 292 774 causam
323 737 429 785 apud
450 744 488 774 te
509 736 766 774 difficiliorem
798 736 898 774 fecit.
959 737 1062 773 Nam
1085 749 1174 773 cum
1197 742 1234 773 te
1255 734 1460 785 compluri-

132 800 206 838 bus
245 802 516 839 confirmasses
565 801 820 848 redditurum,
861 807 1118 850 posteaquam
1159 799 1342 839 Curidius
1391 813 1462 849 pro

132 864 357 903 testimonio
389 865 484 903 dixit
516 873 553 903 te
585 865 658 903 sibi
694 865 921 911 reddidisse,
952 866 1070 903 finem
1101 864 1293 903 reddendi
1323 857 1458 911 fecisti,

132 930 241 978 quod
270 929 491 967 intellexisti
512 931 657 979 praeda
677 937 715 968 te
736 931 786 968 de
808 929 989 967 manibus
1020 929 1161 967 emissa
1191 929 1460 967 testimonium

132 1001 264 1032 tamen
296 995 463 1043 effugere
495 1007 575 1032 non
610 1007 735 1044 posse.
808 995 881 1034 Cn.
906 994 1071 1040 Calidio,
1105 994 1225 1043 equiti
1261 996 1458 1041 Romano,

132 1072 200 1108 per
238 1059 366 1097 omnis
405 1059 501 1097 alios
541 1067 737 1109 praetores
777 1059 884 1097 licuit
924 1060 1068 1097 habere
1115 1066 1318 1109 argentum
1358 1059 1460 1097 bene

96 1124 290 1170 :factum,
325 1123 433 1161 licuit
472 1137 588 1174 posse
626 1123 853 1162 domesticis
891 1123 1026 1174 copiis,
1062 1137 1153 1161 cum
1192 1123 1459 1173 magistratum

131 1195 197 1225 aut
217 1188 388 1238 aliquem
410 1188 649 1238 superiorem
670 1188 881 1235 invitasset,
904 1201 1041 1226 ornare
1061 1196 1099 1226 et
1118 1201 1304 1238 apparare
1328 1188 1459 1226 convi-

131 1251 249 1290 vium.
309 1253 427 1291 Multi
449 1253 557 1291 domi
581 1254 653 1292 Cn.
678 1253 806 1293 Calidi
827 1267 917 1291 cum
944 1260 1137 1303 potestate
1157 1261 1276 1303 atque
1296 1252 1461 1302 imperio

131 1318 310 1355 fuerunt:
340 1331 457 1356 nemo
488 1318 669 1356 inventus
691 1326 749 1357 est
770 1326 849 1356 tam
869 1332 1006 1356 amens
1033 1318 1100 1367 qui
1131 1317 1227 1356 illud
1255 1326 1459 1367 argentum

131 1389 210 1420 tam
231 1384 471 1432 praeclarum
493 1396 538 1421 ac
559 1390 638 1421 tam
660 1383 793 1421 nobile
813 1382 987 1433 eriperet,
1006 1396 1124 1421 nemo
1145 1390 1225 1420 tam
1245 1384 1372 1421 audax
1393 1383 1461 1432 qui

131 1454 320 1496 posceret,
350 1460 467 1485 nemo
497 1455 576 1485 tam
608 1449 817 1497 impudens
847 1447 914 1497 qui
945 1449 1157 1497 postularet
1188 1455 1229 1485 ut
1260 1449 1457 1486 venderet.

131 1512 352 1561 Superbum
380 1519 437 1549 est
464 1512 581 1559 enim,
605 1512 765 1560 iudices,
788 1520 825 1550 et
854 1526 935 1550 non
966 1513 1171 1550 ferendum
1195 1512 1326 1550 dicere
1356 1526 1460 1562 prae—
1478 1531 1518 1561 45

131 1583 254 1614 torem
294 1576 333 1613 in
372 1576 572 1626 provincia
609 1577 761 1615 homini
796 1578 975 1624 honesto,
1007 1576 1204 1627 locupleti,
1238 1577 1459 1627 splendido,

133 1642 296 1680 ‘Vende
335 1641 431 1679 mihi
465 1655 556 1680 vasa
595 1644 788 1690 caelata'3
829 1644 905 1680 hoc
936 1649 994 1680 est
1025 1642 1131 1680 enim
1163 1642 1304 1690 dicere,
1344 1644 1459 1681 ‘Non

130 1719 171 1744 es
203 1706 344 1756 dignus
376 1714 417 1744 tu
448 1706 515 1756 qui
547 1707 692 1746 habeas
725 1721 825 1757 quae
856 1715 935 1745 tam
960 1707 1062 1745 bene
1093 1708 1195 1745 facta
1225 1715 1328 1755 sunt,
1349 1721 1460 1746 meae

131 1771 329 1821 dignitatis
359 1771 432 1810 ista
461 1774 575 1810 sunt.⁷
632 1774 694 1810 Tu
725 1772 891 1823 dignior,
915 1774 1066 1820 Verres,
1099 1786 1218 1822 quam
1254 1772 1461 1812 Calidius?

131 1836 208 1886 qui,
243 1844 285 1874 ut
319 1850 399 1874 non
436 1839 633 1875 conferam
666 1837 784 1876 vitam
824 1851 954 1888 neque
986 1837 1313 1876 existimationem
1352 1846 1460 1876 tuam

130 1914 221 1940 cum
253 1902 539 1952 illius—neque
571 1902 675 1941 enim
707 1910 764 1940 est
803 1904 1066 1949 conferenda,
1105 1903 1181 1940 hoc
1207 1902 1335 1952 ipsum
1370 1915 1460 1941 con-

132 1967 251 2004 feram
280 1980 358 2016 quo
386 1975 427 2005 tu
455 1974 492 2005 te
521 1967 759 2017 superiorem
789 1967 900 2017 fingis
916 1983 925 2015 3
956 1969 1064 2017 quod
1093 1969 1163 2006 Hs
1191 1967 1266 2005 {ff
1287 1967 1459 2006 divisori-

133 2032 205 2070 bus
235 2040 276 2070 ut
306 2040 460 2082 praetor
484 2033 748 2071 renuntiarere
778 2033 931 2080 dedisti,
962 2040 1135 2071 trecenta
1164 2034 1379 2071 accusatori
1409 2047 1459 2071 ne

131 2097 201 2135 tibi
233 2097 393 2136 odiosus
423 2106 533 2145 esset,
557 2112 603 2136 ea
634 2112 673 2136 re
704 2098 925 2136 contemnis
956 2106 1177 2148 equestrem
1212 2097 1391 2136 ordinem
1420 2106 1458 2136 et

130 2162 327 2212 despicis?
383 2176 428 2200 ea
457 2176 497 2200 re
526 2161 596 2200 tibi
626 2162 831 2212 indignum
861 2162 985 2201 visum
1016 2170 1074 2201 est
1103 2162 1326 2213 quicquam,
1349 2164 1458 2213 quod

131 2226 201 2264 tibi
222 2228 400 2276 placeret,
426 2227 623 2266 Calidium
645 2227 774 2276 potius
796 2227 940 2266 habere
960 2241 1078 2277 quam
1101 2229 1167 2266 te?

178 2339 191 2358 1
218 2330 245 2359 si
263 2339 392 2359 emeras
407 2332 416 2360 2
434 2329 524 2368 Quid
540 2330 675 2369 Kayser,
696 2329 871 2361 Zielinski:
898 2330 933 2361 Si
951 2340 1091 2371 emeras,
1112 2330 1190 2370 quid
1207 2331 1276 2363 edd.
1436 2344 1455 2363 2

132 2372 164 2402 id
181 2383 248 2402 om.
265 2374 305 2402 πδ
440 2383 476 2402 12
501 2374 621 2405 emissa
637 2373 731 2403 SDW
746 2386 751 2404 :
776 2374 896 2404 amissa
914 2373 985 2413 Rp&
1002 2374 1070 2404 edd.
1204 2377 1245 2406 28
1268 2378 1329 2406 eff
1344 2376 1431 2417 vulg.
1449 2390 1454 2408 :

132 2425 189 2445 666
206 2414 288 2447 RS:
315 2426 405 2446 Lxxx
423 2416 512 2446 milia
521 2419 564 2456 ρδ
580 2430 584 2448 ;
610 2426 692 2446 Dccc
709 2416 801 2447 Nolzl
