1715 2734
100 50 151 89 53

94 1857 152 1887 135

174 55 233 87 133
541 41 596 77 M.
628 40 796 77 TVLLI
828 39 1136 79 CICERONIS

171 149 415 189 concurritur
443 149 620 200 undique
649 150 700 188 ad
731 148 848 187 istum
874 150 1083 199 Syracusas
1098 164 1108 197 3
1145 149 1333 199 flagrabat
1361 150 1505 188 domus

172 222 255 253 tota
284 214 477 264 praetoria
506 214 639 253 studio
669 213 878 251 hominum
911 221 949 251 et
983 213 1224 263 cupiditate3
1258 227 1332 252 nec
1362 213 1504 252 mirum

173 279 358 318 omnibus
385 279 555 318 comitiis
582 286 640 317 tot
664 277 867 317 civitatum
894 291 1014 316 unam
1039 278 1079 316 in
1106 279 1271 317 domum
1300 280 1502 325 revocatis,

173 353 361 395 tantaque
406 344 625 382 ambitione
672 342 897 393 provinciae
945 342 1065 381 totius
1108 343 1148 381 in
1196 357 1277 381 uno
1320 343 1505 381 cubiculo

173 410 333 448 inclusa.
395 408 608 459 Exquisitis
647 409 776 458 palam
815 407 948 458 pretiis
992 416 1030 446 et
1064 408 1346 446 licitationibus
1381 408 1506 456 factis,

172 475 412 514 discribebat
432 487 614 513 censores
637 473 750 511 binos
772 472 811 510 in
832 472 1003 523 singulas
1024 473 1200 512 civitates
1220 473 1504 512 Timarchides.

174 542 213 579 Is
248 553 320 578 suo
354 540 488 578 labore
527 538 688 588 suisque
726 537 1022 577 accessionibus
1061 538 1177 577 huius
1216 539 1349 589 negoti
1387 547 1507 589 atque

172 605 300 655 operis
326 604 504 643 molestia
534 603 851 654 consequebatur
877 610 919 641 ut
939 605 990 642 ad
1017 603 1134 641 istum
1160 603 1244 642 sine
1264 606 1343 642 ulla
1368 603 1508 642 sollici-

174 669 311 708 tudine
335 683 490 708 summa
521 668 713 719 pecuniae
742 669 957 707 referretur.
1019 670 1105 707 Iam
1139 668 1203 707 hic
1233 668 1507 707 Timarchides

173 741 362 784 quantam
401 733 611 784 pecuniam
651 733 785 772 fecerit
824 735 940 783 plane
978 735 1110 772 adhuc
1148 747 1388 784 cognoscere
1426 747 1506 772 non

173 799 355 850 potuistis
371 814 381 847 ;
413 812 548 837 verum
578 806 711 837 tamen
741 798 869 848 priore
902 798 1060 837 actione
1089 812 1209 848 quam
1240 799 1354 846 varie,
1386 812 1507 849 quam

174 864 354 914 improbe
374 865 584 914 praedatus
605 871 718 910 esset,
743 864 957 901 multorum
979 863 1215 902 testimoniis
1236 863 1487 914 cognovistis,

94 906 155 999 [ἶῖ
228 931 306 968 Sed
346 942 396 968 ne
434 928 630 967 miremini
665 942 744 978 qua
781 928 932 967 ratione
967 928 1031 967 hic
1062 936 1216 967 tantum
1247 929 1355 979 apud
1388 928 1508 967 istum

173 994 335 1033 libertus
376 993 557 1044 potuerit,
600 1007 795 1044 exponam
837 993 950 1032 vobis
992 994 1160 1032 breviter
1197 994 1294 1044 quid
1334 993 1507 1032 hominis

173 1059 236 1107 sit,
270 1067 312 1097 ut
346 1067 384 1097 et
419 1058 529 1097 istius
563 1057 781 1108 nequitiam
821 1058 889 1108 qui
920 1058 1030 1096 illum
1065 1072 1201 1097 secum
1235 1058 1428 1106 habuerit,
1459 1073 1508 1099 eo

173 1125 401 1174 praesertim
449 1137 615 1163 numero
657 1137 704 1162 ac
747 1125 847 1171 loco,
893 1131 931 1162 et
975 1124 1239 1163 calamitatem
1282 1124 1508 1175 provinciae

173 1190 431 1240 cognoscatis.
493 1191 540 1228 In
563 1189 771 1228 mulierum
792 1189 1023 1239 corruptelis
1044 1197 1082 1228 et
1102 1189 1143 1227 in
1164 1189 1274 1228 omni
1294 1189 1377 1228 eius
1399 1189 1508 1228 modi

174 1255 324 1294 luxuria
358 1263 477 1304 atque
509 1253 685 1304 nequitia
719 1253 945 1292 mirandum
980 1254 1020 1291 in
1060 1255 1225 1292 modum
1263 1254 1507 1305 reperiebam

174 1322 280 1359 hunc
305 1319 613 1358 Timarchidem
646 1320 697 1357 ad
730 1319 840 1357 istius
876 1318 1087 1369 flagitiosas
1122 1319 1307 1358 libidines
1341 1319 1507 1370 singula-

173 1398 336 1436 remque
361 1384 578 1435 nequitiam
605 1392 742 1422 natum
765 1392 885 1434 atque
918 1392 1055 1434 aptum
1083 1384 1202 1423 fuisse
1216 1395 1237 1433 3⁴
1260 1384 1503 1435 investigare,

172 1451 294 1498 adire,
325 1451 535 1500 appellare,
565 1462 826 1499 corrumpere,
859 1449 1015 1499 quidvis
1051 1451 1178 1489 facere
1213 1450 1252 1488 in
1283 1450 1368 1489 eius
1395 1449 1506 1488 modi

173 1517 290 1555 rebus
322 1515 502 1566 quamvis
536 1515 688 1563 callide,
723 1515 902 1565 quamvis
937 1517 1134 1563 audacter,
1172 1515 1352 1565 quamvis
1382 1515 1507 1566 impu-

174 1583 338 1629 denter;
367 1582 540 1620 eundem
572 1580 669 1618 mira
690 1582 886 1630 quaedam
915 1581 1135 1631 excogitare
1154 1595 1298 1631 genera
1327 1581 1481 1620 furandi
1498 1596 1508 1629 ς

173 1660 265 1685 nam
300 1647 430 1696 ipsum
460 1648 622 1684 Verrem
656 1653 809 1684 tantum
839 1645 1000 1684 avaritia
1034 1659 1189 1696 semper
1220 1646 1355 1685 hiante
1386 1655 1506 1697 atque

172 1712 404 1750 imminente
432 1711 560 1758 fuisse,
584 1710 742 1761 ingenio
769 1719 807 1750 et
834 1711 1072 1761 cogitatione
1103 1713 1220 1758 nulla,
1247 1720 1288 1750 ut
1315 1711 1506 1762 quicquid
1550 1730 1564 1759 ,-

173 1791 242 1816 sua
263 1785 403 1827 sponte
428 1776 607 1823 faciebat,
630 1776 724 1815 item
747 1784 789 1814 ut
809 1790 879 1815 vos
901 1778 1057 1815 Romae
1084 1777 1334 1827 cognovistis,
1357 1778 1506 1827 eripere

173 1842 303 1893 potius
325 1855 443 1892 quam
469 1843 600 1880 fallere
622 1842 827 1880 videretur.
890 1843 1005 1881 Haec
1025 1856 1118 1881 vero
1145 1841 1260 1880 huius
1277 1849 1360 1880 erat
1385 1855 1446 1880 ars
1467 1851 1506 1880 et

174 1907 320 1946 malitia
355 1906 544 1954 miranda,
582 1908 690 1956 quod
726 1907 1019 1946 accuratissime
1058 1915 1140 1945 tota
1174 1907 1375 1957 provincia
1409 1907 1505 1957 quid

173 1973 316 2023 cuique
355 1972 575 2018 accidisset,
618 1971 714 2022 quid
760 1972 903 2022 cuique
937 1986 1037 2023 opus
1081 1980 1194 2020 esset,
1236 1972 1421 2022 indagare
1468 1981 1506 2011 et

220 2090 231 2108 1
261 2082 328 2108 tota
343 2078 462 2108 domus
482 2077 512 2107 O
675 2078 697 2106 6
722 2076 937 2108 describebat
954 2076 1041 2108 codd.
1224 2078 1245 2107 8
1270 2077 1424 2108 molestia
1435 2076 1482 2107 cO
1500 2089 1506 2107 :

174 2122 359 2152 molestiam
378 2127 401 2161 p
420 2121 484 2152 rell.
653 2130 674 2158 9
699 2121 865 2159 pecuniae
881 2119 929 2150 cO
945 2132 951 2150 :
976 2121 1118 2160 pecunia
1132 2126 1156 2160 p
1172 2121 1239 2152 rell.
1409 2130 1443 2150 11
1472 2121 1504 2150 in

174 2166 286 2204 priore
305 2165 335 2195 O
495 2173 532 2193 12
558 2163 762 2194 testimoniis
781 2163 838 2193 cO¹
858 2175 864 2194 :
890 2174 932 2195 ex
953 2169 1029 2195 test.
1044 2170 1068 2203 j>
1087 2164 1152 2195 rcll.
1303 2164 1344 2194 28
1368 2174 1504 2195 accura-

174 2208 301 2239 tissime
318 2208 386 2238 cO:
411 2207 606 2238 acutissime
620 2206 664 2246 pb
682 2207 768 2247 vulg.
871 2208 952 2246 quid
970 2208 1091 2247 cuique
1109 2208 1290 2238 accidisset
1306 2208 1375 2238 cO:
1400 2218 1466 2238 om.
1479 2213 1504 2248 p

173 2251 241 2282 rell.
335 2262 377 2290 29
401 2255 492 2282 esset
509 2259 652 2280 necesse
672 2250 833 2289 indagare
847 2251 891 2291 pb
908 2251 951 2283 al.

1531 751 1568 773 10

1529 1075 1566 1108 ¹5

1527 1401 1568 1423 20
