1715 2734
142 79 410 118 ACTIONIS
442 80 503 117 IN
532 79 576 117 C.
600 78 841 115 VERREM
871 77 1169 116 SECVNDAE
1201 77 1304 113 LIB.
1330 76 1371 113 II
1415 84 1466 121 24
1488 83 1526 122 58

142 197 279 241 postea
316 203 396 228 non
436 188 654 240 potuisset3
697 188 889 234 inimicus,
930 186 1053 226 hostis
1092 193 1194 224 esset
1233 193 1341 223 tanta
1378 199 1468 224 con-

142 254 303 293 tumelia
322 261 494 304 accepta,
516 253 591 291 nisi
621 261 751 291 tecum
782 261 864 291 turn
892 251 1124 291 conlusisset
1150 258 1187 289 et
1219 258 1308 288 tuae
1338 250 1468 300 potius

142 319 417 357 existimationi
446 317 624 357 servisset
654 332 772 368 quam
800 331 903 356 suae.
963 316 1043 365 Qui
1072 329 1190 365 quam
1220 315 1290 353 tibi
1319 315 1469 353 amicus

142 397 223 422 non
253 385 375 422 modo
409 391 492 421 tum
524 383 637 421 fuerit
669 397 787 432 quam
819 384 886 421 diu
922 390 1052 420 tecum
1086 381 1125 419 in
1155 379 1355 431 provincia
1385 379 1467 426 suit,

104 464 121 495 5
141 462 275 486 verum
297 448 414 486 etiam
436 461 542 486 nunc
571 447 619 485 sit
646 461 735 486 cum
764 447 839 485 iam
864 461 886 485 a
913 448 1050 485 ceteris
1075 445 1210 484 amicis
1233 445 1387 483 relictus
1415 457 1466 491 es,

141 521 179 552 et
200 521 241 550 tu
262 512 453 562 intellegis
474 520 512 551 et
533 526 604 550 nos
625 512 843 550 existimare
865 524 1084 562 possumus.
1145 512 1211 548 An
1237 511 1313 549 hoc
1341 511 1469 547 solum

141 585 415 627 argumentum
449 585 507 616 est
541 577 637 614 nibil
669 577 743 615 isto
776 578 1023 626 imprudente
1053 577 1210 622 sactum,
1240 576 1348 624 quod
1378 576 1470 612 Vol-

141 642 264 681 catius
296 642 331 680 ei
363 655 444 680 non
477 642 728 680 succensuit?
771 643 879 691 quod
910 641 981 679 iste
1010 654 1140 690 neque
1174 640 1213 678 in
1243 639 1468 678 Volcatium

140 721 270 756 neque
302 707 341 745 in
375 706 539 745 Bidinos
572 707 876 745 animadvertit?
934 708 1003 744 Est
1042 719 1228 756 magnum
1267 719 1469 756 argumen—
1489 723 1529 755 59

84 788 122 809 10
141 780 235 818 tum,
259 785 393 811 verum
415 772 511 811 illud
532 772 757 819 maximum,
781 773 888 821 quod
916 771 990 810 illis
1019 772 1110 821 ipsis
1139 770 1302 817 Bidinis,
1325 771 1468 820 quibus

140 837 212 875 iste
234 838 351 875 iratus
376 850 461 875 esse
487 836 635 883 debuit,
658 851 681 874 a
708 836 851 886 quibus
882 836 1084 886 comperit,
1107 837 1216 886 quod
1246 835 1327 874 iure
1355 849 1469 885 agere

140 915 231 940 cum
262 901 443 951 Epicrate
473 901 568 939 nihil
599 909 770 951 possent,
801 901 953 940 etiamsi
983 902 1148 948 adesset,
1176 900 1322 939 idcirco
1353 914 1467 939 suum

139 967 342 1005 decretum
371 965 539 1016 pecunia
568 979 652 1004 esse
683 973 941 1016 temptatum:
986 965 1040 1012 iis,
1064 965 1237 1015 inquam,
1265 965 1357 1015 ipsis
1387 979 1468 1003 non

139 1032 261 1069 modo
292 1031 395 1068 illam
426 1030 683 1069 hereditatem
714 1044 815 1081 quae
846 1030 1019 1080 Epicrati
1052 1038 1220 1076 venerat,
1247 1031 1327 1077 sed,
1357 1037 1399 1068 ut
1429 1030 1468 1067 in

84 1110 119 1142 15
141 1096 328 1134 Heraclio
360 1098 614 1145 Syracusano,
644 1095 737 1134 item
770 1095 809 1133 in
842 1096 1106 1146 hoq-paulo
1137 1097 1254 1133 etiam
1287 1094 1465 1142 atrocius,

139 1163 248 1211 quod
278 1161 480 1211 Epicrates
509 1163 727 1211 appellatus
757 1161 921 1200 omnino
950 1175 1031 1200 non
1062 1161 1319 1209 erat,—-bona
1346 1161 1469 1211 patria

139 1227 393 1276 fortunasque
435 1227 517 1264 eius
558 1225 710 1264 Bidinis
749 1226 920 1264 tradidit.
997 1226 1182 1265 Ostendit
1220 1226 1324 1264 enim
1364 1240 1468 1264 novo

138 1292 272 1337 modo,
295 1290 325 1328 si
347 1290 433 1340 quis
454 1289 550 1340 quid
576 1291 627 1329 de
647 1291 810 1329 absente
841 1297 1000 1340 peteret,
1024 1304 1065 1328 se
1094 1290 1331 1329 auditurum.
1390 1292 1469 1329 Ad-

138 1363 232 1393 eunt
271 1355 415 1402 Bidini,
449 1362 588 1405 petunt
627 1355 884 1394 hereditatem
903 1370 913 1403 ,·
960 1364 1230 1406 procuratores
1269 1358 1468 1406 postulant

81 1438 119 1459 20
138 1428 179 1459 ut
202 1434 242 1459 se
262 1421 313 1458 ad
333 1422 436 1470 leges
457 1433 546 1458 suas
567 1420 699 1459 reiciat
728 1428 794 1458 aut
822 1434 869 1458 ex
895 1422 979 1471 lege
1008 1421 1167 1470 Rupilia
1193 1422 1322 1460 dicam
1352 1421 1467 1460 scribi

137 1486 279 1524 iubeat.
349 1486 571 1523 Adversarii
610 1499 691 1524 non
731 1486 933 1524 audebant
967 1493 1104 1524 contra
1141 1486 1295 1525 dicere:
1342 1486 1467 1525 exitus

137 1552 266 1588 nullus
287 1549 560 1600 reperiebatur.
621 1550 858 1588 Insimulant
887 1550 1088 1589 hominem
1117 1551 1322 1590 fraudandi
1349 1565 1467 1590 causa

137 1615 363 1655 discessisse
377 1630 388 1663 3
416 1617 615 1665 postulant
646 1623 687 1653 ut
719 1616 823 1654 bona
851 1615 1053 1665 possidere
1079 1616 1222 1655 iubeat.
1282 1617 1465 1655 Debebat
1484 1627 1528 1660 60

138 1681 341 1732 Epicrates
376 1695 583 1719 nummum
614 1682 765 1719 nullum
800 1680 976 1728 nemini3
1016 1681 1142 1729 amici,
1180 1682 1211 1720 si
1245 1684 1332 1732 quis
1370 1683 1466 1732 quid

79 1761 116 1792 25
138 1755 296 1796 peteret,
329 1746 474 1784 iudicio
506 1760 547 1784 se
582 1759 774 1796 passuros,
804 1746 1021 1785 iudicatum
1053 1747 1150 1785 solvi
1182 1748 1274 1786 satis
1305 1749 1464 1786 daturos

136 1825 221 1850 esse
256 1811 451 1849 dicebant.
520 1812 623 1850 Cum
662 1811 795 1849 omnia
828 1813 993 1851 consilia
1031 1813 1224 1863 frigerent,
1257 1813 1463 1852 admonitu
1483 1825 1533 1864 25

136 1876 245 1915 istius
266 1875 490 1915 insimulare
514 1883 728 1926 coeperunt
760 1878 984 1927 Epicratem
1008 1877 1155 1917 litteras
1184 1869 1360 1928 publicas
1385 1893 1464 1917 cor-

136 1941 295 1991 rupisse,
317 1954 340 1978 a
373 1954 452 1990 qua
480 1940 704 1990 suspicione
734 1941 798 1980 ille
826 1942 960 1982 aberat
990 1943 1229 1994 plurimum:
1267 1943 1463 1982 actionem

179 2055 198 2074 2
222 2049 331 2075 tecum
348 2049 416 2075 tum
438 2043 510 2084 Opq
527 2055 533 2074 :
559 2048 670 2074 tecum
689 2044 776 2084 vulg.
927 2058 945 2085 4
969 2053 1039 2078 tum
1057 2048 1145 2079 codd.
1163 2060 1169 2079 ε
1194 2053 1258 2078 tam
1280 2049 1333 2079 diu
1352 2048 1465 2080 Mucll.

134 2088 155 2117 6
178 2088 230 2118 Ad
250 2088 280 2119 Ο
294 2099 300 2117 :
315 2088 461 2127 fortasse
476 2088 542 2119 At?
633 2089 652 2117 8
677 2098 788 2127 neque
806 2113 813 2119 .
834 2113 841 2119 .
863 2112 870 2119 .
890 2100 1000 2129 neque
1020 2091 1091 2130 Oq:
1117 2103 1178 2122 nec
1199 2116 1205 2122 .
1224 2116 1231 2122 .
1253 2117 1259 2124 .
1278 2103 1388 2131 neque
1400 2098 1465 2132 pr:

134 2142 197 2161 nec
214 2155 222 2161 .
241 2155 248 2161 .
270 2155 277 2162 .
295 2142 356 2161 nec
374 2132 391 2161 b
408 2130 476 2161 edd.
586 2141 607 2169 9
630 2132 777 2162 animum
796 2132 976 2173 advertitp
1083 2145 1118 2164 11
1146 2136 1209 2165 iste
1227 2134 1339 2166 Muell.
1361 2147 1367 2165 ε
1392 2136 1465 2175 ipse

133 2173 202 2204 cO:
227 2185 290 2204 om.
316 2174 423 2205 Vrell.
561 2183 599 2213 13
624 2174 651 2203 is
672 2174 721 2204 V:
743 2176 796 2205 his
812 2176 901 2215 vulg.
1042 2177 1079 2207 18
1105 2178 1146 2208 de
1167 2178 1216 2208 V:
1240 2190 1306 2209 ont.
1322 2179 1365 2219 pb
1377 2180 1439 2209 rell.
1458 2191 1465 2209 :

134 2217 174 2246 ab
190 2218 278 2257 vulg.
382 2228 419 2247 se
437 2228 502 2247 om.
526 2217 557 2245 V
728 2229 770 2248 20
794 2220 901 2249 dicam
923 2220 987 2260 Vp
1004 2221 1046 2250 al.
1067 2232 1073 2250 ε
1099 2221 1189 2251 litem
1211 2222 1251 2251 01
1271 2234 1277 2251 τ
1302 2223 1410 2260 legem
1429 2223 1465 2252 ὀδ

135 2270 174 2298 23
199 2261 311 2334 ἰυῙΞΕΗΙῐ
330 2261 415 2291 VcO¹
432 2272 437 2290 :
462 2261 561 2290 liceat
575 2265 599 2300 p
618 2260 682 2291 rell.
848 2273 889 2301 24
915 2264 1043 2294 nullum
1062 2274 1128 2295 om.
1153 2264 1201 2295 V:
1228 2265 1353 2296 nullum
1371 2276 1463 2296 num-

135 2313 222 2333 mum
273 2315 292 2334 a
309 2327 315 2334 .
