<?xml version="1.0" encoding="UTF-8"?>
<!DOCTYPE html PUBLIC "-//W3C//DTD XHTML 1.0 Transitional//EN"
    "http://www.w3.org/TR/xhtml1/DTD/xhtml1-transitional.dtd">
<html xmlns="http://www.w3.org/1999/xhtml" xml:lang="en" lang="en">
 <head>
  <title>
</title>
<meta http-equiv="Content-Type" content="text/html;charset=utf-8" />
  <meta name='ocr-system' content='tesseract 3.04.00' />
  <meta name='ocr-capabilities' content='ocr_page ocr_carea ocr_par ocr_line ocrx_word'/>
</head>
<body>
  <div class='ocr_page' id='page_1' title='image "./orationesrecogno03ciceuoft/orationesrecogno03ciceuoft_0318.png"; bbox 0 0 1715 2734; ppageno 0'>
   <div class='ocr_carea' id='block_1_1' title="bbox 174 83 1206 130">
    <p class='ocr_par' dir='ltr' id='par_1_1' title="bbox 174 83 1206 130">
     <span class='ocr_line' id='line_1_1' title="bbox 174 83 1206 130; baseline 0.006 -11"><span class='ocrx_word' id='word_1_1' title='bbox 174 83 226 120; x_wconf 83' lang='lat'>82</span> <span class='ocrx_word' id='word_1_2' title='bbox 248 90 309 130; x_wconf 89' lang='lat'>189</span> <span class='ocrx_word' id='word_1_3' title='bbox 610 87 665 123; x_wconf 92' lang='lat' dir='ltr'>M.</span> <span class='ocrx_word' id='word_1_4' title='bbox 697 87 865 124; x_wconf 90' lang='lat' dir='ltr'>TVLLI</span> <span class='ocrx_word' id='word_1_5' title='bbox 898 87 1206 126; x_wconf 87' lang='lat' dir='ltr'>CICERONIS</span> 
     </span>
    </p>
   </div>
   <div class='ocr_carea' id='block_1_2' title="bbox 160 990 222 1022">
    <p class='ocr_par' dir='ltr' id='par_1_2' title="bbox 160 990 222 1022">
     <span class='ocr_line' id='line_1_2' title="bbox 160 990 222 1022; baseline 0 -10"><span class='ocrx_word' id='word_1_6' title='bbox 160 990 222 1022; x_wconf 92' lang='lat'>190</span> 
     </span>
    </p>
   </div>
   <div class='ocr_carea' id='block_1_3' title="bbox 160 1795 220 1897">
    <p class='ocr_par' dir='ltr' id='par_1_3' title="bbox 160 1795 220 1897">
     <span class='ocr_line' id='line_1_3' title="bbox 169 1795 220 1842; baseline 0 0"><span class='ocrx_word' id='word_1_7' title='bbox 169 1795 220 1842; x_wconf 89' lang='lat'>83</span> 
     </span>
     <span class='ocr_line' id='line_1_4' title="bbox 160 1866 216 1897; baseline 0 -10"><span class='ocrx_word' id='word_1_8' title='bbox 160 1866 216 1897; x_wconf 88' lang='lat'>191</span> 
     </span>
    </p>
   </div>
   <div class='ocr_carea' id='block_1_4' title="bbox 235 195 1634 2133">
    <p class='ocr_par' dir='ltr' id='par_1_4' title="bbox 242 195 1576 311">
     <span class='ocr_line' id='line_1_5' title="bbox 245 195 1576 247; baseline 0.005 -14"><span class='ocrx_word' id='word_1_9' title='bbox 245 195 363 234; x_wconf 87' lang='lat' dir='ltr'>ternis</span> <span class='ocrx_word' id='word_1_10' title='bbox 384 197 553 235; x_wconf 87' lang='lat' dir='ltr'>denariis</span> <span class='ocrx_word' id='word_1_11' title='bbox 574 199 747 247; x_wconf 87' lang='lat' dir='ltr'>pendere</span> <span class='ocrx_word' id='word_1_12' title='bbox 763 199 921 246; x_wconf 79' lang='lat' dir='ltr'>crimen,</span> <span class='ocrx_word' id='word_1_13' title='bbox 938 201 1008 238; x_wconf 88' lang='lat' dir='ltr'>sed</span> <span class='ocrx_word' id='word_1_14' title='bbox 1029 215 1075 238; x_wconf 78' lang='lat' dir='ltr'>ex</span> <span class='ocrx_word' id='word_1_15' title='bbox 1091 200 1373 239; x_wconf 86' lang='lat' dir='ltr'>coniunctione</span> <span class='ocrx_word' id='word_1_16' title='bbox 1393 215 1576 240; x_wconf 87' lang='lat' dir='ltr'>annonae</span> 
     </span>
     <span class='ocr_line' id='line_1_6' title="bbox 242 262 674 311; baseline 0.007 -13"><span class='ocrx_word' id='word_1_17' title='bbox 242 268 362 311; x_wconf 87' lang='lat' dir='ltr'>atque</span> <span class='ocrx_word' id='word_1_18' title='bbox 382 262 674 301; x_wconf 82' lang='lat' dir='ltr'>aestimationis.</span> 
     </span>
    </p>

    <p class='ocr_par' dir='ltr' id='par_1_5' title="bbox 238 327 1634 1807">
     <span class='ocr_line' id='line_1_7' title="bbox 298 327 1576 380; baseline 0.004 -15"><span class='ocrx_word' id='word_1_19' title='bbox 298 327 456 366; x_wconf 79' lang='lat' dir='ltr'>Etenim</span> <span class='ocrx_word' id='word_1_20' title='bbox 487 329 584 367; x_wconf 85' lang='lat' dir='ltr'>haec</span> <span class='ocrx_word' id='word_1_21' title='bbox 613 329 834 369; x_wconf 75' lang='lat' dir='ltr'>aestimatio</span> <span class='ocrx_word' id='word_1_22' title='bbox 864 339 956 369; x_wconf 83' lang='lat' dir='ltr'>nata</span> <span class='ocrx_word' id='word_1_23' title='bbox 985 339 1042 370; x_wconf 88' lang='lat' dir='ltr'>est</span> <span class='ocrx_word' id='word_1_24' title='bbox 1073 331 1196 378; x_wconf 88' lang='lat' dir='ltr'>initio,</span> <span class='ocrx_word' id='word_1_25' title='bbox 1225 331 1387 380; x_wconf 85' lang='lat' dir='ltr'>iudices,</span> <span class='ocrx_word' id='word_1_26' title='bbox 1417 345 1499 370; x_wconf 91' lang='lat' dir='ltr'>non</span> <span class='ocrx_word' id='word_1_27' title='bbox 1529 345 1576 370; x_wconf 84' lang='lat' dir='ltr'>ex</span> 
     </span>
     <span class='ocr_line' id='line_1_8' title="bbox 242 396 1575 442; baseline 0.004 -13"><span class='ocrx_word' id='word_1_28' title='bbox 242 399 465 441; x_wconf 85' lang='lat' dir='ltr'>praetorum</span> <span class='ocrx_word' id='word_1_29' title='bbox 505 401 571 431; x_wconf 88' lang='lat' dir='ltr'>aut</span> <span class='ocrx_word' id='word_1_30' title='bbox 611 397 830 442; x_wconf 84' lang='lat' dir='ltr'>consulum,</span> <span class='ocrx_word' id='word_1_31' title='bbox 872 397 941 434; x_wconf 89' lang='lat' dir='ltr'>sed</span> <span class='ocrx_word' id='word_1_32' title='bbox 980 409 1027 435; x_wconf 90' lang='lat' dir='ltr'>ex</span> <span class='ocrx_word' id='word_1_33' title='bbox 1060 396 1261 435; x_wconf 84' lang='lat' dir='ltr'>civitatum</span> <span class='ocrx_word' id='word_1_34' title='bbox 1301 404 1340 435; x_wconf 92' lang='lat' dir='ltr'>et</span> <span class='ocrx_word' id='word_1_35' title='bbox 1377 405 1575 434; x_wconf 87' lang='lat' dir='ltr'>aratorum</span> 
     </span>
     <span class='ocr_line' id='line_1_9' title="bbox 242 459 1612 511; baseline 0.003 -17"><span class='ocrx_word' id='word_1_36' title='bbox 242 459 467 495; x_wconf 84' lang='lat' dir='ltr'>commodo.</span> <span class='ocrx_word' id='word_1_37' title='bbox 529 459 661 497; x_wconf 79' lang='lat' dir='ltr'>Nemo</span> <span class='ocrx_word' id='word_1_38' title='bbox 686 459 790 497; x_wconf 88' lang='lat' dir='ltr'>enim</span> <span class='ocrx_word' id='word_1_39' title='bbox 814 460 885 498; x_wconf 88' lang='lat' dir='ltr'>fuit</span> <span class='ocrx_word' id='word_1_40' title='bbox 906 460 1017 500; x_wconf 90' lang='lat' dir='ltr'>initio</span> <span class='ocrx_word' id='word_1_41' title='bbox 1038 469 1117 499; x_wconf 87' lang='lat' dir='ltr'>tarn</span> <span class='ocrx_word' id='word_1_42' title='bbox 1140 461 1351 511; x_wconf 86' lang='lat' dir='ltr'>impudens</span> <span class='ocrx_word' id='word_1_43' title='bbox 1381 461 1460 510; x_wconf 84' lang='lat' dir='ltr'>qui,</span> <span class='ocrx_word' id='word_1_44' title='bbox 1483 474 1574 498; x_wconf 88' lang='lat' dir='ltr'>curn</span> <span class='ocrx_word' id='word_1_45' title='bbox 1595 473 1612 504; x_wconf 88' lang='lat'>5</span> 
     </span>
     <span class='ocr_line' id='line_1_10' title="bbox 242 523 1574 576; baseline 0.003 -17"><span class='ocrx_word' id='word_1_46' title='bbox 242 523 481 560; x_wconf 89' lang='lat' dir='ltr'>frumentum</span> <span class='ocrx_word' id='word_1_47' title='bbox 513 523 732 571; x_wconf 81' lang='lat' dir='ltr'>deberetur,</span> <span class='ocrx_word' id='word_1_48' title='bbox 767 525 977 574; x_wconf 87' lang='lat' dir='ltr'>pecuniam</span> <span class='ocrx_word' id='word_1_49' title='bbox 1012 534 1200 576; x_wconf 82' lang='lat' dir='ltr'>posceret.</span> <span class='ocrx_word' id='word_1_50' title='bbox 1262 527 1379 565; x_wconf 83' lang='lat' dir='ltr'>Certe</span> <span class='ocrx_word' id='word_1_51' title='bbox 1419 527 1494 563; x_wconf 90' lang='lat' dir='ltr'>hoc</span> <span class='ocrx_word' id='word_1_52' title='bbox 1523 526 1574 564; x_wconf 91' lang='lat' dir='ltr'>ab</span> 
     </span>
     <span class='ocr_line' id='line_1_11' title="bbox 240 586 1575 638; baseline 0.002 -14"><span class='ocrx_word' id='word_1_53' title='bbox 240 594 391 625; x_wconf 89' lang='lat' dir='ltr'>aratore</span> <span class='ocrx_word' id='word_1_54' title='bbox 421 586 589 636; x_wconf 88' lang='lat' dir='ltr'>primum</span> <span class='ocrx_word' id='word_1_55' title='bbox 621 596 678 626; x_wconf 86' lang='lat' dir='ltr'>est</span> <span class='ocrx_word' id='word_1_56' title='bbox 708 590 939 638; x_wconf 88' lang='lat' dir='ltr'>profectum,</span> <span class='ocrx_word' id='word_1_57' title='bbox 968 598 1034 628; x_wconf 88' lang='lat' dir='ltr'>aut</span> <span class='ocrx_word' id='word_1_58' title='bbox 1063 591 1113 628; x_wconf 87' lang='lat' dir='ltr'>ab</span> <span class='ocrx_word' id='word_1_59' title='bbox 1144 604 1189 629; x_wconf 83' lang='lat' dir='ltr'>ea</span> <span class='ocrx_word' id='word_1_60' title='bbox 1218 590 1374 628; x_wconf 84' lang='lat' dir='ltr'>civitate</span> <span class='ocrx_word' id='word_1_61' title='bbox 1409 589 1473 627; x_wconf 90' lang='lat' dir='ltr'>cui</span> <span class='ocrx_word' id='word_1_62' title='bbox 1507 589 1575 627; x_wconf 89' lang='lat' dir='ltr'>im-</span> 
     </span>
     <span class='ocr_line' id='line_1_12' title="bbox 241 653 1574 701; baseline 0.003 -12"><span class='ocrx_word' id='word_1_63' title='bbox 241 653 473 701; x_wconf 81' lang='lat' dir='ltr'>perabatur3</span> <span class='ocrx_word' id='word_1_64' title='bbox 517 665 607 690; x_wconf 89' lang='lat' dir='ltr'>cum</span> <span class='ocrx_word' id='word_1_65' title='bbox 647 661 713 691; x_wconf 86' lang='lat' dir='ltr'>aut</span> <span class='ocrx_word' id='word_1_66' title='bbox 753 655 992 692; x_wconf 86' lang='lat' dir='ltr'>frumentum</span> <span class='ocrx_word' id='word_1_67' title='bbox 1027 655 1269 693; x_wconf 81' lang='lat' dir='ltr'>vendidisset</span> <span class='ocrx_word' id='word_1_68' title='bbox 1308 663 1375 693; x_wconf 84' lang='lat' dir='ltr'>aut</span> <span class='ocrx_word' id='word_1_69' title='bbox 1423 668 1574 693; x_wconf 83' lang='lat' dir='ltr'>servare</span> 
     </span>
     <span class='ocr_line' id='line_1_13' title="bbox 241 717 1572 769; baseline 0.003 -16"><span class='ocrx_word' id='word_1_70' title='bbox 241 718 356 754; x_wconf 88' lang='lat' dir='ltr'>vellet</span> <span class='ocrx_word' id='word_1_71' title='bbox 387 724 454 755; x_wconf 85' lang='lat' dir='ltr'>aut</span> <span class='ocrx_word' id='word_1_72' title='bbox 486 717 525 754; x_wconf 88' lang='lat' dir='ltr'>in</span> <span class='ocrx_word' id='word_1_73' title='bbox 558 731 648 755; x_wconf 88' lang='lat' dir='ltr'>eurn</span> <span class='ocrx_word' id='word_1_74' title='bbox 681 720 814 756; x_wconf 90' lang='lat' dir='ltr'>locum</span> <span class='ocrx_word' id='word_1_75' title='bbox 846 732 926 768; x_wconf 81' lang='lat' dir='ltr'>quo</span> <span class='ocrx_word' id='word_1_76' title='bbox 956 719 1221 769; x_wconf 80' lang='lat' dir='ltr'>imperabatur</span> <span class='ocrx_word' id='word_1_77' title='bbox 1255 727 1409 769; x_wconf 86' lang='lat' dir='ltr'>portare</span> <span class='ocrx_word' id='word_1_78' title='bbox 1438 721 1572 767; x_wconf 84' lang='lat' dir='ltr'>nollet,</span> 
     </span>
     <span class='ocr_line' id='line_1_14' title="bbox 241 781 1634 834; baseline 0.001 -16"><span class='ocrx_word' id='word_1_79' title='bbox 241 781 376 831; x_wconf 85' lang='lat' dir='ltr'>petivit</span> <span class='ocrx_word' id='word_1_80' title='bbox 416 781 453 819; x_wconf 93' lang='lat' dir='ltr'>in</span> <span class='ocrx_word' id='word_1_81' title='bbox 495 782 662 821; x_wconf 88' lang='lat' dir='ltr'>benefici</span> <span class='ocrx_word' id='word_1_82' title='bbox 701 784 791 821; x_wconf 90' lang='lat' dir='ltr'>loco</span> <span class='ocrx_word' id='word_1_83' title='bbox 829 791 867 821; x_wconf 89' lang='lat' dir='ltr'>et</span> <span class='ocrx_word' id='word_1_84' title='bbox 904 783 1048 832; x_wconf 82' lang='lat' dir='ltr'>gratiae</span> <span class='ocrx_word' id='word_1_85' title='bbox 1087 792 1128 821; x_wconf 88' lang='lat' dir='ltr'>ut</span> <span class='ocrx_word' id='word_1_86' title='bbox 1163 783 1236 821; x_wconf 85' lang='lat' dir='ltr'>sibi</span> <span class='ocrx_word' id='word_1_87' title='bbox 1268 797 1338 834; x_wconf 91' lang='lat' dir='ltr'>pro</span> <span class='ocrx_word' id='word_1_88' title='bbox 1377 785 1574 822; x_wconf 88' lang='lat' dir='ltr'>frumento</span> <span class='ocrx_word' id='word_1_89' title='bbox 1596 799 1634 821; x_wconf 82' lang='grc' dir='ltr'>ιο</span> 
     </span>
     <span class='ocr_line' id='line_1_15' title="bbox 240 846 1573 896; baseline 0.002 -13"><span class='ocrx_word' id='word_1_90' title='bbox 240 846 376 896; x_wconf 88' lang='lat' dir='ltr'>quanti</span> <span class='ocrx_word' id='word_1_91' title='bbox 414 848 653 885; x_wconf 86' lang='lat' dir='ltr'>frumentum</span> <span class='ocrx_word' id='word_1_92' title='bbox 693 855 795 886; x_wconf 84' lang='lat' dir='ltr'>esset</span> <span class='ocrx_word' id='word_1_93' title='bbox 831 850 924 886; x_wconf 87' lang='lat' dir='ltr'>dare</span> <span class='ocrx_word' id='word_1_94' title='bbox 963 848 1106 887; x_wconf 87' lang='lat' dir='ltr'>liceret.</span> <span class='ocrx_word' id='word_1_95' title='bbox 1168 850 1231 889; x_wconf 76' lang='lat' dir='ltr'>Ex</span> <span class='ocrx_word' id='word_1_96' title='bbox 1271 848 1434 886; x_wconf 86' lang='lat' dir='ltr'>huiusce</span> <span class='ocrx_word' id='word_1_97' title='bbox 1464 849 1573 887; x_wconf 90' lang='lat' dir='ltr'>modi</span> 
     </span>
     <span class='ocr_line' id='line_1_16' title="bbox 240 911 1574 964; baseline 0.002 -16"><span class='ocrx_word' id='word_1_98' title='bbox 240 911 434 961; x_wconf 85' lang='lat' dir='ltr'>principio</span> <span class='ocrx_word' id='word_1_99' title='bbox 471 920 590 961; x_wconf 85' lang='lat' dir='ltr'>atque</span> <span class='ocrx_word' id='word_1_100' title='bbox 629 926 675 951; x_wconf 87' lang='lat' dir='ltr'>ex</span> <span class='ocrx_word' id='word_1_101' title='bbox 709 913 940 951; x_wconf 72' lang='lat' dir='ltr'>liberalitate</span> <span class='ocrx_word' id='word_1_102' title='bbox 975 922 1012 952; x_wconf 87' lang='lat' dir='ltr'>et</span> <span class='ocrx_word' id='word_1_103' title='bbox 1045 913 1418 951; x_wconf 80' lang='lat' dir='ltr'>accommodatione</span> <span class='ocrx_word' id='word_1_104' title='bbox 1458 914 1574 964; x_wconf 83' lang='lat' dir='ltr'>magi-</span> 
     </span>
     <span class='ocr_line' id='line_1_17' title="bbox 241 978 1571 1017; baseline 0.002 -4"><span class='ocrx_word' id='word_1_105' title='bbox 241 983 431 1014; x_wconf 89' lang='lat' dir='ltr'>stratuum</span> <span class='ocrx_word' id='word_1_106' title='bbox 465 979 713 1016; x_wconf 81' lang='lat' dir='ltr'>consuetudo</span> <span class='ocrx_word' id='word_1_107' title='bbox 740 978 1023 1016; x_wconf 78' lang='lat' dir='ltr'>aestimationis</span> <span class='ocrx_word' id='word_1_108' title='bbox 1056 978 1280 1016; x_wconf 87' lang='lat' dir='ltr'>introducta</span> <span class='ocrx_word' id='word_1_109' title='bbox 1309 987 1377 1016; x_wconf 89' lang='lat' dir='ltr'>est.</span> <span class='ocrx_word' id='word_1_110' title='bbox 1441 979 1571 1017; x_wconf 87' lang='lat' dir='ltr'>Secuti</span> 
     </span>
     <span class='ocr_line' id='line_1_18' title="bbox 240 1042 1572 1093; baseline 0.002 -14"><span class='ocrx_word' id='word_1_111' title='bbox 240 1049 331 1079; x_wconf 87' lang='lat' dir='ltr'>sunt</span> <span class='ocrx_word' id='word_1_112' title='bbox 359 1042 552 1081; x_wconf 80' lang='lat' dir='ltr'>avariores</span> <span class='ocrx_word' id='word_1_113' title='bbox 588 1043 846 1093; x_wconf 81' lang='lat' dir='ltr'>magistratus,</span> <span class='ocrx_word' id='word_1_114' title='bbox 878 1043 945 1093; x_wconf 80' lang='lat' dir='ltr'>qui</span> <span class='ocrx_word' id='word_1_115' title='bbox 975 1052 1106 1081; x_wconf 84' lang='lat' dir='ltr'>tamen</span> <span class='ocrx_word' id='word_1_116' title='bbox 1137 1043 1177 1081; x_wconf 89' lang='lat' dir='ltr'>in</span> <span class='ocrx_word' id='word_1_117' title='bbox 1206 1043 1365 1081; x_wconf 85' lang='lat' dir='ltr'>avaritia</span> <span class='ocrx_word' id='word_1_118' title='bbox 1395 1057 1465 1081; x_wconf 84' lang='lat' dir='ltr'>sua</span> <span class='ocrx_word' id='word_1_119' title='bbox 1491 1057 1572 1082; x_wconf 94' lang='lat' dir='ltr'>non</span> 
     </span>
     <span class='ocr_line' id='line_1_19' title="bbox 240 1108 1629 1158; baseline 0.001 -13"><span class='ocrx_word' id='word_1_120' title='bbox 240 1109 368 1146; x_wconf 89' lang='lat' dir='ltr'>solum</span> <span class='ocrx_word' id='word_1_121' title='bbox 406 1108 509 1146; x_wconf 83' lang='lat' dir='ltr'>viam</span> <span class='ocrx_word' id='word_1_122' title='bbox 542 1117 727 1158; x_wconf 78' lang='lat' dir='ltr'>quaestus</span> <span class='ocrx_word' id='word_1_123' title='bbox 763 1109 1006 1156; x_wconf 84' lang='lat' dir='ltr'>invenerunt,</span> <span class='ocrx_word' id='word_1_124' title='bbox 1038 1123 1173 1148; x_wconf 81' lang='lat' dir='ltr'>verum</span> <span class='ocrx_word' id='word_1_125' title='bbox 1203 1109 1320 1147; x_wconf 87' lang='lat' dir='ltr'>etiam</span> <span class='ocrx_word' id='word_1_126' title='bbox 1351 1109 1497 1148; x_wconf 84' lang='lat' dir='ltr'>exitum</span> <span class='ocrx_word' id='word_1_127' title='bbox 1526 1122 1572 1148; x_wconf 87' lang='lat' dir='ltr'>ac</span> <span class='ocrx_word' id='word_1_128' title='bbox 1594 1122 1629 1154; x_wconf 86' lang='lat'>15</span> 
     </span>
     <span class='ocr_line' id='line_1_20' title="bbox 240 1172 1572 1223; baseline 0.002 -13"><span class='ocrx_word' id='word_1_129' title='bbox 240 1172 431 1211; x_wconf 88' lang='lat' dir='ltr'>rationem</span> <span class='ocrx_word' id='word_1_130' title='bbox 471 1174 724 1212; x_wconf 86' lang='lat' dir='ltr'>defensionis.</span> <span class='ocrx_word' id='word_1_131' title='bbox 787 1174 1046 1213; x_wconf 88' lang='lat' dir='ltr'>Instituerunt</span> <span class='ocrx_word' id='word_1_132' title='bbox 1085 1187 1239 1223; x_wconf 83' lang='lat' dir='ltr'>semper</span> <span class='ocrx_word' id='word_1_133' title='bbox 1276 1173 1316 1212; x_wconf 92' lang='lat' dir='ltr'>in</span> <span class='ocrx_word' id='word_1_134' title='bbox 1356 1174 1494 1212; x_wconf 88' lang='lat' dir='ltr'>ultima</span> <span class='ocrx_word' id='word_1_135' title='bbox 1525 1188 1572 1213; x_wconf 86' lang='lat' dir='ltr'>ac</span> 
     </span>
     <span class='ocr_line' id='line_1_21' title="bbox 240 1237 1572 1289; baseline 0.002 -14"><span class='ocrx_word' id='word_1_136' title='bbox 240 1237 469 1276; x_wconf 83' lang='lat' dir='ltr'>difficillima</span> <span class='ocrx_word' id='word_1_137' title='bbox 507 1240 558 1277; x_wconf 90' lang='lat' dir='ltr'>ad</span> <span class='ocrx_word' id='word_1_138' title='bbox 596 1240 835 1289; x_wconf 86' lang='lat' dir='ltr'>portandum</span> <span class='ocrx_word' id='word_1_139' title='bbox 876 1241 963 1278; x_wconf 91' lang='lat' dir='ltr'>loca</span> <span class='ocrx_word' id='word_1_140' title='bbox 1010 1240 1250 1277; x_wconf 88' lang='lat' dir='ltr'>frumentum</span> <span class='ocrx_word' id='word_1_141' title='bbox 1290 1238 1492 1288; x_wconf 87' lang='lat' dir='ltr'>imperare,</span> <span class='ocrx_word' id='word_1_142' title='bbox 1530 1246 1572 1277; x_wconf 87' lang='lat' dir='ltr'>ut</span> 
     </span>
     <span class='ocr_line' id='line_1_22' title="bbox 239 1303 1573 1354; baseline 0.001 -14"><span class='ocrx_word' id='word_1_143' title='bbox 239 1310 421 1341; x_wconf 82' lang='lat' dir='ltr'>vecturae</span> <span class='ocrx_word' id='word_1_144' title='bbox 451 1303 679 1342; x_wconf 84' lang='lat' dir='ltr'>difficultate</span> <span class='ocrx_word' id='word_1_145' title='bbox 710 1306 761 1342; x_wconf 84' lang='lat' dir='ltr'>ad</span> <span class='ocrx_word' id='word_1_146' title='bbox 801 1318 919 1354; x_wconf 82' lang='lat' dir='ltr'>quam</span> <span class='ocrx_word' id='word_1_147' title='bbox 955 1306 1098 1343; x_wconf 81' lang='lat' dir='ltr'>vellent</span> <span class='ocrx_word' id='word_1_148' title='bbox 1136 1303 1452 1342; x_wconf 82' lang='lat' dir='ltr'>aestimationem</span> <span class='ocrx_word' id='word_1_149' title='bbox 1491 1318 1573 1354; x_wconf 85' lang='lat' dir='ltr'>per-</span> 
     </span>
     <span class='ocr_line' id='line_1_23' title="bbox 240 1368 1570 1419; baseline 0.002 -14"><span class='ocrx_word' id='word_1_150' title='bbox 240 1368 426 1406; x_wconf 86' lang='lat' dir='ltr'>venirent.</span> <span class='ocrx_word' id='word_1_151' title='bbox 497 1370 545 1406; x_wconf 92' lang='lat' dir='ltr'>In</span> <span class='ocrx_word' id='word_1_152' title='bbox 584 1370 659 1407; x_wconf 94' lang='lat' dir='ltr'>hoc</span> <span class='ocrx_word' id='word_1_153' title='bbox 698 1383 840 1419; x_wconf 84' lang='lat' dir='ltr'>genere</span> <span class='ocrx_word' id='word_1_154' title='bbox 879 1369 1027 1407; x_wconf 78' lang='lat' dir='ltr'>facilior</span> <span class='ocrx_word' id='word_1_155' title='bbox 1065 1376 1123 1407; x_wconf 89' lang='lat' dir='ltr'>est</span> <span class='ocrx_word' id='word_1_156' title='bbox 1170 1368 1405 1407; x_wconf 78' lang='lat' dir='ltr'>existimatio</span> <span class='ocrx_word' id='word_1_157' title='bbox 1453 1383 1570 1419; x_wconf 85' lang='lat' dir='ltr'>quam</span> 
     </span>
     <span class='ocr_line' id='line_1_24' title="bbox 239 1433 1632 1484; baseline 0.001 -14"><span class='ocrx_word' id='word_1_158' title='bbox 239 1433 501 1483; x_wconf 81' lang='lat' dir='ltr'>reprehensio,</span> <span class='ocrx_word' id='word_1_159' title='bbox 526 1433 616 1472; x_wconf 92' lang='lat' dir='ltr'>ideo</span> <span class='ocrx_word' id='word_1_160' title='bbox 637 1436 745 1484; x_wconf 82' lang='lat' dir='ltr'>quod</span> <span class='ocrx_word' id='word_1_161' title='bbox 776 1448 867 1472; x_wconf 72' lang='lat' dir='ltr'>eum</span> <span class='ocrx_word' id='word_1_162' title='bbox 887 1434 953 1483; x_wconf 74' lang='lat' dir='ltr'>qui</span> <span class='ocrx_word' id='word_1_163' title='bbox 976 1436 1051 1472; x_wconf 87' lang='lat' dir='ltr'>hoc</span> <span class='ocrx_word' id='word_1_164' title='bbox 1073 1434 1162 1471; x_wconf 89' lang='lat' dir='ltr'>facit</span> <span class='ocrx_word' id='word_1_165' title='bbox 1182 1447 1340 1471; x_wconf 81' lang='lat' dir='ltr'>avarum</span> <span class='ocrx_word' id='word_1_166' title='bbox 1362 1447 1571 1483; x_wconf 87' lang='lat' dir='ltr'>possumus</span> <span class='ocrx_word' id='word_1_167' title='bbox 1592 1449 1632 1471; x_wconf 89' lang='lat'>20</span> 
     </span>
     <span class='ocr_line' id='line_1_25' title="bbox 239 1498 1568 1547; baseline 0.001 -11"><span class='ocrx_word' id='word_1_168' title='bbox 239 1498 470 1544; x_wconf 75' lang='lat' dir='ltr'>existimare,</span> <span class='ocrx_word' id='word_1_169' title='bbox 490 1499 637 1536; x_wconf 88' lang='lat' dir='ltr'>crimen</span> <span class='ocrx_word' id='word_1_170' title='bbox 652 1499 690 1536; x_wconf 86' lang='lat' dir='ltr'>in</span> <span class='ocrx_word' id='word_1_171' title='bbox 708 1512 756 1536; x_wconf 81' lang='lat' dir='ltr'>eo</span> <span class='ocrx_word' id='word_1_172' title='bbox 770 1498 1008 1536; x_wconf 83' lang='lat' dir='ltr'>constituere</span> <span class='ocrx_word' id='word_1_173' title='bbox 1024 1512 1103 1536; x_wconf 87' lang='lat' dir='ltr'>non</span> <span class='ocrx_word' id='word_1_174' title='bbox 1122 1507 1199 1536; x_wconf 88' lang='lat' dir='ltr'>tam</span> <span class='ocrx_word' id='word_1_175' title='bbox 1223 1498 1334 1535; x_wconf 83' lang='lat' dir='ltr'>facile</span> <span class='ocrx_word' id='word_1_176' title='bbox 1350 1511 1568 1547; x_wconf 84' lang='lat' dir='ltr'>possumus,</span> 
     </span>
     <span class='ocr_line' id='line_1_26' title="bbox 239 1562 1572 1613; baseline 0.001 -12"><span class='ocrx_word' id='word_1_177' title='bbox 239 1565 348 1613; x_wconf 86' lang='lat' dir='ltr'>quod</span> <span class='ocrx_word' id='word_1_178' title='bbox 365 1563 518 1601; x_wconf 82' lang='lat' dir='ltr'>videtur</span> <span class='ocrx_word' id='word_1_179' title='bbox 538 1565 841 1601; x_wconf 88' lang='lat' dir='ltr'>concedendum</span> <span class='ocrx_word' id='word_1_180' title='bbox 874 1563 1161 1612; x_wconf 74' lang='lat' dir='ltr'>magistratibus</span> <span class='ocrx_word' id='word_1_181' title='bbox 1183 1562 1323 1600; x_wconf 84' lang='lat' dir='ltr'>nostris</span> <span class='ocrx_word' id='word_1_182' title='bbox 1349 1577 1434 1601; x_wconf 81' lang='lat' dir='ltr'>esse</span> <span class='ocrx_word' id='word_1_183' title='bbox 1458 1571 1499 1601; x_wconf 92' lang='lat' dir='ltr'>ut</span> <span class='ocrx_word' id='word_1_184' title='bbox 1527 1564 1572 1602; x_wconf 90' lang='lat' dir='ltr'>iis</span> 
     </span>
     <span class='ocr_line' id='line_1_27' title="bbox 239 1629 1572 1679; baseline 0.001 -13"><span class='ocrx_word' id='word_1_185' title='bbox 239 1642 320 1678; x_wconf 83' lang='lat' dir='ltr'>quo</span> <span class='ocrx_word' id='word_1_186' title='bbox 349 1630 438 1668; x_wconf 92' lang='lat' dir='ltr'>Ioco</span> <span class='ocrx_word' id='word_1_187' title='bbox 458 1629 578 1667; x_wconf 90' lang='lat' dir='ltr'>velint</span> <span class='ocrx_word' id='word_1_188' title='bbox 598 1630 837 1667; x_wconf 79' lang='lat' dir='ltr'>frumentum</span> <span class='ocrx_word' id='word_1_189' title='bbox 860 1629 1038 1679; x_wconf 84' lang='lat' dir='ltr'>accipere</span> <span class='ocrx_word' id='word_1_190' title='bbox 1061 1629 1184 1666; x_wconf 74' lang='lat' dir='ltr'>liceat.</span> <span class='ocrx_word' id='word_1_191' title='bbox 1249 1630 1388 1678; x_wconf 82' lang='lat' dir='ltr'>Itaque</span> <span class='ocrx_word' id='word_1_192' title='bbox 1419 1630 1494 1666; x_wconf 87' lang='lat' dir='ltr'>hoc</span> <span class='ocrx_word' id='word_1_193' title='bbox 1515 1637 1572 1667; x_wconf 84' lang='lat' dir='ltr'>est</span> 
     </span>
     <span class='ocr_line' id='line_1_28' title="bbox 238 1693 1573 1743; baseline 0.001 -11"><span class='ocrx_word' id='word_1_194' title='bbox 238 1695 348 1743; x_wconf 87' lang='lat' dir='ltr'>quod</span> <span class='ocrx_word' id='word_1_195' title='bbox 376 1694 487 1732; x_wconf 88' lang='lat' dir='ltr'>multi</span> <span class='ocrx_word' id='word_1_196' title='bbox 515 1696 677 1733; x_wconf 88' lang='lat' dir='ltr'>fortasse</span> <span class='ocrx_word' id='word_1_197' title='bbox 702 1695 889 1735; x_wconf 84' lang='lat' dir='ltr'>fecerunt,</span> <span class='ocrx_word' id='word_1_198' title='bbox 914 1695 983 1732; x_wconf 84' lang='lat' dir='ltr'>sed</span> <span class='ocrx_word' id='word_1_199' title='bbox 1012 1694 1065 1732; x_wconf 87' lang='lat' dir='ltr'>ita</span> <span class='ocrx_word' id='word_1_200' title='bbox 1093 1693 1204 1731; x_wconf 86' lang='lat' dir='ltr'>multi</span> <span class='ocrx_word' id='word_1_201' title='bbox 1235 1701 1277 1731; x_wconf 88' lang='lat' dir='ltr'>ut</span> <span class='ocrx_word' id='word_1_202' title='bbox 1299 1693 1322 1730; x_wconf 92' lang='lat' dir='ltr'>ii</span> <span class='ocrx_word' id='word_1_203' title='bbox 1344 1706 1444 1743; x_wconf 87' lang='lat' dir='ltr'>quos</span> <span class='ocrx_word' id='word_1_204' title='bbox 1465 1693 1573 1733; x_wconf 91' lang='lat' dir='ltr'>inno-</span> 
     </span>
     <span class='ocr_line' id='line_1_29' title="bbox 239 1758 1629 1807; baseline -0.001 -10"><span class='ocrx_word' id='word_1_205' title='bbox 239 1759 485 1798; x_wconf 86' lang='lat' dir='ltr'>centissimos</span> <span class='ocrx_word' id='word_1_206' title='bbox 506 1759 758 1798; x_wconf 88' lang='lat' dir='ltr'>meminimus</span> <span class='ocrx_word' id='word_1_207' title='bbox 779 1768 846 1798; x_wconf 89' lang='lat' dir='ltr'>aut</span> <span class='ocrx_word' id='word_1_208' title='bbox 865 1759 1088 1798; x_wconf 86' lang='lat' dir='ltr'>audivimus</span> <span class='ocrx_word' id='word_1_209' title='bbox 1108 1772 1189 1797; x_wconf 95' lang='lat' dir='ltr'>non</span> <span class='ocrx_word' id='word_1_210' title='bbox 1210 1758 1381 1797; x_wconf 89' lang='lat' dir='ltr'>fecerint.</span> <span class='ocrx_word' id='word_1_211' title='bbox 1593 1775 1629 1807; x_wconf 90' lang='lat'>²5</span> 
     </span>
    </p>

    <p class='ocr_par' dir='ltr' id='par_1_6' title="bbox 235 1824 1628 2133">
     <span class='ocr_line' id='line_1_30' title="bbox 295 1824 1572 1873; baseline 0 -10"><span class='ocrx_word' id='word_1_212' title='bbox 295 1827 454 1873; x_wconf 83' lang='lat' dir='ltr'>Quaero</span> <span class='ocrx_word' id='word_1_213' title='bbox 475 1838 580 1863; x_wconf 89' lang='lat' dir='ltr'>nunc</span> <span class='ocrx_word' id='word_1_214' title='bbox 601 1826 671 1863; x_wconf 85' lang='lat' dir='ltr'>abs</span> <span class='ocrx_word' id='word_1_215' title='bbox 692 1833 740 1871; x_wconf 85' lang='lat' dir='ltr'>te,</span> <span class='ocrx_word' id='word_1_216' title='bbox 768 1825 969 1872; x_wconf 85' lang='lat' dir='ltr'>Hortensi,</span> <span class='ocrx_word' id='word_1_217' title='bbox 994 1839 1083 1863; x_wconf 89' lang='lat' dir='ltr'>cum</span> <span class='ocrx_word' id='word_1_218' title='bbox 1113 1824 1259 1863; x_wconf 91' lang='lat' dir='ltr'>utrisne</span> <span class='ocrx_word' id='word_1_219' title='bbox 1281 1825 1440 1862; x_wconf 88' lang='lat' dir='ltr'>tandem</span> <span class='ocrx_word' id='word_1_220' title='bbox 1463 1824 1572 1863; x_wconf 88' lang='lat' dir='ltr'>istius</span> 
     </span>
     <span class='ocr_line' id='line_1_31' title="bbox 239 1889 1572 1939; baseline 0.001 -12"><span class='ocrx_word' id='word_1_221' title='bbox 239 1891 385 1927; x_wconf 82' lang='lat' dir='ltr'>factum</span> <span class='ocrx_word' id='word_1_222' title='bbox 416 1892 627 1928; x_wconf 86' lang='lat' dir='ltr'>collaturus</span> <span class='ocrx_word' id='word_1_223' title='bbox 657 1893 728 1929; x_wconf 89' lang='lat' dir='ltr'>es?</span> <span class='ocrx_word' id='word_1_224' title='bbox 786 1893 888 1930; x_wconf 89' lang='lat' dir='ltr'>Cum</span> <span class='ocrx_word' id='word_1_225' title='bbox 915 1891 971 1937; x_wconf 90' lang='lat' dir='ltr'>iis,</span> <span class='ocrx_word' id='word_1_226' title='bbox 995 1891 1124 1936; x_wconf 86' lang='lat' dir='ltr'>credo,</span> <span class='ocrx_word' id='word_1_227' title='bbox 1149 1889 1215 1939; x_wconf 86' lang='lat' dir='ltr'>qui</span> <span class='ocrx_word' id='word_1_228' title='bbox 1241 1889 1481 1938; x_wconf 83' lang='lat' dir='ltr'>benignitate</span> <span class='ocrx_word' id='word_1_229' title='bbox 1507 1891 1572 1928; x_wconf 86' lang='lat' dir='ltr'>ad-</span> 
     </span>
     <span class='ocr_line' id='line_1_32' title="bbox 238 1955 1571 2007; baseline 0 -15"><span class='ocrx_word' id='word_1_230' title='bbox 238 1955 346 1993; x_wconf 83' lang='lat' dir='ltr'>ducti</span> <span class='ocrx_word' id='word_1_231' title='bbox 374 1969 442 2005; x_wconf 90' lang='lat' dir='ltr'>per</span> <span class='ocrx_word' id='word_1_232' title='bbox 463 1956 701 1994; x_wconf 83' lang='lat' dir='ltr'>beneficium</span> <span class='ocrx_word' id='word_1_233' title='bbox 726 1964 763 1995; x_wconf 89' lang='lat' dir='ltr'>et</span> <span class='ocrx_word' id='word_1_234' title='bbox 794 1957 956 2007; x_wconf 78' lang='lat' dir='ltr'>gratiam</span> <span class='ocrx_word' id='word_1_235' title='bbox 979 1955 1201 1994; x_wconf 77' lang='lat' dir='ltr'>civitatibus</span> <span class='ocrx_word' id='word_1_236' title='bbox 1223 1963 1503 1993; x_wconf 88' lang='lat' dir='ltr'>concesserunt</span> <span class='ocrx_word' id='word_1_237' title='bbox 1529 1962 1571 1992; x_wconf 93' lang='lat' dir='ltr'>ut</span> 
     </span>
     <span class='ocr_line' id='line_1_33' title="bbox 237 2019 1570 2071; baseline -0.002 -13"><span class='ocrx_word' id='word_1_238' title='bbox 237 2034 422 2059; x_wconf 91' lang='lat' dir='ltr'>nummos</span> <span class='ocrx_word' id='word_1_239' title='bbox 454 2035 523 2071; x_wconf 87' lang='lat' dir='ltr'>pro</span> <span class='ocrx_word' id='word_1_240' title='bbox 554 2023 751 2060; x_wconf 88' lang='lat' dir='ltr'>frumento</span> <span class='ocrx_word' id='word_1_241' title='bbox 780 2024 928 2062; x_wconf 89' lang='lat' dir='ltr'>darent.</span> <span class='ocrx_word' id='word_1_242' title='bbox 999 2024 1059 2060; x_wconf 88' lang='lat' dir='ltr'>Ita</span> <span class='ocrx_word' id='word_1_243' title='bbox 1088 2023 1207 2060; x_wconf 85' lang='lat' dir='ltr'>credo</span> <span class='ocrx_word' id='word_1_244' title='bbox 1241 2021 1384 2070; x_wconf 84' lang='lat' dir='ltr'>petisse</span> <span class='ocrx_word' id='word_1_245' title='bbox 1415 2019 1465 2057; x_wconf 91' lang='lat' dir='ltr'>ab</span> <span class='ocrx_word' id='word_1_246' title='bbox 1497 2019 1570 2057; x_wconf 88' lang='lat' dir='ltr'>isto</span> 
     </span>
     <span class='ocr_line' id='line_1_34' title="bbox 235 2086 1628 2133; baseline -0.002 -9"><span class='ocrx_word' id='word_1_247' title='bbox 235 2094 406 2125; x_wconf 85' lang='lat' dir='ltr'>aratores</span> <span class='ocrx_word' id='word_1_248' title='bbox 445 2094 498 2133; x_wconf 90' lang='lat' dir='ltr'>ut,</span> <span class='ocrx_word' id='word_1_249' title='bbox 535 2100 625 2125; x_wconf 91' lang='lat' dir='ltr'>cum</span> <span class='ocrx_word' id='word_1_250' title='bbox 658 2090 728 2127; x_wconf 84' lang='lat' dir='ltr'>HS</span> <span class='ocrx_word' id='word_1_251' title='bbox 768 2090 886 2127; x_wconf 85' lang='lat' dir='ltr'>ternis</span> <span class='ocrx_word' id='word_1_252' title='bbox 926 2088 1039 2126; x_wconf 86' lang='lat' dir='ltr'>tritici</span> <span class='ocrx_word' id='word_1_253' title='bbox 1079 2086 1257 2125; x_wconf 88' lang='lat' dir='ltr'>modium</span> <span class='ocrx_word' id='word_1_254' title='bbox 1289 2086 1458 2123; x_wconf 83' lang='lat' dir='ltr'>vendere</span> <span class='ocrx_word' id='word_1_255' title='bbox 1489 2098 1569 2122; x_wconf 94' lang='lat' dir='ltr'>non</span> <span class='ocrx_word' id='word_1_256' title='bbox 1588 2098 1628 2130; x_wconf 84' lang='lat'>30</span> 
     </span>
    </p>
   </div>
   <div class='ocr_carea' id='block_1_5' title="bbox 1693 1154 1715 2194">
    <p class='ocr_par' dir='ltr' id='par_1_7' title="bbox 1693 1154 1715 2194">
     <span class='ocr_line' id='line_1_35' title="bbox 1693 1154 1715 2194; baseline 0 0"><span class='ocrx_word' id='word_1_257' title='bbox 1693 1154 1715 2194; x_wconf 95' lang='lat' dir='ltr'> </span> 
     </span>
    </p>
   </div>
   <div class='ocr_carea' id='block_1_6' title="bbox 284 2188 1564 2231">
    <p class='ocr_par' dir='ltr' id='par_1_8' title="bbox 284 2188 1564 2231">
     <span class='ocr_line' id='line_1_36' title="bbox 284 2188 1564 2231; baseline 0.001 -12"><span class='ocrx_word' id='word_1_258' title='bbox 284 2200 297 2219; x_wconf 83' lang='lat'>1</span> <span class='ocrx_word' id='word_1_259' title='bbox 325 2190 537 2223; x_wconf 85' lang='lat' dir='ltr'>coniectione</span> <span class='ocrx_word' id='word_1_260' title='bbox 558 2193 587 2223; x_wconf 89' lang='lat' dir='ltr'><em>O</em></span> <span class='ocrx_word' id='word_1_261' title='bbox 710 2205 728 2231; x_wconf 85' lang='lat'><strong>4</strong></span> <span class='ocrx_word' id='word_1_262' title='bbox 755 2194 842 2225; x_wconf 84' lang='lat' dir='ltr'>civit.</span> <span class='ocrx_word' id='word_1_263' title='bbox 865 2199 899 2224; x_wconf 86' lang='lat' dir='ltr'>et</span> <span class='ocrx_word' id='word_1_264' title='bbox 917 2199 998 2224; x_wconf 78' lang='lat' dir='ltr'>arat.</span> <span class='ocrx_word' id='word_1_265' title='bbox 1019 2205 1060 2223; x_wconf 75' lang='grc' dir='ltr'>πτ</span> <span class='ocrx_word' id='word_1_266' title='bbox 1085 2198 1165 2223; x_wconf 79' lang='lat' dir='ltr'>arat.</span> <span class='ocrx_word' id='word_1_267' title='bbox 1188 2196 1221 2222; x_wconf 83' lang='lat' dir='ltr'>et</span> <span class='ocrx_word' id='word_1_268' title='bbox 1241 2191 1373 2228; x_wconf 40' lang='lat' dir='ltr'>(atquei</span> <span class='ocrx_word' id='word_1_269' title='bbox 1392 2188 1480 2218; x_wconf 86' lang='lat' dir='ltr'>civit.</span> <span class='ocrx_word' id='word_1_270' title='bbox 1501 2188 1564 2220; x_wconf 79' lang='lat' dir='ltr'><em>rell.</em></span> 
     </span>
    </p>
   </div>
   <div class='ocr_carea' id='block_1_7' title="bbox 237 2232 1698 2431">
    <p class='ocr_par' dir='ltr' id='par_1_9' title="bbox 237 2232 1698 2431">
     <span class='ocr_line' id='line_1_37' title="bbox 237 2232 1568 2277; baseline -0.001 -15"><span class='ocrx_word' id='word_1_271' title='bbox 237 2233 305 2263; x_wconf 72' lang='lat' dir='ltr'>edd.</span> <span class='ocrx_word' id='word_1_272' title='bbox 413 2245 433 2273; x_wconf 91' lang='lat'>9</span> <span class='ocrx_word' id='word_1_273' title='bbox 459 2236 684 2275; x_wconf 81' lang='lat' dir='ltr'>imperabatur</span> <span class='ocrx_word' id='word_1_274' title='bbox 702 2238 747 2267; x_wconf 68' lang='lat' dir='ltr'>r·()</span> <span class='ocrx_word' id='word_1_275' title='bbox 767 2251 772 2268; x_wconf 83' lang='lat' dir='ltr'>z</span> <span class='ocrx_word' id='word_1_276' title='bbox 799 2239 916 2277; x_wconf 83' lang='lat' dir='ltr'>imper.</span> <span class='ocrx_word' id='word_1_277' title='bbox 937 2238 1135 2267; x_wconf 82' lang='lat' dir='ltr'>frumentum</span> <span class='ocrx_word' id='word_1_278' title='bbox 1151 2241 1175 2275; x_wconf 78' lang='lat' dir='ltr'>p</span> <span class='ocrx_word' id='word_1_279' title='bbox 1193 2235 1260 2266; x_wconf 75' lang='lat' dir='ltr'>rell.</span> <span class='ocrx_word' id='word_1_280' title='bbox 1367 2242 1400 2261; x_wconf 92' lang='lat'>11</span> <span class='ocrx_word' id='word_1_281' title='bbox 1430 2232 1568 2262; x_wconf 82' lang='lat' dir='ltr'>huiusce</span> 
     </span>
     <span class='ocr_line' id='line_1_38' title="bbox 238 2274 1565 2320; baseline -0.001 -14"><span class='ocrx_word' id='word_1_282' title='bbox 238 2278 327 2308; x_wconf 90' lang='lat' dir='ltr'>modi</span> <span class='ocrx_word' id='word_1_283' title='bbox 341 2277 420 2317; x_wconf 79' lang='lat' dir='ltr'>pO:</span> <span class='ocrx_word' id='word_1_284' title='bbox 448 2279 544 2309; x_wconf 75' lang='lat' dir='ltr'>huius</span> <span class='ocrx_word' id='word_1_285' title='bbox 562 2282 650 2311; x_wconf 80' lang='lat' dir='ltr'>modi</span> <span class='ocrx_word' id='word_1_286' title='bbox 669 2281 737 2312; x_wconf 72' lang='lat' dir='ltr'>cdd.</span> <span class='ocrx_word' id='word_1_287' title='bbox 868 2293 903 2320; x_wconf 91' lang='lat'>17</span> <span class='ocrx_word' id='word_1_288' title='bbox 929 2282 999 2311; x_wconf 78' lang='lat' dir='ltr'>loca</span> <span class='ocrx_word' id='word_1_289' title='bbox 1019 2282 1058 2311; x_wconf 80' lang='lat' dir='ltr'>ad</span> <span class='ocrx_word' id='word_1_290' title='bbox 1077 2280 1277 2320; x_wconf 84' lang='lat' dir='ltr'>portandum</span> <span class='ocrx_word' id='word_1_291' title='bbox 1297 2289 1317 2305; x_wconf 90' lang='grc' dir='ltr'><em>π</em></span> <span class='ocrx_word' id='word_1_292' title='bbox 1333 2274 1403 2306; x_wconf 76' lang='lat' dir='ltr'>dett.</span> <span class='ocrx_word' id='word_1_293' title='bbox 1526 2284 1565 2305; x_wconf 86' lang='lat'>21</span> 
     </span>
     <span class='ocr_line' id='line_1_39' title="bbox 238 2318 1565 2364; baseline -0.002 -14"><span class='ocrx_word' id='word_1_294' title='bbox 238 2320 271 2350; x_wconf 89' lang='lat' dir='ltr'>in</span> <span class='ocrx_word' id='word_1_295' title='bbox 290 2332 330 2351; x_wconf 89' lang='lat' dir='ltr'>eo</span> <span class='ocrx_word' id='word_1_296' title='bbox 350 2322 379 2350; x_wconf 84' lang='grc' dir='ltr'>Ο</span> <span class='ocrx_word' id='word_1_297' title='bbox 396 2333 403 2352; x_wconf 94' lang='lat'>:</span> <span class='ocrx_word' id='word_1_298' title='bbox 429 2323 462 2352; x_wconf 88' lang='lat' dir='ltr'>in</span> <span class='ocrx_word' id='word_1_299' title='bbox 481 2334 556 2354; x_wconf 88' lang='lat' dir='ltr'>eum</span> <span class='ocrx_word' id='word_1_300' title='bbox 576 2326 617 2355; x_wconf 70' lang='grc' dir='ltr'>πᾸ»</span> <span class='ocrx_word' id='word_1_301' title='bbox 724 2336 764 2363; x_wconf 82' lang='lat'>24</span> <span class='ocrx_word' id='word_1_302' title='bbox 791 2325 1087 2355; x_wconf 60' lang='lat' dir='ltr'>innocentissimos</span> <span class='ocrx_word' id='word_1_303' title='bbox 1101 2323 1165 2364; x_wconf 77' lang='lat' dir='ltr'>pO.</span> <span class='ocrx_word' id='word_1_304' title='bbox 1216 2322 1256 2351; x_wconf 86' lang='lat' dir='ltr'>lu</span> <span class='ocrx_word' id='word_1_305' title='bbox 1277 2318 1342 2350; x_wconf 65' lang='lat' dir='ltr'>‘F’</span> <span class='ocrx_word' id='word_1_306' title='bbox 1360 2319 1483 2358; x_wconf 76' lang='lat' dir='ltr'>afuisse</span> <span class='ocrx_word' id='word_1_307' title='bbox 1499 2329 1565 2349; x_wconf 87' lang='lat' dir='ltr'>non</span> 
     </span>
     <span class='ocr_line' id='line_1_40' title="bbox 238 2362 1698 2431; baseline -0.008 -30"><span class='ocrx_word' id='word_1_308' title='bbox 238 2364 327 2394; x_wconf 58' lang='lat' dir='ltr'><em>fredo</em></span> <span class='ocrx_word' id='word_1_309' title='bbox 461 2377 500 2405; x_wconf 81' lang='lat'>25</span> <span class='ocrx_word' id='word_1_310' title='bbox 525 2369 712 2399; x_wconf 78' lang='lat' dir='ltr'>audivimus</span> <span class='ocrx_word' id='word_1_311' title='bbox 734 2369 782 2398; x_wconf 81' lang='lat' dir='ltr'>V:</span> <span class='ocrx_word' id='word_1_312' title='bbox 807 2369 960 2399; x_wconf 85' lang='lat' dir='ltr'>audimus</span> <span class='ocrx_word' id='word_1_313' title='bbox 978 2380 1021 2397; x_wconf 69' lang='lat' dir='ltr'>vr:</span> <span class='ocrx_word' id='word_1_314' title='bbox 1046 2368 1190 2397; x_wconf 77' lang='lat' dir='ltr'>vidimus</span> <span class='ocrx_word' id='word_1_315' title='bbox 1208 2365 1255 2395; x_wconf 89' lang='lat' dir='ltr'>cO</span> <span class='ocrx_word' id='word_1_316' title='bbox 1390 2364 1433 2392; x_wconf 86' lang='lat'>26</span> <span class='ocrx_word' id='word_1_317' title='bbox 1455 2362 1563 2393; x_wconf 85' lang='lat' dir='ltr'>abste</span> <span class='ocrx_word' id='word_1_318' title='bbox 1694 2377 1698 2431; x_wconf 54' lang='grc'>1</span> 
     </span>
    </p>
   </div>
   <div class='ocr_carea' id='block_1_8' title="bbox 239 2408 1196 2452">
    <p class='ocr_par' dir='ltr' id='par_1_10' title="bbox 239 2408 1196 2452">
     <span class='ocr_line' id='line_1_41' title="bbox 239 2408 1196 2452; baseline 0.004 -15"><span class='ocrx_word' id='word_1_319' title='bbox 239 2418 327 2438; x_wconf 86' lang='lat' dir='ltr'>nunc</span> <span class='ocrx_word' id='word_1_320' title='bbox 346 2408 377 2437; x_wconf 81' lang='lat' dir='ltr'><em>V</em></span> <span class='ocrx_word' id='word_1_321' title='bbox 463 2412 590 2442; x_wconf 85' lang='lat' dir='ltr'>utrisne</span> <span class='ocrx_word' id='word_1_322' title='bbox 611 2412 751 2451; x_wconf 73' lang='lat' dir='ltr'>(uirisne</span> <span class='ocrx_word' id='word_1_323' title='bbox 763 2414 802 2452; x_wconf 74' lang='lat' dir='ltr'>p)</span> <span class='ocrx_word' id='word_1_324' title='bbox 824 2413 871 2451; x_wconf 70' lang='lat' dir='ltr'>Vs&gt;</span> <span class='ocrx_word' id='word_1_325' title='bbox 887 2411 929 2442; x_wconf 83' lang='lat' dir='ltr'>al.</span> <span class='ocrx_word' id='word_1_326' title='bbox 949 2423 955 2441; x_wconf 92' lang='lat'>:</span> <span class='ocrx_word' id='word_1_327' title='bbox 980 2411 1064 2441; x_wconf 84' lang='lat' dir='ltr'>utris</span> <span class='ocrx_word' id='word_1_328' title='bbox 1083 2410 1113 2440; x_wconf 88' lang='lat'><em>0</em></span> <span class='ocrx_word' id='word_1_329' title='bbox 1132 2411 1196 2441; x_wconf 77' lang='lat' dir='ltr'>rell.</span> 
     </span>
    </p>
   </div>
   <div class='ocr_carea' id='block_1_9' title="bbox 1688 2438 1697 2734">
    <p class='ocr_par' dir='ltr' id='par_1_11' title="bbox 1688 2438 1697 2734">
     <span class='ocr_line' id='line_1_42' title="bbox 1688 2438 1697 2734; textangle 90"><span class='ocrx_word' id='word_1_330' title='bbox 1688 2438 1697 2734; x_wconf 32' lang='grc' dir='ltr'>μῆ-ωῄ-ῃᾼ,</span> 
     </span>
    </p>
   </div>
  </div>
 </body>
</html>
