1715 2734
121 65 164 92 21
185 69 222 101 51
552 56 609 93 M.
640 55 810 93 TVLLI
841 54 1148 95 CICERONIS

181 166 277 205 mini
308 167 478 206 familiae
514 168 793 206 Marcellorum
833 166 1002 206 maxima
1032 168 1235 207 voluntate
1273 167 1510 208 tribuebant.

182 232 432 271 Mithridates
471 232 511 270 in
550 232 656 279 Asia,
697 245 788 271 cum
828 245 915 270 eam
954 232 1196 283 provinciam
1236 241 1360 272 totam
1399 247 1513 273 occu-

180 305 320 346 passet,
355 297 491 336 Mucia
524 311 605 336 non
640 296 806 335 sustulit.
885 297 1036 344 Hostis,
1069 305 1107 336 et
1141 297 1265 337 hostis
1299 298 1339 336 in
1373 300 1512 338 ceteris

179 363 295 401 rebus
335 362 451 400 nimis
486 363 589 401 ferus
628 369 666 400 et
704 361 899 409 immanis,
936 369 1069 401 tamen
1108 363 1300 401 honorem
1340 363 1512 403 hominis

179 428 344 466 deorum
377 428 563 478 religione
595 435 869 466 consecratum
901 426 1046 466 violare
1076 427 1229 466 noluit:
1272 435 1314 466 tu
1354 430 1513 478 Syracu·
1535 444 1551 475 5

179 506 295 531 sanos
328 506 451 531 unum
482 492 588 531 diem
619 493 762 530 festum
794 491 993 530 Marcellis
1023 491 1220 547 impertire
1249 492 1420 539 noluisti,
1445 506 1513 543 per

180 571 279 607 quos
304 557 356 595 illi
387 558 519 607 adepti
548 565 638 596 sunt
666 565 708 594 ut
735 563 885 594 ceteros
913 557 997 595 dies
1018 557 1137 594 festos
1156 556 1302 606 agitare
1322 559 1513 607 possent?

117 639 157 670 52
180 625 233 661 At
253 636 346 661 vero
375 624 627 677 praeclarum!
647 621 753 661 diem
781 621 855 660 illis
882 621 1088 671 reposuisti
1109 621 1246 660 Verria
1272 630 1314 660 ut
1340 630 1510 672 agerent,

179 696 217 726 et
249 695 290 726 ut
321 689 371 726 ad
403 701 494 725 eum
528 687 634 726 diem
665 700 767 737 quae
796 686 914 725 sacris
943 686 1148 737 epulisque
1177 700 1277 737 opus
1312 696 1442 726 essent
1471 687 1511 726 in

177 752 391 803 compluris
423 766 550 791 annos
579 754 824 791 locarentur!
884 754 970 791 Iam
1006 753 1045 790 in
1080 759 1189 789 tanta
1218 751 1328 790 istius
1358 752 1512 803 impud-
1535 767 1573 788 10

178 818 284 856 entia
304 817 583 856 remittendum
606 817 756 867 aliquid
777 816 941 864 videtur,
964 829 1015 854 ne
1044 816 1179 855 omnia
1208 818 1508 865 contendamus,

179 897 227 921 ne
249 882 383 922 omnia
403 896 494 921 cum
524 884 662 922 dolore
690 895 804 933 agere
832 881 1045 921 videamur.
1106 883 1210 919 Nam
1239 895 1302 920 me
1329 882 1413 921 dies
1438 897 1513 921 vox

177 950 297 987 latera
317 948 514 995 deficiant,
537 949 567 986 si
590 949 666 986 hoc
687 961 794 986 nunc
815 946 1017 986 vociferari
1037 946 1166 993 velim,
1186 960 1305 997 quam
1327 947 1512 986 miserum

177 1014 465 1064 indignumque
490 1012 538 1051 sit
568 1012 678 1052 istius
705 1013 868 1052 nomine
893 1012 1001 1062 apud
1028 1025 1096 1050 eos
1123 1011 1230 1050 diem
1257 1013 1400 1050 festum
1428 1026 1513 1052 esse

178 1079 245 1130 qui
273 1094 314 1118 se
342 1079 452 1118 istius
473 1092 593 1129 opera
619 1078 796 1117 funditus
824 1077 1037 1116 exstinctos
1061 1090 1148 1115 esse
1172 1076 1415 1115 arbitrentur.
1476 1078 1513 1117 O
1537 1091 1572 1122 15

179 1145 315 1184 Verria
335 1146 556 1196 praeclara!
587 1157 668 1194 quo
696 1142 911 1191 accessisti,
939 1155 1099 1193 quaeso,
1123 1155 1204 1192 quo
1232 1156 1313 1181 non
1339 1142 1514 1181 attuleris

179 1219 310 1250 tecum
358 1210 477 1249 istum
525 1208 665 1248 diem?
722 1208 881 1247 Etenim
927 1221 1047 1258 quam
1093 1215 1135 1246 tu
1177 1208 1354 1254 domum,
1395 1222 1514 1258 quam

180 1277 318 1315 urbem
356 1274 483 1322 adisti,
521 1275 630 1325 quod
669 1275 804 1312 fanum
843 1272 1029 1323 denique,
1066 1273 1176 1322 quod
1215 1286 1295 1311 non
1334 1286 1514 1312 eversum

179 1350 298 1392 atque
333 1348 528 1380 extersum
562 1339 796 1390 reliqueris?
853 1340 986 1387 Quare
1018 1339 1265 1388 appellentur
1303 1352 1398 1377 sane
1442 1339 1515 1377 ista

180 1409 326 1454 Verria,
351 1420 453 1457 quae
475 1419 554 1444 non
577 1419 624 1444 ex
644 1404 806 1444 nomine
833 1405 903 1443 sed
928 1417 974 1442 ex
1002 1404 1185 1442 manibus
1206 1411 1424 1455 naturaque
1448 1412 1515 1443 tua
1536 1419 1574 1440 20

181 1474 395 1512 constituta
415 1485 500 1510 esse
521 1470 736 1509 videantur.

237 1539 369 1588 Quam
390 1537 503 1576 facile
524 1544 652 1586 serpat
672 1535 813 1574 iniuria
832 1542 871 1574 et
897 1536 1090 1586 peccandi
1110 1536 1373 1582 consuetudo,
1394 1549 1513 1586 quam

180 1618 262 1643 non
292 1603 405 1642 facile
435 1601 675 1653 reprimatur,
697 1602 839 1648 videte,
863 1600 1023 1640 iudices.
1085 1601 1194 1639 Bidis
1224 1600 1417 1651 oppidum
1456 1609 1514 1640 est

179 1677 298 1708 tenue
318 1682 423 1715 sane,
447 1681 528 1706 non
552 1668 669 1716 longe
694 1680 717 1705 a
738 1667 947 1716 Syracusis.
1009 1666 1089 1704 Hic
1111 1667 1227 1716 longe
1253 1666 1401 1716 primus
1425 1666 1515 1705 civi-

180 1736 269 1773 tatis
290 1741 348 1773 est
369 1733 573 1784 Epicrates
593 1731 767 1782 quidam.
828 1731 937 1770 Huic
964 1731 1160 1770 hereditas
1184 1732 1255 1769 HS
1283 1731 1513 1782 quingento-
1534 1745 1548 1767 2
1556 1747 1572 1777 5

179 1813 265 1838 rum
300 1799 451 1837 milium
482 1805 640 1837 venerat
668 1811 691 1835 a
721 1797 883 1836 muliere
914 1798 1087 1847 quadam
1126 1796 1358 1847 propinqua,
1393 1804 1513 1847 atque

180 1866 232 1904 ita
271 1864 493 1915 propinqua
531 1871 584 1910 ut,
616 1876 661 1902 ea
693 1862 846 1901 etiamsi
879 1863 1060 1901 intestata
1092 1871 1194 1901 esset
1226 1870 1389 1908 mortua,
1423 1862 1514 1912 Epi-

179 1939 325 1969 cratem
348 1929 582 1968 Bidinorum
602 1927 754 1978 legibus
775 1929 962 1966 heredem
983 1941 1068 1966 esse
1089 1934 1296 1977 oporteret.
1355 1928 1512 1966 Recens

112 1521 163 1548 22

122 1581 161 1612 53

222 2044 241 2074 5
267 2033 492 2073 Syracusanis
510 2032 547 2062 ὁδ
664 2033 685 2062 6
709 2032 845 2063 vetuisti
861 2032 901 2061 πΙ)
1028 2041 1045 2070 7
1070 2031 1200 2069 agitare
1216 2030 1275 2061 cO¹
1291 2042 1298 2061 :
1323 2041 1426 2070 agere
1443 2031 1508 2063 rell.

180 2083 320 2117 possent
338 2078 378 2108 0¹
395 2089 400 2107 ε
426 2076 558 2117 possint
575 2075 638 2107 rell.
764 2076 784 2105 8
809 2076 874 2106 illis
889 2074 948 2106 cO¹
965 2087 972 2106 ε
996 2086 1062 2106 om.
1084 2075 1149 2105 rell.
1272 2084 1309 2113 13
1333 2075 1512 2106 vociferari

179 2123 247 2152 cO:
273 2132 345 2152 -are
365 2121 428 2151 rell.
557 2129 593 2158 15
618 2119 822 2150 arbitrantur
839 2119 869 2149 O
887 2120 934 2157 (ii.
958 2123 973 2156 ξ
995 2119 1068 2158 158)
1192 2119 1230 2148 16
1255 2128 1322 2157 quo
1339 2119 1510 2150 accessisti

179 2176 305 2205 quaeso
322 2165 456 2202 scripsi:
482 2174 549 2203 quo
562 2173 630 2194 acc.
647 2164 742 2202 quasi
759 2174 774 2193 c
789 2174 795 2193 :
821 2173 888 2193 acc.
905 2173 973 2202 quo
986 2162 1080 2201 quasi
1101 2161 1131 2192 O
1149 2172 1156 2191 :
1181 2171 1248 2200 quo
1262 2162 1358 2201 quasi
1375 2172 1446 2193 acc.
1461 2163 1508 2199 br,

180 2208 266 2239 unde
282 2208 470 2238 Lambinus
486 2218 551 2246 quo
569 2216 696 2246 quaeso
713 2216 781 2237 acc.
800 2217 807 2236 :
832 2217 898 2245 quo
914 2216 981 2236 om.
995 2211 1040 2246 pq
1170 2214 1206 2243 17
1232 2205 1331 2235 istum
1350 2210 1461 2236 tecum
1480 2206 1511 2237 O

180 2263 222 2283 20
248 2252 392 2282 moribus
409 2251 541 2281 Manat.
657 2260 698 2288 24
728 2250 792 2280 Hic
811 2248 937 2279 ONon.
955 2260 961 2279 :
986 2249 1122 2288 huiusp
1135 2248 1199 2278 rell.
1307 2258 1348 2286 25
1373 2249 1508 2288 quidam

181 2295 358 2335 Epicrates
377 2295 407 2325 O
422 2296 446 2332 (¹
458 2294 619 2334 pessime‚’
639 2292 804 2332 Zielinski,
820 2298 854 2333 p.
878 2292 954 2331 193)
1103 2292 1145 2321 28
1171 2301 1290 2322 recens
1309 2291 1338 2322 O
1354 2303 1360 2322 :
1388 2302 1509 2323 recens

181 2339 396 2378 Syracusana
415 2338 476 2369 rell.
