1715 2734
150 99 202 142 76
229 109 289 143 177
582 99 637 135 M.
671 98 839 135 TVLLI
871 98 1179 137 CICERONIS

221 208 338 257 gessit
365 209 638 249 hereditariam
670 217 931 259 quaesturam,
964 223 1054 248 cum
1086 225 1108 249 a
1135 211 1343 250 Dolabella
1372 226 1554 262 magnam

222 274 431 324 pecuniam
453 274 600 321 avertit,
621 275 690 312 sed
712 274 795 312 eius
817 274 1009 313 rationem
1030 289 1120 313 eum
1151 276 1407 314 damnatione
1439 279 1556 315 Dola-

222 339 347 378 bellae
375 339 612 390 permiscuit.
684 339 909 379 Commissa
939 348 996 378 est
1026 340 1193 390 pecunia
1222 348 1330 379 tanta
1361 341 1556 391 praetori,-

225 418 304 442 non
339 405 539 455 reperietis
575 404 778 443 hominem
818 405 956 443 timide
997 419 1071 444 nec
1105 406 1239 444 leviter
1278 407 1375 444 haec
1413 406 1555 456 impro—

220 470 379 508 bissima
403 472 509 508 lucra
537 469 828 519 ligurrientem3
856 472 1044 508 devorare
1068 484 1227 509 omnem
1256 471 1465 521 pecuniam
1487 484 1554 521 pu-
1574 490 1590 520 5

219 534 362 572 blicam
404 548 484 572 non
525 534 730 572 dubitavit.
792 536 853 572 Ita
887 535 1006 584 serpit
1039 535 1134 573 illud
1161 535 1319 573 insitum
1350 535 1388 572 in
1416 543 1552 573 natura

218 601 363 637 malum
404 599 691 638 consuetudine
730 599 921 649 peccandi
963 600 1095 647 libera,
1126 601 1243 638 finem
1284 608 1326 638 ut
1364 601 1553 639 audaciae

136 672 194 713 178
219 672 387 703 statuere
418 665 500 714 ipse
531 678 610 703 non
641 665 774 714 possit.
834 666 1011 703 Tenetur
1045 665 1160 715 igitur
1190 665 1416 715 aliquando,
1444 673 1481 703 et
1512 665 1550 703 in

216 730 331 768 rebus
362 743 452 767 cum
484 730 662 768 maximis
690 738 773 768 tum
802 730 1017 768 manifestis
1042 738 1220 778 tenetur3
1248 738 1367 780 atque
1396 731 1435 768 in
1463 744 1550 769 eam

216 796 392 833 fraudem
422 795 516 833 mihi
538 795 693 834 videtur
722 795 910 834 divinitus
935 795 1131 843 incidisse,
1154 809 1235 833 non
1262 797 1389 834 solum
1418 803 1460 834 ut
1483 808 1550 834 eas
1573 812 1611 834 10

216 873 362 910 poenas
394 874 491 910 quas
521 860 698 910 proxime
729 860 935 899 meruisset
961 862 1138 903 solveret,
1170 862 1239 899 sed
1270 868 1312 898 ut
1339 860 1403 898 illa
1431 860 1549 899 etiam

215 927 361 963 scelera
381 925 464 964 eius
486 925 524 963 in
542 926 767 965 Carbonem
790 933 827 964 et
849 925 888 963 in
911 926 1161 964 Dolabellam
1191 925 1492 964 vindicarentur.

145 994 194 1033 77
270 990 428 1028 Etenim
458 1004 562 1029 nova
591 1004 751 1040 quoque
790 990 865 1028 alia
904 1004 975 1037 res,
1012 990 1174 1038 iudices,
1211 991 1356 1029 exstitit
1394 991 1433 1029 in
1473 993 1550 1030 hoc

213 1055 385 1101 crimine,
423 1069 524 1105 quae
555 1057 665 1094 tollat
695 1069 857 1094 omnem
888 1055 1177 1095 dubitationem
1210 1055 1419 1106 superioris
1447 1056 1549 1095 illius

211 1120 423 1159 decumani
463 1121 646 1159 criminis.
708 1123 812 1159 Nam
852 1129 895 1160 ut
933 1122 1031 1160 illud
1070 1122 1234 1160 missum
1273 1122 1424 1169 faciam,
1466 1136 1606 1173 per-15

212 1187 356 1224 multos
386 1194 556 1226 aratores
587 1186 627 1224 in
656 1188 795 1225 alteras
825 1188 1013 1226 decumas
1043 1195 1081 1226 et
1111 1187 1150 1225 in
1181 1189 1279 1226 haec
1308 1199 1414 1226 DCCC
1441 1187 1548 1226 milia

211 1251 401 1299 modium,
436 1253 545 1302 quod
578 1260 755 1302 emptum
785 1254 935 1303 populo
965 1255 1151 1291 Romano
1178 1254 1327 1299 darent,
1362 1266 1443 1291 non
1482 1254 1546 1291 ha-

210 1317 352 1364 buisse,
376 1325 413 1355 et
434 1331 456 1355 a
477 1325 546 1355 tuo
567 1325 829 1367 procuratore,
853 1319 929 1356 hoc
951 1326 1008 1356 est
1029 1318 1080 1356 ab
1100 1318 1290 1368 Apronio,
1320 1318 1472 1365 emisse,
1499 1331 1546 1356 ex

209 1395 290 1432 quo
322 1381 493 1432 intellegi
525 1390 655 1432 potest
684 1382 781 1420 nihil
811 1390 849 1421 te
878 1382 1095 1421 aratoribus
1125 1383 1262 1432 reliqui
1292 1383 1544 1431 fecisse‚—-ut

210 1448 284 1485 hoc
312 1455 562 1497 praeteream,
591 1449 700 1497 quod
728 1449 940 1485 multorum
963 1456 1021 1485 est
1042 1447 1277 1485 testimoniis
1307 1447 1539 1498 expositum,
1564 1467 1603 1488 20

209 1520 337 1562 potest
372 1512 438 1550 illo
460 1512 674 1562 quicquam
698 1526 783 1550 esse
805 1512 958 1559 certius,
982 1512 1020 1550 in
1044 1521 1110 1550 tua
1131 1520 1324 1562 potestate
1353 1521 1473 1563 atque
1503 1514 1541 1551 in

207 1577 283 1615 tuis
313 1577 460 1615 horreis
492 1591 611 1615 omne
645 1579 883 1616 frumentum
910 1578 1064 1616 Siciliae
1091 1592 1159 1627 per
1186 1578 1395 1616 triennium
1424 1586 1542 1629 atque

127 1655 187 1687 ¹79
209 1642 336 1681 omnis
358 1644 505 1680 fructus
526 1643 605 1693 agri
629 1642 840 1681 decumani
863 1642 1014 1681 fuisse?
1072 1644 1175 1682 Cum
1206 1643 1310 1685 enim
1339 1657 1362 1681 a
1382 1644 1542 1682 eivitati—

207 1708 279 1746 bus
302 1722 371 1758 pro
393 1710 589 1746 frumento
612 1708 820 1758 pecuniam
843 1708 1035 1758 exigebas,
1061 1710 1167 1746 unde
1195 1717 1275 1746 erat
1299 1710 1539 1748 frumentum

207 1775 313 1823 quod
340 1775 507 1811 Romam
531 1773 714 1819 mitteres,
739 1774 769 1811 si
792 1782 831 1812 tu
855 1774 893 1812 id
925 1788 1004 1811 nou
1027 1788 1145 1812 omne
1166 1775 1342 1812 clausum
1371 1782 1408 1813 et
1435 1788 1539 1813 com-
1561 1790 1599 1822 ²5

207 1852 382 1888 pressum
415 1839 677 1888 possidebas?
736 1841 797 1877 Ita
826 1839 865 1876 in
899 1853 946 1877 eo
975 1840 1170 1877 frumento
1205 1839 1352 1889 primus
1378 1839 1447 1877 tibi
1476 1840 1540 1878 ille

206 1912 390 1953 quaestus
411 1911 491 1942 erat
513 1903 640 1953 ipsum
664 1905 918 1951 frumentum,
939 1905 1048 1953 quod
1076 1911 1156 1942 erat
1177 1911 1354 1953 ereptum
1381 1905 1433 1942 ab
1461 1918 1540 1942 ara-

206 1969 365 2015 toribus,
387 1970 493 2015 altcr‚
518 1970 625 2018 quod
654 1970 893 2006 frumentum
923 1968 1213 2017 improbissime
1240 1983 1307 2018 per
1328 1969 1536 2007 triennium

206 2042 359 2083 partum
389 2048 468 2072 non
504 2035 624 2072 semel
653 2035 721 2072 sed
750 2033 819 2079 bis,
853 2047 982 2083 neque
1013 2047 1092 2071 uno
1122 2035 1191 2071 sed
1222 2034 1379 2071 duobus
1407 2034 1538 2084 pretiis

206 2112 328 2136 unum
350 2106 386 2137 et
408 2099 513 2137 idem
550 2100 789 2136 frumentum
819 2098 1042 2144 vendidisti,
1067 2100 1186 2136 semel
1216 2098 1438 2137 civitatibus
1466 2101 1536 2138 HS
1557 2113 1597 2144 30

252 2211 264 2230 1
292 2201 369 2231 acO
387 2212 394 2231 z
419 2212 485 2231 om.
501 2206 524 2241 p
542 2201 606 2232 rell.
731 2202 752 2231 6
777 2201 809 2230 in
828 2212 892 2231 om.
914 2200 945 2230 O
1066 2211 1082 2240 7
1108 2201 1270 2231 audaciae
1288 2207 1323 2231 ut
1343 2201 1373 2231 O
1501 2212 1536 2231 io

206 2246 338 2274 videtui·
355 2246 435 2275 mihi
451 2246 585 2275 videtur
604 2245 634 2275 O
805 2255 843 2283 13
869 2245 932 2275 iud.
947 2250 995 2284 p:
1021 2245 1195 2274 iudicanda
1208 2246 1246 2284 p'·'
1371 2245 1485 2275 existit
1505 2245 1535 2275 Ο

211 2298 246 2326 ¹5
271 2289 447 2328 decumap
465 2288 659 2329 (decumani
675 2287 725 2327 ρι’)
876 2298 916 2326 23
941 2299 958 2317 a
975 2299 1040 2318 om.
1064 2287 1093 2316 Ο
1234 2298 1274 2325 25
1298 2298 1397 2318 omne
1417 2299 1481 2318 non
1503 2289 1533 2318 O

206 2342 244 2370 :27
272 2333 376 2370 ipsum
397 2332 601 2362 frumentum
621 2332 666 2361 (O
686 2343 692 2362 :
717 2332 784 2361 -ius
804 2331 841 2360 -ti
856 2337 879 2370 p
897 2332 959 2362 wll.
1118 2331 1159 2361 28
1185 2331 1387 2362 frumentum
1406 2332 1476 2362 cO:
1500 2333 1534 2363 id

206 2375 302 2405 frum.
317 2381 340 2414 j}
359 2376 422 2406 rell.
514 2387 574 2414 per
592 2376 771 2405 triennium
790 2376 837 2404 c()
855 2387 860 2404 :
885 2386 948 2406 om.
966 2380 989 2414 j,
1007 2374 1070 2405 rell.

1698 2449 1705 2734 -ῌᾈ--μᾼ
1703 2430 1705 2435 .
1702 2145 1709 2408 ,ἡψ-
