1715 2734
136 67 188 104 33
209 72 248 104 77
577 59 633 96 Μ.
665 59 832 96 TVLLI
865 59 1171 97 CICERONIS

209 170 290 208 Hic
329 170 531 219 Aeschrio,
581 170 702 221 Pipae
740 170 797 208 vir
842 170 1109 218 adumbratus,
1150 169 1191 208 in
1226 169 1534 208 Herbitensibus

207 236 384 274 decumis
424 250 549 275 novus
588 235 801 274 instituitur
839 235 1084 285 publicanus.
1145 235 1404 274 Herbitenses
1442 248 1532 272 cum

206 300 394 348 viderent,
436 302 466 339 si
514 303 565 339 ad
609 301 896 340 Aeschrionem
937 301 1105 350 pretium
1144 300 1367 348 resedisset,
1404 314 1445 338 se
1483 301 1534 338 ad

205 366 407 404 arbitrium
432 366 778 404 libidinosissimae
807 365 979 404 mulieris
1009 366 1219 416 spoliatum
1242 365 1296 412 iri,
1318 365 1414 404 liciti
1443 372 1535 402 sunt

206 445 332 481 usque
361 433 462 470 adeo
492 433 624 481 quoad
655 445 696 470 se
725 432 878 470 efficere
908 444 1024 481 posse
1053 431 1350 469 arbitrabantur.
1409 432 1536 480 Supra
1555 446 1572 477 5

205 496 349 534 adiecit
372 497 562 535 Aeschrio
582 512 591 544 ;
621 510 750 546 neque
772 496 877 534 enim
900 497 1113 542 metuebat,
1137 510 1186 534 ne
1214 504 1391 546 praetore
1412 498 1534 534 Verre

206 562 428 599 decumana
467 561 604 600 mulier
643 563 791 599 damno
829 561 945 599 adfici
995 569 1137 611 posset.
1207 561 1419 614 Addicitur
1456 575 1534 599 me-

204 626 386 664 dimnum
421 628 533 673 We,
565 626 731 664 dimidio
766 627 844 664 fere
876 626 995 676 pluris
1027 639 1145 675 quam
1182 625 1380 674 superiore
1413 638 1530 662 anno.

205 693 388 729 Aratores
411 691 586 729 funditus
608 691 895 735 evertebantur,
916 698 955 728 et
980 704 1028 728 eo
1051 690 1172 740 magis
1194 691 1302 739 quod
1324 689 1400 727 iam
1421 704 1532 739 supe-

204 756 369 793 rioribus
403 755 516 793 annis
547 755 694 793 adflicti
735 763 844 793 erant
876 769 922 793 ac
957 768 1082 804 paene
1120 753 1276 804 perditi.
1336 755 1531 792 Intellexit
1554 769 1593 791 10

203 820 275 858 iste
296 820 349 858 ita
370 834 513 870 magno
534 821 686 858 venisse
707 828 748 858 ut
768 820 936 870 amplius
956 821 1007 857 ab
1035 819 1342 858 Herbitensibus
1371 819 1532 869 exprimi

204 900 284 924 non
306 894 438 936 posset
458 901 465 924 t
496 886 618 924 demit
643 887 694 924 de
721 886 848 936 capite
879 885 1080 924 medimna
1100 897 1165 931 DC,
1188 885 1297 924 iubet
1317 883 1359 922 in
1380 885 1532 923 tabulas

203 965 273 1001 pro
294 952 540 990 medimnum
562 952 663 989 Vmc
683 951 813 989 referri
834 953 933 989 ffin.

130 1005 182 1074 {4
259 1016 412 1055 Hordei
434 1018 622 1055 decumas
643 1015 821 1054 eiusdem
841 1016 921 1066 agri
944 1016 1137 1054 Docimus
1158 1023 1315 1054 emerat.
1375 1016 1454 1054 Hic
1476 1023 1533 1054 est

143 1074 153 1097 Ι
205 1081 396 1119 Docimus
410 1083 460 1120 ad
475 1095 593 1131 quem
608 1081 679 1119 iste
696 1081 1260 1128 deduxeratTertiam,Isidori
1275 1080 1385 1118 mimi
1400 1081 1530 1129 filiam,
1557 1097 1593 1128 15

202 1145 238 1184 vi
259 1147 473 1184 abductam
493 1146 544 1184 ab
567 1145 729 1184 Rhodio
750 1145 921 1184 tibicine.
975 1145 1108 1183 Huius
1129 1145 1286 1183 Tertiae
1306 1147 1393 1195 plus
1414 1145 1532 1183 etiam

202 1225 321 1261 quam
344 1212 475 1261 Pipae,
499 1213 586 1261 plus
607 1225 726 1261 quam
759 1218 987 1258 ceterarum,
1011 1224 1057 1249 ac
1077 1224 1200 1261 prope
1220 1210 1351 1248 dicam
1379 1218 1532 1248 tantum

200 1278 308 1326 apud
339 1277 456 1315 istum
484 1276 523 1314 in
545 1275 738 1314 Siciliensi
759 1284 938 1326 praetura
958 1275 1170 1313 auctoritas
1191 1275 1319 1325 potuit
1340 1284 1532 1325 quantum

204 1343 243 1381 in
286 1343 436 1381 urbana
474 1342 717 1381 Chelidonis.
779 1341 955 1379 Veniunt
994 1341 1203 1379 Herbitam
1234 1342 1315 1379 duo
1344 1341 1532 1391 praetoris

201 1409 344 1447 aemuli
368 1422 448 1446 non
478 1407 644 1455 molesti,
669 1407 986 1445 muliercularum
1011 1406 1307 1445 deterrimarum
1329 1406 1532 1456 improbis·
1554 1422 1594 1443 20

202 1474 289 1512 simi
320 1474 564 1524 cognitores,
595 1472 787 1523 incipiunt
818 1474 1027 1522 postulare,
1059 1485 1231 1522 poscere,
1256 1471 1421 1519 minari,
1451 1486 1531 1510 non

201 1547 380 1590 poterant
401 1548 543 1585 tamen,
566 1552 656 1577 cum
678 1546 877 1588 cuperent,
894 1537 1115 1587 Apronium
1137 1537 1277 1574 imitari
1296 1552 1306 1585 ;
1336 1537 1454 1575 Siculi
1480 1537 1533 1575 si-

203 1607 313 1643 culos
328 1619 407 1642 non
424 1612 503 1642 tam
519 1603 860 1654 pertimescebant.
908 1603 1011 1640 Cum
1028 1601 1137 1640 omni
1154 1601 1304 1639 ratione
1325 1609 1457 1640 tamen
1479 1602 1532 1640 illi

202 1670 543 1715 calumniarentur,
572 1668 806 1719 promittunt
834 1667 1095 1706 Herbitenses
1124 1667 1395 1705 vadimonium
1426 1669 1533 1717 Syra-

202 1750 327 1774 cusas.
387 1737 447 1773 Eo
477 1742 735 1785 posteaquam
766 1740 928 1771 ventum
958 1740 1026 1779 est,
1064 1741 1257 1782 coguntur
1286 1732 1531 1779 Aeschrioni,
1555 1751 1591 1782 25

203 1803 279 1839 hoc
297 1808 354 1839 est
370 1800 499 1849 Pipae,
518 1807 670 1837 tantum
686 1800 779 1837 dare
797 1806 988 1848 quantum
1007 1805 1088 1836 erat
1102 1799 1151 1836 de
1169 1797 1296 1847 capite
1312 1799 1531 1846 demptum,

203 1866 318 1904 tritici
358 1864 535 1902 modium
574 1867 687 1902 irinc.
755 1863 1014 1902 Mulierculae
1053 1862 1289 1913 publicanae
1327 1861 1453 1900 noluit
1487 1876 1534 1900 ex

202 1929 380 1969 decumis
403 1929 567 1967 nimium
586 1929 680 1968 lucri
702 1930 807 1976 dare,
824 1943 874 1967 ne
889 1931 990 1967 forte
1002 1929 1053 1966 ab
1070 1937 1267 1967 nocturno
1281 1940 1355 1966 suo
1365 1935 1532 1978 quaestu

141 2007 181 2044 79
201 1996 377 2035 animum
408 1997 458 2034 ad
487 1995 691 2045 vectigalia
717 1994 951 2033 redimenda
980 1996 1212 2033 transferret.
1272 1995 1530 2031 'l‘ransactum

202 2061 394 2111 putabant
418 2060 687 2105 Herbitenses,
712 2074 802 2097 cum
825 2060 910 2101 istc,
934 2059 1096 2108 ‘Quid?
1125 2060 1174 2097 de
1197 2059 1370 2103 hordeo‚'
1392 2057 1529 2107 inquit,
1552 2074 1595 2104 30

246 2177 265 2205 3
291 2165 473 2196 resedisset
496 2164 555 2194 VO
574 2176 579 2194 :
607 2165 786 2203 redissetp
805 2165 868 2196 rrll.
1020 2174 1039 2203 5
1064 2174 1169 2202 usque
1187 2164 1271 2194 adeo
1296 2163 1344 2193 V:
1371 2173 1477 2202 usque
1495 2174 1534 2193 eo

197 2215 221 2249 j>
241 2209 306 2239 rell.
383 2209 573 2247 Supraiecit
593 2209 622 2237 Ο
642 2209 747 2239 Aras.
770 2208 865 2238 ,llessx
1006 2218 1022 2246 7
1049 2209 1136 2237 med.
1157 2206 1243 2236 Ἧι·
1261 2207 1308 2237 cO
1328 2218 1334 2236 :
1361 2206 1536 2236 medimnis

201 2267 230 2285 00
244 2266 273 2286 00
289 2257 311 2291 p
424 2263 445 2290 9
470 2257 502 2281 et
520 2262 560 2281 co
578 2251 664 2281 codd.
680 2255 809 2291 praetr)-
828 2252 857 2280 1'
872 2252 983 2291 (ειάεοΧ
1108 2261 1142 2288 14
1167 2256 1312 2281 emerat.
1329 2274 1335 2281 .
1352 2274 1358 2280 .
1376 2250 1536 2280 Docimus

202 2295 252 2325 s.l.
268 2296 303 2334 ji*
429 2306 468 2325 22
494 2295 613 2324 imitari
632 2294 818 2333 Apronium
839 2296 868 2323 ί)
890 2298 922 2333 (ξ
943 2304 1006 2333 213
1024 2294 1131 2333 iufra)
1269 2304 1310 2332 23
1335 2299 1399 2323 tam
1419 2303 1484 2324 om.
1510 2292 1541 2322 V

203 2338 249 2368 illi
269 2345 379 2369 tamen
403 2339 433 2367 O
555 2349 597 2377 30
621 2337 734 2375 Quid?
762 2338 875 2368 Mm‘ll.
897 2341 950 2376 (ἐξ
973 2338 1045 2376 128,
1068 2347 1127 2376 139
1144 2338 1248 2377 ιἰψτι)
1267 2349 1272 2367 :
1298 2338 1366 2366 sine
1382 2337 1533 2375 interrog.

203 2383 292 2421 vulg.
