1715 2734
121 803 155 822 10

113 1454 152 1474 20

176 96 443 135 ACTIONIS
467 97 526 134 IN
549 97 594 134 C.
616 97 856 134 VERREM
879 97 1176 135 SECVNDAE
1200 98 1303 134 LIB.
1329 97 1393 134 III
1450 97 1505 143 36
1524 103 1564 142 83

175 207 335 245 abstulit
368 220 419 244 an
450 206 599 256 turpius
633 206 824 244 meretrici
861 206 970 245 dedit
1008 219 1058 244 an
1099 205 1315 256 improbius
1356 208 1507 256 populo

177 273 361 309 Romano
381 271 528 309 ademit
547 284 597 308 an
624 271 812 309 audacius
841 272 992 309 tabulas
1014 271 1190 320 publicas
1218 271 1505 309 commutavit?

177 336 236 372 Ex
265 337 404 373 horum
437 335 640 373 severitate
676 343 714 373 te
749 338 827 373 ulla
857 336 913 373 vis
944 335 1079 385 eripiet
1115 343 1181 373 aut
1217 337 1295 373 ulla
1322 335 1504 386 largitio?

177 402 268 438 Non
308 399 453 449 eripiet.
516 401 593 438 Sed
629 399 658 437 si
695 400 886 450 eripuerit,
931 414 1011 438 non
1046 399 1237 448 intellegis
1274 401 1370 438 haec
1402 413 1503 449 quae

176 464 251 502 iam
277 465 428 502 dudum
459 466 598 514 loquor
627 466 677 502 ad
708 465 823 502 aliam
856 464 1126 514 quaestionem
1160 471 1279 513 atque
1308 466 1359 502 ad
1389 478 1503 514 pecu-

175 530 274 566 latus
296 528 483 566 iudicium
506 529 728 579 pertinere?
786 531 925 578 Itaque
948 530 1025 566 hoc
1042 528 1137 566 mihi
1158 529 1363 566 reservabo
1379 542 1502 578 genus
1524 532 1564 571 84

175 601 301 631 totum
336 594 555 643 integrum:
586 596 637 632 ad
668 595 772 632 illam
804 608 923 644 quam
956 593 1103 632 institui
1130 606 1289 631 causam
1319 594 1501 632 frumenti

174 672 219 696 ac
239 660 493 696 decumarum
515 667 690 697 revertar.

230 723 309 771 Qui
341 737 431 761 cum
462 737 574 773 agros
612 724 802 762 maximos
838 732 876 763 et
908 723 1166 762 feracissimos
1192 737 1260 774 per
1292 737 1332 762 se
1358 724 1497 774 ipsum,

175 789 251 825 hoc
280 795 338 825 est
364 802 432 838 per
452 788 682 838 Apronium,
708 791 871 827 Verrem
902 790 1078 835 alterum,
1113 790 1427 838 depopularetur,
1450 790 1500 827 ad

175 851 344 889 minores
365 852 540 890 civitates
572 853 743 891 habebat
769 853 865 891 alios
888 866 987 902 quos
1010 860 1211 902 tamquam
1233 852 1340 890 canis
1361 852 1501 891 immit-

174 925 283 964 teret,
305 931 474 967 nequam
496 918 676 956 homines
698 926 736 956 et
758 918 973 968 improbOS,
994 918 1137 968 quibus
1166 925 1232 956 aut
1260 920 1498 956 frumentum

173 990 239 1020 aut
273 982 482 1032 pecuniam
515 983 672 1032 publice
705 984 870 1033 cogebat
905 982 997 1021 dari.
1057 985 1104 1020 A.
1136 982 1342 1020 Valentius
1372 991 1430 1021 est
1459 982 1498 1020 in
1520 991 1569 1030 37

175 1046 305 1084 Sicilia
353 1046 552 1096 interpres,
603 1061 682 1096 quo
730 1047 802 1085 iste
852 1047 1060 1097 interprete
1109 1060 1189 1085 non
1236 1049 1287 1085 ad
1326 1047 1497 1097 linguam

176 1113 379 1157 Graecam,
403 1113 472 1149 sed
502 1113 553 1149 ad
583 1113 682 1149 furta
711 1119 749 1150 et
779 1112 923 1162 flagitia
953 1112 1008 1150 uti
1036 1114 1198 1151 solebat.
1259 1113 1321 1150 Fit
1351 1113 1415 1151 hic
1445 1113 1499 1151 in-

173 1184 330 1226 terpres,
354 1178 475 1215 homo
503 1177 596 1215 levis
623 1186 741 1227 atque
768 1191 898 1227 egens,
924 1186 1084 1227 repente
1106 1179 1375 1226 decumanus,
1404 1179 1498 1217 emit

171 1241 250 1290 agri
272 1241 494 1291 Liparensis
516 1242 644 1280 miseri
666 1250 784 1292 atque
806 1235 1136 1280 ieiuni'decumas
1154 1242 1268 1280 tritici
1288 1243 1497 1281 medimnis

172 1318 235 1344 Dc.
295 1306 527 1356 Liparenses
549 1315 763 1354 vocantur,
792 1307 865 1357 ipsi
887 1307 1065 1357 accipere
1090 1309 1278 1346 decumas
1305 1316 1342 1346 et
1364 1322 1497 1346 nume-

171 1386 253 1410 rare
282 1372 466 1410 Valentio
501 1381 693 1422 coguntur
722 1372 817 1410 lucri
850 1375 920 1410 HS
952 1376 1051 1410 ffi.
1114 1375 1186 1411 Per
1216 1375 1312 1411 deos
1342 1373 1496 1412 immor-

171 1437 268 1483 talis,
291 1445 420 1475 utrum
449 1437 519 1475 tibi
549 1452 680 1476 sumes
707 1439 758 1476 ad
787 1438 1070 1485 defensionem,
1095 1446 1256 1476 tantone
1278 1438 1438 1476 minoris
1459 1446 1497 1477 te

170 1503 357 1540 decumas
396 1502 620 1541 vendidisse
660 1511 702 1540 ut
741 1504 792 1541 ad
833 1503 1035 1541 medimna
1073 1515 1127 1541 Dc
1168 1504 1238 1541 HS
1271 1504 1362 1540 555}
1401 1504 1495 1541 lucri

169 1566 298 1604 statim
329 1581 398 1605 sua
427 1569 627 1605 voluntate
663 1568 798 1606 civitas
831 1569 1005 1615 adderet,
1039 1570 1114 1606 hoc
1143 1576 1199 1606 est
1232 1567 1345 1605 tritici
1376 1568 1495 1606 medi-

169 1645 305 1669 mnum
328 1636 368 1678 1—1,
387 1647 450 1679 an,
465 1647 554 1671 cum
571 1646 713 1682 magno
730 1635 918 1671 decumas
935 1634 1189 1679 vendidisses,
1210 1641 1247 1671 te
1261 1634 1494 1683 expressisse

169 1698 219 1735 ab
246 1697 375 1735 invitis
406 1698 684 1747 Liparensibus
710 1700 811 1736 hanc
836 1698 1078 1748 pecuniam?
1135 1700 1213 1736 Sed
1239 1700 1334 1747 quid
1355 1712 1428 1748 ego
1447 1713 1493 1737 ex
1515 1707 1555 1746 85

108 1775 146 1806 25
170 1770 207 1800 te
241 1776 386 1812 quaero
420 1764 515 1813 quid
556 1766 785 1802 defensurus
825 1764 887 1811 sis,
929 1764 1059 1814 potius
1098 1778 1216 1814 quam
1256 1777 1492 1813 cognoscam

168 1841 214 1865 ex
252 1827 336 1877 ipsa
375 1828 529 1866 civitate
570 1829 665 1878 quid
704 1837 857 1879 gestum
897 1829 975 1868 sit?
1043 1829 1182 1868 Recita
1222 1828 1490 1867 testimonium

166 1892 367 1941 publicum
409 1893 690 1942 Liparensium,
729 1894 874 1933 deinde
906 1908 1023 1944 quem
1058 1895 1109 1932 ad
1143 1895 1307 1931 modum
1339 1894 1489 1932 nummi

165 1957 348 1995 Valentio
378 1957 454 1995 sint
482 1959 572 1996 dati.
634 1961 935 1997 TEs'mMONivm
968 1971 1187 1996 Pvssmcvm.
1247 1960 1340 2007 Qvo
1370 1971 1489 1997 MODO

166 2034 353 2059 SOLVTVM
385 2035 456 2068 SIT,
489 2035 545 2060 Ex
583 2035 770 2062 LITTERIS
805 2037 997 2062 PVBLicis.
1061 2024 1243 2062 Etiamne
1276 2025 1374 2061 haec
1408 2031 1487 2062 tam

104 2098 143 2127 30
165 2101 281 2136 parva
300 2088 445 2134 civitas,
471 2096 550 2126 tam
578 2091 712 2142 procul
734 2103 756 2127 a
776 2091 958 2128 manibus
986 2090 1061 2128 tuis
1092 2098 1209 2139 atque
1230 2103 1252 2127 a
1272 2098 1486 2139 conspectu

207 2202 236 2229 3,
257 2203 274 2229 4
302 2192 446 2230 eripiat.
469 2216 476 2223 .
499 2217 505 2223 .
527 2193 626 2230 eripit
647 2194 676 2223 O
828 2205 843 2232 7
870 2199 974 2224 totum
996 2195 1158 2231 integrum
1184 2193 1243 2223 VO
1263 2205 1268 2223 :
1302 2193 1358 2223 int.
1380 2197 1484 2223 totum

158 2239 183 2274 p
200 2235 262 2265 rell.
399 2245 420 2273 9
445 2241 477 2265 et
500 2235 581 2265 VO:
606 2247 642 2266 ac
657 2242 679 2276 s>
697 2237 762 2267 rell.
917 2249 953 2276 15
980 2238 1032 2268 hic
1051 2239 1217 2276 interpres
1242 2236 1323 2266 VO:
1351 2237 1409 2267 int.
1432 2237 1484 2266 hic

158 2277 265 2358 ,ίὶᾴὲῖή
281 2330 333 2349 om
359 2288 399 2349 25
424 2278 510 2308 med'
532 2279 622 2319 qu:
649 2281 731 2309 mod'
752 2284 803 2319 (stt
818 2281 838 2312 l.
861 2285 917 2320 21)
939 2280 988 2310 Or
1074 2291 1117 2319 30
1141 2292 1159 2310 a
1179 2284 1267 2319 (ante
1282 2279 1483 2319 conspectu)
