1715 2734
133 105 401 146 ACTIONIS
424 105 484 143 IN
507 104 551 144 C.
574 105 813 142 VERREM
835 104 1132 142 SECVNDAE
1155 104 1258 141 LIB.
1283 104 1342 140 IV
1409 113 1458 149 52

133 215 229 253 mari
259 213 455 253 disiuncta
486 220 663 263 angusto,
699 220 818 263 ponte
848 226 977 250 rursus
1009 211 1234 262 adiungitur
1265 219 1303 249 et
1337 211 1458 249 conti-

131 287 254 318 netur.
316 281 374 317 Ea
403 285 511 316 tanta
539 285 597 316 est
627 277 717 315 urbs
745 285 787 315 ut
811 291 857 315 ex
884 284 1069 326 quattuor
1095 276 1257 314 urbibus
1279 275 1457 313 maximis
1476 267 1528 304 53

131 352 309 382 constare
344 342 521 389 dicatur3
551 355 715 392 quarum
755 355 833 380 una
871 349 928 379 est
967 354 1012 379 ea
1044 354 1162 391 quam
1194 340 1273 379 dixi
1310 342 1455 387 Insula,

130 421 232 457 quae
266 408 423 445 duobus
458 406 635 456 portibus
667 407 796 445 cincta
830 407 869 444 in
901 405 1103 456 utriusque
1143 413 1277 455 portus
1312 406 1455 443 ostium

93 487 110 517 5
130 471 360 521 aditumque
390 471 562 521 proiecta
588 479 673 518 est3
703 471 742 508 in
772 484 851 521 qua
879 472 1022 509 domus
1053 478 1110 508 est
1140 483 1241 520 quae
1268 470 1456 508 Hieronis

129 536 227 586 regis
248 535 329 582 fuit,
353 549 431 585 qua
451 543 648 585 praetores
669 535 724 573 uti
746 537 883 573 solent.
945 537 993 573 In
1009 549 1055 574 ea
1075 542 1165 573 sunt
1185 536 1304 573 aedes
1325 549 1456 574 sacrae

129 602 361 650 complures,
385 601 455 639 sed
476 601 578 639 duae
599 614 700 650 quae
722 602 837 650 longe
858 600 996 639 ceteris
1017 601 1265 646 antecellant,
1291 600 1454 647 Dianae,

128 672 166 703 et
195 667 325 711 altera,
359 678 460 715 quae
490 664 560 703 fuit
592 673 683 703 ante
714 664 823 703 istius
853 666 1068 703 adventum
1100 664 1357 712 ornatissima,
1383 665 1455 703 Mi—

128 744 279 769 nervae.
341 732 389 769 In
419 732 492 768 hac
522 730 649 768 insula
676 738 847 768 extrema
876 738 934 768 est
964 732 1052 768 fons
1076 743 1202 779 aquae
1231 730 1368 776 dulcis,
1392 730 1455 769 cui

67 813 106 836 10
128 809 275 834 nomen
307 798 503 835 Arethusa
534 803 603 842 est,
641 795 862 834 incredibili
893 794 1176 845 magnitudine,
1203 795 1454 846 plenissimus

127 860 305 911 piscium,
329 860 395 911 qui
423 862 544 899 fluctu
572 867 678 898 totus
706 860 920 910 operiretur
949 859 1023 898 nisi
1045 859 1264 898 munitione
1284 873 1329 898 ac
1351 861 1455 898 mole

1480 115 1537 149 117

1481 318 1538 346 118

126 926 302 976 lapidum
320 925 519 964 diiunctus
536 933 638 963 esset
657 938 680 963 a
701 925 806 963 mari.
855 926 988 963 Altera
1003 932 1136 963 autem
1158 932 1216 963 est
1236 925 1328 963 urbs
1349 923 1455 973 Syra-
1479 940 1537 971 119

126 990 240 1037 cusis,
273 990 336 1029 cui
366 1004 512 1028 nomen
544 990 771 1028 Achradina
802 997 888 1037 est;
917 989 956 1027 in
978 1003 1057 1039 qua
1076 991 1204 1027 forum
1226 989 1450 1036 maximum,

125 1055 409 1105 pulcherrimae
431 1055 613 1105 porticus,
637 1054 929 1092 ornatissimum
958 1053 1191 1104 prytanium,
1213 1053 1453 1104 amplissima

68 1136 105 1166 15
125 1128 183 1158 θεῖ
214 1121 319 1158 curia
349 1122 620 1170 templumque
652 1119 849 1170 egregium
882 1119 986 1157 Iovis
1016 1119 1189 1169 Olympii
1220 1126 1453 1168 ceteraeque

126 1185 231 1224 urbis
260 1194 399 1236 partes,
431 1198 533 1234 quae
564 1199 644 1223 una
673 1185 733 1222 via
760 1186 837 1222 lata
870 1192 1058 1234 perpetua
1093 1184 1303 1234 multisque
1335 1192 1453 1222 trans-

125 1249 243 1288 versis
283 1249 430 1288 divisae
468 1249 625 1300 privatis
665 1249 853 1287 aedificiis
893 1249 1155 1287 continentur.
1228 1249 1361 1287 Tertia
1395 1258 1452 1288 est

125 1315 217 1352 urbs
257 1328 367 1364 quae,
403 1316 511 1364 quod
551 1314 590 1352 in
623 1328 667 1352 ea
702 1322 810 1364 parte
846 1316 1042 1352 Fortunae
1076 1316 1210 1352 fanum
1244 1315 1450 1364 antiquum

125 1378 208 1425 fuit,
231 1381 367 1428 Tycha
389 1379 590 1417 nominata
611 1387 667 1417 est
687 1394 696 1426 3
725 1379 764 1417 in
792 1393 869 1429 qua
897 1379 1143 1429 gymnasium
1165 1379 1451 1429 amplissimum

66 1459 105 1480 20
125 1452 183 1482 est
213 1451 250 1481 et
280 1445 501 1494 complures
531 1445 650 1483 aedes
681 1457 822 1491 sacrae,
846 1444 1065 1494 coliturque
1092 1458 1136 1482 ea
1166 1457 1253 1494 pars
1278 1452 1316 1482 et
1346 1444 1452 1482 habi—

124 1515 225 1546 tatur
239 1509 562 1558 frequentissime.
623 1510 773 1557 Quarta
791 1517 923 1548 autem
942 1517 999 1547 est
1016 1523 1127 1559 quae,
1146 1509 1238 1559 quia
1254 1517 1451 1559 postrema

122 1573 379 1612 coaedificata
408 1581 477 1621 est,
511 1574 699 1625 Neapolis
735 1574 987 1622 nominatum
1022 1588 1139 1624 quam
1172 1576 1223 1613 ad
1255 1588 1449 1613 summam

122 1638 317 1676 theatrum
357 1639 581 1685 maximum,
624 1646 824 1689 praeterea
861 1640 943 1677 duo
977 1641 1123 1689 templa
1157 1647 1248 1678 sunt
1286 1640 1448 1689 egregia,

124 1701 276 1741 Cereris
307 1716 440 1750 unum,
473 1705 638 1742 alterum
672 1703 847 1750 Liberae,
884 1704 1118 1754 signumque
1148 1704 1357 1754 Apollinis,
1383 1705 1450 1754 qui

64 1782 102 1814 25
122 1768 351 1806 Temenites
372 1775 541 1814 vocatur,
574 1768 879 1818 pulcherrimum
911 1776 948 1806 et
978 1768 1220 1815 maximum3
1249 1770 1357 1819 quod
1379 1769 1451 1808 iste

123 1831 153 1869 si
174 1840 326 1882 portare
348 1832 548 1882 potuisset,
573 1846 652 1870 non
676 1832 895 1871 dubitasset
916 1835 1076 1872 auferre.

176 1898 293 1934 Nunc
323 1898 373 1934 ad
405 1898 638 1935 Marcellum
669 1904 845 1944 revertar,
879 1911 928 1936 ne
960 1899 1057 1936 haec
1086 1911 1109 1936 a
1139 1911 1201 1936 me
1229 1898 1311 1936 sine
1332 1911 1449 1936 causa

121 1969 429 1999 commemorata
463 1975 548 2000 esse
583 1961 798 2000 videantur.
859 1963 939 2012 Qui
975 1977 1064 2001 cum
1097 1971 1176 2001 tam
1212 1966 1448 2013 praeclaram

120 2026 257 2064 urbem
279 2026 315 2063 vi
336 2026 538 2076 copiisque
560 2026 737 2076 cepisset,
762 2040 841 2065 non
870 2028 1019 2077 putavit
1046 2029 1097 2066 ad
1128 2030 1285 2067 laudem
1312 2029 1447 2079 populi

63 2104 102 2135 30
122 2090 293 2128 Romani
325 2092 400 2128 hoc
431 2091 633 2140 pertinere,
658 2092 759 2129 hanc
790 2093 1135 2141 pulchritudinem,
1160 2108 1206 2132 ex
1236 2107 1313 2144 qua
1342 2108 1448 2144 prae-

165 2203 178 2223 1
207 2194 374 2224 disiuncta
395 2192 479 2233 RSp
499 2193 528 2232 ζξ
552 2202 611 2231 103
634 2193 770 2233 supra):
805 2195 952 2225 diiuncta
975 2195 1043 2226 edd.
1067 2206 1136 2226 recc.
1157 2197 1270 2238 (infra,
1288 2198 1309 2229 l.
1334 2208 1388 2235 12:
1425 2198 1444 2231 i.

122 2239 137 2272 ξ
172 2236 246 2275 154)
391 2247 409 2266 2
435 2236 484 2266 Ea
510 2234 598 2266 RS:
634 2241 667 2266 et
696 2234 777 2276 Hpq
925 2249 944 2276 4
972 2239 1135 2277 portubus
1163 2242 1179 2269 δ
1311 2252 1331 2280 5
1358 2243 1447 2281 regis

122 2278 284 2310 Hieronis
303 2281 319 2309 δ
454 2290 470 2318 7
496 2279 696 2309 antecedant
711 2284 760 2318 pr.
780 2279 809 2310 S
911 2281 1038 2312 Dianae
1056 2282 1200 2322 RSHp:
1235 2294 1299 2315 una
1318 2284 1446 2316 Dianae

123 2321 185 2362 GI:
214 2322 341 2353 Dianae
367 2333 430 2352 una
457 2325 472 2351 δ
496 2322 565 2354 edd.
704 2325 740 2352 16
764 2333 849 2362 quae
874 2335 938 2355 om.
961 2327 1004 2364 p&
1092 2326 1158 2356 lata
1176 2327 1228 2357 via
1248 2332 1274 2366 p
1405 2339 1445 2367 23

120 2365 287 2395 theatrum
308 2371 358 2396 est
378 2368 392 2393 δ
409 2366 477 2397 edd.

1469 1879 1520 1917 54

1474 1939 1532 1960 120
