1715 2734
176 82 444 121 ACTIONIS
475 82 536 119 IN
566 82 611 120 C.
634 81 876 119 VERREM
906 80 1204 119 SECVNDAE
1235 79 1339 116 LIB.
1362 79 1399 115 V
1449 77 1501 115 28
1523 89 1560 123 72

177 205 341 242 magnus
368 204 552 230 numerus
580 192 744 238 deesset,
767 198 849 229 tum
875 189 946 228 iste
975 191 1097 229 homo
1117 189 1285 228 nefarius
1306 189 1345 227 in
1366 203 1502 229 eorum

175 257 307 294 locum
339 269 439 306 quos
469 257 633 294 domum
661 269 771 294 suam
798 256 848 294 de
868 254 999 305 piratis
1020 255 1235 293 abduxerat
1266 254 1502 294 substituere

175 327 213 358 et
233 334 455 370 supponere
475 320 605 369 coepit
626 320 719 359 civis
741 322 956 367 Romanos,
978 334 1077 370 quos
1098 319 1137 357 in
1165 333 1359 358 carcerem
1387 327 1503 359 antea

175 384 423 432 coniecerat,
453 399 620 435 quorum
641 385 737 423 alios
759 385 999 423 Sertorianos
1028 384 1169 423 milites
1198 384 1317 423 fuisse
1345 385 1503 424 insimu-

136 462 153 493 5
173 450 290 496 labat,
327 457 365 488 et
394 463 440 487 ex
471 449 665 499 Hispania
696 449 875 499 fugientis
905 451 955 488 ad
985 449 1156 488 Siciliam
1191 451 1378 499 adpulsos
1417 464 1503 489 esse

173 514 342 561 dicebat,
373 514 481 560 alios,
514 514 581 564 qui
609 528 632 552 a
661 514 924 564 praedonibus
954 522 1062 553 erant
1092 514 1205 564 capti,
1238 528 1328 552 cum
1359 529 1503 553 merca-

174 586 278 616 turas
325 580 498 617 facerent
543 586 610 617 aut
656 579 826 629 aliquam
867 580 918 618 ob
957 593 1115 618 causam
1155 579 1391 629 navigarent,
1433 594 1504 619 sua

174 645 375 682 voluntate
410 658 499 682 cum
535 643 666 693 piratis
701 644 818 682 fuisse
852 646 1048 694 arguebat.
1118 646 1257 694 Itaque
1295 645 1359 682 alii
1399 644 1503 683 cives

175 709 358 756 Romani,
386 722 435 747 ne
469 717 806 759 cognoscerentur,
839 709 1031 759 capitibus
1065 709 1261 747 obvolutis
1295 723 1316 747 e
1350 723 1504 748 carcere

115 791 155 814 10
173 775 224 812 ad
254 776 386 824 palum
416 781 534 823 atque
562 775 613 812 ad
643 787 780 812 necem
810 773 1069 823 rapiebantur,
1091 773 1166 820 alii,
1199 787 1288 812 cum
1318 787 1341 811 a
1370 774 1502 813 multis

173 839 323 877 civibus
342 838 533 877 Romanis
547 846 886 888 cognoscerentur,
909 839 959 876 ab
980 838 1164 876 omnibus
1186 839 1503 887 defenderentur,

173 905 297 943 securi
342 904 589 943 feriebantur.
667 906 847 952 Quorum
886 917 958 953 ego
997 904 1047 942 de
1084 903 1335 942 acerbissima
1378 911 1503 942 morte

172 969 522 1019 crudelissimoque
557 968 729 1007 cruciatu
764 968 893 1007 dicam
928 981 1017 1006 cum
1054 981 1143 1006 eum
1179 969 1309 1006 locum
1338 975 1502 1007 tractare

172 1048 353 1085 coepero,
375 1042 413 1072 et
434 1034 487 1072 ita
507 1034 637 1072 dicam
659 1040 710 1080 ut,
735 1032 765 1071 si
788 1047 850 1071 me
872 1033 910 1070 in
933 1046 978 1071 ea
998 1032 1244 1082 querimonia
1265 1046 1383 1082 quam
1413 1047 1499 1071 sum

114 1115 150 1147 15
172 1100 375 1138 habiturus
409 1100 459 1138 de
493 1098 602 1137 istius
636 1097 865 1137 crudelitate
896 1105 934 1136 et
967 1098 1018 1135 de
1052 1096 1195 1135 civium
1227 1099 1500 1136 Romanorum

171 1164 442 1214 indignissima
476 1171 600 1202 morte
634 1177 714 1201 non
743 1164 864 1202 modo
890 1162 989 1200 vires
1017 1176 1149 1200 verum
1182 1162 1298 1200 etiam
1330 1162 1407 1200 vita
1437 1165 1501 1202 de-

171 1229 288 1278 ficiat,
326 1229 366 1267 id
405 1228 500 1267 mihi
540 1229 780 1279 praeclarum
819 1235 857 1266 et
904 1227 1122 1266 iucundum
1164 1236 1310 1277 putem.
1386 1230 1500 1268 Haec
1522 1234 1559 1270 73

170 1294 285 1344 igitur
319 1302 376 1332 est
409 1301 517 1343 gesta
555 1307 626 1340 res,
663 1295 760 1331 haec
798 1292 958 1331 victoria
997 1294 1217 1343 praeclara:
1259 1306 1500 1342 myoparone

172 1359 334 1409 piratico
367 1366 484 1408 capto
518 1360 597 1397 dux
631 1357 826 1404 liberatus,
864 1358 1135 1408 symphoniaci
1172 1361 1342 1397 Romam
1378 1359 1496 1407 missi,

111 1444 150 1464 20
170 1423 329 1462 formosi
351 1423 530 1462 homines
551 1430 589 1461 et
608 1424 880 1461 adulescentes
897 1430 935 1461 et
955 1423 1121 1462 artifices
1142 1426 1307 1463 domum
1323 1425 1496 1473 abducti,

170 1489 208 1526 in
237 1502 371 1527 eorum
396 1490 527 1527 locum
549 1495 586 1526 et
617 1489 668 1525 ad
697 1501 831 1526 eorum
861 1502 1067 1527 numerum
1095 1488 1197 1527 cives
1230 1490 1401 1528 Romani
1433 1492 1499 1529 ho-

169 1553 295 1591 stilem
317 1554 356 1590 in
372 1554 534 1591 modum
555 1552 714 1591 cruciati
735 1560 773 1591 et
794 1553 934 1600 necati,
950 1554 1077 1592 omnis
1091 1554 1207 1593 vestis
1220 1555 1360 1602 ablata,
1379 1569 1498 1595 omne

168 1632 304 1655 aurum
325 1625 363 1656 et
383 1625 584 1667 argentum
605 1618 779 1655 ablatum
800 1625 838 1655 et
858 1631 1046 1656 aversum.

224 1684 275 1719 At
296 1696 413 1732 quem
435 1683 485 1720 ad
507 1684 670 1721 modum
692 1682 775 1731 ipse
795 1696 836 1720 se
866 1684 993 1721 induit
1021 1685 1148 1733 priore
1174 1684 1330 1724 actione
1350 1688 1356 1723 !
1416 1688 1495 1735 Qui
1514 1698 1569 1736 29

110 1767 147 1798 25
170 1754 226 1785 tot
261 1747 347 1785 dies
379 1748 574 1794 tacuisset,
608 1754 768 1797 repente
803 1746 841 1785 in
876 1749 930 1785 M.
967 1749 1084 1796 Anni,
1123 1750 1294 1788 hominis
1327 1753 1496 1801 splendi-

168 1811 329 1859 dissimi,
373 1811 760 1858 testimonio,—cum
808 1813 839 1850 is
879 1812 1005 1851 civem
1055 1816 1283 1852 Romanum
1322 1816 1494 1864 dixisset,

167 1877 439 1927 archipiratam
461 1884 641 1926 negasset
663 1876 785 1915 securi
809 1890 893 1915 esse
924 1880 1376 1927 percussum—exsiluit
1405 1893 1496 1920 con-

168 1941 330 1980 scientia
359 1941 514 1980 sceleris
544 1949 581 1979 et
611 1943 738 1980 furore
767 1954 813 1979 ex
844 1942 1043 1980 maleficiis
1065 1951 1259 1993 concepto
1280 1944 1496 1994 excitatus3

215 2055 227 2073 1
256 2045 421 2074 maximus
434 2044 475 2083 ῂδ
622 2053 641 2081 3
667 2053 751 2082 quos
767 2054 887 2074 ceruos
911 2044 941 2073 V
1074 2055 1092 2082 4
1119 2045 1287 2076 insimulat
1311 2046 1340 2075 V
1474 2050 1495 2078 6

169 2088 380 2126 praetoribus
397 2087 494 2117 RSD
513 2087 603 2126 (corr.
623 2088 656 2115 in
675 2098 740 2126 mg.
763 2088 990 2125 praedonibus
1009 2087 1056 2127 D)
1170 2094 1262 2118 erant
1282 2090 1369 2128 capti
1390 2090 1472 2130 RSp
1488 2103 1494 2121 :

169 2131 253 2170 capti
273 2135 367 2160 erant
389 2130 419 2158 V
547 2140 563 2167 7
590 2130 674 2159 alios
691 2141 787 2168 quam
812 2131 843 2159 V
969 2142 989 2169 9
1014 2142 1086 2170 cap.
1107 2132 1182 2161 obV.
1202 2144 1219 2161 e
1239 2144 1374 2163 carcere
1392 2133 1492 2173 RSp:

169 2174 324 2204 involutis
342 2185 359 2203 e
378 2184 462 2203 carc.
483 2173 646 2212 capitibus
668 2172 698 2202 V
843 2184 880 2203 12
906 2185 969 2213 ego
985 2186 1050 2204 om.
1071 2187 1090 2203 π
1241 2177 1279 2205 18
1303 2177 1379 2207 vict.
1399 2183 1493 2216 parta

168 2228 191 2246 s.
212 2222 342 2255 patrata
358 2216 487 2245 Eomzet
727 2227 768 2246 22
793 2221 825 2246 et
848 2219 956 2248 necati
972 2218 1054 2257 pleS:
1081 2229 1146 2248 om.
1167 2217 1228 2247 RS
1382 2221 1494 2251 ablata

167 2261 235 2289 secl.
255 2260 403 2289 Bonnet:
436 2259 565 2289 sublata
582 2259 742 2299 Heraeus,
759 2260 873 2291 Eberlz.
934 2271 975 2300 23
1000 2261 1145 2291 ablatum
1164 2266 1196 2291 et
1214 2262 1353 2292 Halmio
1366 2268 1494 2294 auclore

167 2302 224 2333 del.
242 2302 399 2333 Zielinski
527 2314 568 2341 24
592 2314 667 2334 sese
680 2305 723 2343 pb
