1715 2734
148 123 416 161 ACTIONIS
448 123 508 159 IN
540 122 583 160 C.
616 122 857 158 VERREM
887 121 1187 159 SECVNDAE
1218 122 1319 158 LIB.
1345 122 1363 158 I
1420 130 1446 167 5
1466 136 1504 167 13

120 229 430 280 inspectantibus
468 230 518 267 ab
558 229 633 267 isto
672 229 797 268 civem
838 231 1077 276 Romanum,
1118 229 1185 279 qui
1223 230 1444 280 cognitores

120 294 300 332 homines
321 295 509 332 honestos
529 295 649 341 daret,
673 294 871 332 sublatum
892 308 977 332 esse
1001 293 1040 331 in
1061 307 1217 332 crucem
1239 294 1420 332 dixerunt
1433 309 1445 342 5

118 360 278 397 credent
307 372 445 398 omnes
475 371 499 396 V
530 367 567 397 et
599 371 688 396 XXX
722 359 845 397 tribus
878 358 1030 398 homini
1064 358 1291 408 gravissimo
1324 367 1443 409 atque
1465 373 1504 404 14

117 423 375 470 ornatissimo,
404 425 460 461 M.
483 423 627 470 Annio,
657 424 725 473 qui
754 437 795 462 se
825 431 1028 474 praesente
1058 423 1183 461 civem
1215 425 1442 462 Romanum

80 503 96 533 5
117 487 240 526 securi
261 501 489 537 percussum
511 501 595 526 esse
617 487 736 535 dixit,
765 487 946 526 audietur
965 501 987 525 a
1008 489 1155 538 populo
1181 489 1366 526 Romano
1386 488 1442 526 vir

115 552 329 602 primarius,
353 566 473 602 eques
496 555 779 599 Romanus‚.L.
804 552 972 600 Flavius,
989 552 1056 602 qui
1077 565 1191 590 suum
1212 552 1440 590 familiarem

116 617 376 664 Herennium,
414 617 696 667 negotiatorem
732 631 778 655 ex
813 616 955 664 Africa,
991 630 1082 654 cum
1116 631 1207 655 eum
1242 617 1440 666 Syracusis

112 683 279 733 amplius
300 691 458 722 centum
480 683 584 722 cives
607 683 779 721 Romani
806 690 1089 732 cognoscerent
1113 682 1440 733 lacrimantesque

12 791 17 806 H
113 749 379 795 defenderent,
396 762 466 798 pro
483 748 710 786 testimonio
724 748 820 786 dixit
837 747 963 786 securi
978 761 1063 785 esse
1078 761 1306 797 percussum
1321 762 1332 795 3
1355 761 1439 797 pro-

11 802 17 854 f*
55 827 93 848 10
112 812 221 851 babit
242 815 361 851 fidem
382 821 420 851 et
440 813 713 852 auctoritatem
735 821 772 852 et
798 813 1025 863 religionem
1050 826 1160 851 suam
1186 814 1229 850 L.
1253 812 1435 859 Suettius,

111 880 233 917 homo
262 878 447 916 omnibus
474 878 714 917 ornamentis
744 878 952 929 praeditus,
976 878 1043 928 qui
1069 878 1215 916 iuratus
1241 879 1348 928 apud
1368 892 1437 916 vos

110 943 206 982 dixit
245 945 389 982 multos
429 943 523 982 civis
563 946 767 982 Romanos
807 943 846 981 in
886 943 1084 982 lautumiis
1123 943 1233 981 istius
1271 943 1436 993 imperio

109 1009 377 1048 crudelissime
420 1023 488 1060 per
525 1009 603 1047 vim
648 1017 772 1047 morte
812 1023 896 1047 esse
936 1010 1131 1047 multatos.
1206 1010 1324 1046 Hanc
1363 1023 1436 1059 ego

109 1088 267 1113 causam
297 1089 387 1113 cum
421 1090 533 1126 agam
569 1076 763 1114 beneficio
797 1075 932 1126 populi
968 1074 1139 1113 Romani
1174 1076 1224 1113 de
1258 1076 1346 1113 loco
1376 1089 1435 1113 su-

51 1151 87 1182 15
108 1140 268 1189 periore,
291 1154 371 1178 non
393 1155 527 1179 vereor
547 1155 596 1179 ne
623 1149 689 1179 aut
717 1141 834 1179 istum
856 1140 912 1178 vis
933 1142 1011 1178 ulla
1031 1154 1076 1178 ex
1101 1140 1236 1190 populi
1262 1141 1434 1179 Romani

107 1205 295 1255 suffragiis
316 1205 474 1256 eripere,
497 1214 563 1244 aut
591 1220 614 1244 a
641 1220 704 1244 me
728 1208 851 1243 ullum
873 1218 1016 1243 munus
1037 1205 1245 1243 aedilitatis
1265 1205 1432 1255 amplius

106 1278 172 1308 aut
192 1270 335 1320 gratius
356 1273 504 1321 populo
526 1273 710 1309 Romano
731 1285 816 1309 esse
837 1270 969 1320 possit.
1452 1306 1480 1342 6

161 1336 410 1385 Quapropter
430 1350 567 1374 omnes
595 1335 634 1374 in
662 1337 737 1374 hoc
764 1335 911 1374 iudicio
936 1343 1127 1374 conentur
1148 1335 1305 1383 omnia3
1336 1336 1432 1374 nihil
1455 1374 1490 1404 15

106 1407 163 1437 est
193 1400 269 1438 iam
291 1402 399 1450 quod
429 1400 468 1438 in
499 1402 572 1440 hac
601 1415 719 1440 causa
749 1415 911 1451 peccare
932 1401 1151 1451 quisquam,
1175 1401 1334 1446 iudices,
1358 1402 1431 1441 nisi

4 1491 9 1519 ¹
47 1479 88 1500 20
106 1473 234 1503 vestro
254 1465 428 1515 periculo
448 1466 581 1516 possit.
633 1469 722 1505 Mea
743 1466 904 1516 quidem
926 1466 1023 1504 ratio
1043 1480 1133 1504 cum
1155 1466 1194 1504 in
1215 1467 1431 1516 praeteritis

3 1522 9 1588 ἒ
105 1530 220 1568 rebus
250 1538 308 1568 est
337 1531 504 1581 cognita,
533 1539 616 1569 tum
647 1531 686 1569 in
717 1531 873 1581 reliquis
903 1533 1101 1580 explorata
1129 1538 1247 1580 atque
1276 1532 1431 1582 provisa

0 1589 8 1988 5
103 1602 171 1632 est.
232 1597 317 1644 Ego
338 1609 470 1633 meum
493 1597 666 1634 studium
689 1596 728 1634 in
750 1610 830 1634 rem
853 1596 1051 1646 publicam
1073 1596 1148 1634 iam
1171 1596 1237 1634 illo
1254 1604 1429 1647 tempore

0 2209 1 2244 l

0 2287 1 2301 1

103 1659 258 1697 ostendi
275 1673 364 1698 cum
386 1662 504 1710 longo
525 1661 728 1699 intervallo
745 1669 914 1699 veterem
936 1661 1265 1699 consuetudinem
1287 1661 1427 1708 rettuli,

103 1731 140 1761 et
156 1732 291 1774 rogatu
308 1725 503 1763 sociorum
519 1734 637 1776 atque
653 1726 869 1765 amicorum
892 1726 1026 1776 populi
1050 1726 1231 1771 Romani,
1250 1740 1428 1764 meorum

43 1802 81 1833 25
102 1796 233 1827 autem
268 1789 586 1837 necessariorum,
624 1805 770 1829 nomen
806 1790 976 1829 hominis
1008 1790 1257 1829 audacissimi
1292 1791 1426 1830 detuli.

103 1855 223 1902 Quod
244 1868 377 1893 meum
398 1857 543 1893 factum
565 1856 765 1894 lectissimi
786 1857 855 1894 viri
879 1864 997 1906 atque
1018 1855 1263 1903 ornatissimi,
1287 1870 1366 1906 quo
1387 1857 1426 1894 in

102 1932 265 1957 numero
285 1933 306 1957 e
327 1920 438 1957 vobis
460 1922 680 1970 complures
701 1923 868 1968 fuerunt,
887 1921 939 1960 ita
959 1921 1221 1971 probaverunt
1242 1929 1283 1959 ut
1304 1921 1339 1960 ei
1359 1921 1427 1971 qui

101 1982 209 2020 istius
223 1991 406 2032 quaestor
419 1984 563 2031 fuisset,
580 1993 617 2023 et
633 1986 682 2023 ab
699 1985 774 2023 isto
787 1987 913 2024 laesus
928 1985 1149 2024 inimicitias
1166 1985 1285 2023 iustas
1301 1999 1426 2035 perse-

101 2056 292 2096 queretur,
315 2062 395 2086 non
417 2051 538 2088 modo
559 2050 760 2088 deferendi
785 2051 966 2097 nominis,
991 2052 1060 2090 sed
1081 2064 1130 2089 ne
1151 2050 1423 2089 subscribendi

42 2127 81 2157 30
100 2111 271 2161 quidem,
288 2127 377 2150 cum
394 2113 434 2152 id
455 2116 678 2163 postularet,
698 2116 870 2153 facerent
890 2123 1137 2165 potestatem.
1183 2117 1229 2153 In
1251 2115 1421 2154 Siciliam
1446 2121 1484 2153 16

144 2224 160 2252 7
186 2225 259 2244 cum
278 2225 352 2245 eum
365 2217 431 2255 p6:
456 2227 530 2246 cum
548 2217 635 2247 DW:
660 2228 758 2256 quem
786 2218 874 2248 Bake
900 2219 934 2255 (i,
957 2223 971 2255 ᾧ
995 2222 1069 2257 104)
1207 2229 1246 2249 10
1271 2220 1422 2250 Suettius

102 2257 136 2287 C.
162 2257 188 2287 I.
217 2258 253 2289 L.
275 2259 318 2289 iv.
347 2269 450 2297 1190:
476 2260 610 2291 Suetius
637 2261 679 2290 b:
714 2260 872 2292 Suectius
900 2262 999 2302 DpG2
1029 2263 1077 2302 (ii,
1111 2265 1125 2299 ξ
1152 2272 1215 2301 3Ι;
1240 2273 1272 2302 v,
1302 2267 1316 2300 ξ
1346 2264 1422 2303 147)

104 2301 141 2329 18
164 2300 198 2329 in
216 2301 278 2331 hoc
296 2301 382 2331 Dal.
396 2303 454 2333 br:
471 2304 688 2343 hocpq‚fort.
712 2308 786 2334 recte
805 2304 842 2345 (i,
863 2308 877 2341 ξ
897 2306 961 2344 63;
987 2306 1020 2343 ii,
1034 2308 1070 2343 ἕξ
1089 2307 1158 2345 118,
1181 2306 1257 2346 133)
1384 2317 1422 2345 19

100 2347 151 2372 est
164 2344 252 2373 enim
264 2355 304 2382 qr
392 2346 521 2376 iudices
538 2347 713 2385 quisquam
732 2347 771 2376 nb
861 2358 901 2386 27
927 2360 944 2378 e
962 2359 1102 2380 numero
1119 2349 1153 2380 D
1168 2350 1211 2380 al.
1302 2350 1421 2389 proba-

100 2391 217 2416 verunt
233 2386 289 2426 Dp
304 2387 346 2418 al.
369 2400 375 2417 ε
399 2390 581 2428 probarunt
598 2392 614 2419 δ
631 2401 637 2419 :
662 2391 962 2429 comprobaverunt
980 2403 1019 2431 qr

1295 2437 1333 2466 4*
