1715 2734
115 57 169 103 76
191 63 252 95 186
558 60 613 96 M.
646 60 814 97 TVLLI
847 60 1153 100 CICERONIS

188 169 458 220 Carpinatium
480 179 730 210 revertemur.
781 172 1094 222 Inspiciebamus
1120 175 1318 224 Syracusis
1337 189 1362 214 a
1381 175 1515 227 Carpi-

187 235 294 273 natio
320 238 519 275 confectas
548 238 700 275 tabulas
721 237 930 285 societatis,
953 253 1053 288 quae
1081 238 1355 289 significabant
1381 240 1514 278 multis

186 300 414 340 nominibus
444 316 511 341 eos
541 302 723 341 homines
748 316 943 341 versuram
973 317 997 342 a
1025 303 1254 354 Carpinatio
1282 304 1419 342 fecisse
1445 304 1513 355 qui

186 366 373 415 pecunias
412 367 521 404 Verri
561 367 787 415 dedissent3
828 369 937 417 quod
975 368 1045 406 erit
1084 368 1195 407 vobis
1234 370 1322 407 luce
1360 369 1512 416 clarius,

186 430 346 477 iudices,
390 439 473 469 tum
517 445 607 469 curn
649 446 716 471 eos
765 431 870 482 ipsos
911 434 1132 483 produxero
1179 433 1245 482 qui
1294 435 1515 480 dederunt;

185 496 416 547 intellegetis
455 496 560 534 enim
600 496 666 535 illa
704 504 881 547 tempora
918 511 987 547 per
1025 511 1139 547 quae,
1178 512 1268 536 cum
1309 506 1439 536 essent
1473 497 1513 536 in

186 561 370 611 periculo,
412 560 537 611 pretio
581 575 666 600 sese
708 563 957 600 redemerunt
996 575 1085 600 cum
1132 563 1332 601 societatis
1369 562 1514 601 tabulis

184 640 265 664 non
304 627 432 664 solum
471 627 700 665 consulibus
735 641 868 665 verum
901 626 1018 665 etiam
1054 627 1256 666 mensibus
1290 628 1512 666 convenire.

105 693 162 733 ι87
184 692 288 730 Cum
318 692 416 729 haec
446 691 614 730 maxime
644 706 972 742 cognosceremus
1008 700 1046 731 et
1076 692 1115 730 in
1148 693 1331 731 manibus
1359 694 1514 731 tabulas

183 757 429 803 haberemus,
472 765 631 807 repente
679 757 891 808 aspicimus
938 758 1070 796 lituras
1113 758 1197 797 eius
1246 759 1353 797 modi
1402 758 1513 808 quasi

183 823 378 871 quaedam
412 823 572 860 vulnera
613 823 833 861 tabularum
874 823 1054 861 recentia.
1116 823 1254 861 Statim
1286 823 1513 873 suspicione

182 886 320 925 offensi
346 888 398 925 ad
426 901 472 925 ea
495 887 579 937 ipsa
609 887 771 926 nomina
795 889 931 926 oculos
951 888 1209 938 animumque
1230 888 1509 927 transtulimus.

185 954 305 990 Erant
335 959 522 1002 acceptae
556 951 748 1002 pecuniae
784 954 828 992 C.
862 954 1085 991 VERvam
1123 955 1166 992 C.
1204 966 1248 1000 F.‚
1290 953 1345 991 sic
1380 961 1512 992 tamen

183 1024 224 1054 ut
245 1030 370 1067 usque
389 1018 440 1055 ad
461 1018 626 1056 alterum
652 1019 687 1055 R
712 1017 862 1056 litterae
883 1025 1108 1056 constarent
1133 1018 1320 1068 integrae,
1340 1018 1512 1068 reliquae

181 1095 319 1120 omnes
340 1090 470 1121 essent
491 1082 530 1120 in
552 1084 665 1121 litura
683 1097 692 1130 ;
720 1085 896 1130 alterurn,
921 1083 1088 1131 tertium,
1105 1092 1300 1132 quartum,
1319 1085 1513 1134 permulta

181 1155 289 1186 erant
310 1147 488 1186 eiusdem
511 1148 619 1186 modi
646 1148 818 1187 nomina.
880 1149 983 1187 Cum
1009 1148 1218 1186 manifesto
1239 1162 1298 1186 res
1319 1148 1512 1197 flagitiosa

181 1212 294 1250 litura
313 1213 533 1251 tabularum
555 1220 673 1263 atque
695 1213 856 1264 insignis
877 1213 1079 1263 turpitudo
1101 1220 1307 1259 teneretur,
1325 1226 1512 1263 quaerere

180 1277 389 1327 incipimus
428 1279 478 1316 de
514 1278 742 1328 Carpinatio
775 1278 957 1328 quisnam
990 1278 1021 1316 is
1042 1287 1144 1316 esset
1184 1277 1394 1316 Verrucius
1428 1276 1511 1327 qui-

179 1356 269 1380 cum
310 1350 441 1381 tantae
479 1343 671 1393 pecuniae
704 1343 895 1381 rationem
935 1343 1107 1382 haberet.
1169 1345 1343 1381 Haerere
1374 1344 1507 1388 homo,

179 1407 334 1455 versari,
362 1408 512 1446 rubere.
571 1409 692 1457 Quod
721 1409 805 1458 lege
831 1407 1076 1457 excipiuntur
1101 1409 1258 1446 tabulae
1284 1407 1511 1457 publicano-

179 1486 263 1510 rum
289 1486 369 1522 quo
397 1473 526 1511 minus
554 1462 723 1512 Romam
750 1475 1016 1523 deportentur,
1041 1481 1082 1511 ut
1108 1487 1166 1511 res
1195 1487 1313 1523 quam
1342 1473 1510 1510 maxime

178 1539 281 1576 clara
301 1546 339 1576 et
360 1546 500 1576 testata
520 1552 604 1577 esse
627 1547 770 1588 posset,
794 1538 833 1576 in
855 1538 913 1576 ius
934 1539 984 1576 ad
1008 1540 1214 1576 Metellum
1237 1537 1508 1587 Carpinatium

179 1617 279 1641 voco
309 1604 540 1653 tabulasque
570 1603 767 1642 societatis
798 1603 838 1641 in
869 1605 995 1642 forum
1024 1605 1169 1642 defero.
1232 1603 1292 1640 Fit
1317 1603 1510 1641 maximus

180 1682 392 1707 concursus
420 1668 637 1715 hominum,
661 1676 709 1715 et,
733 1670 841 1718 quod
869 1676 948 1707 erat
977 1668 1176 1718 Carpinati
1201 1676 1293 1706 nota
1319 1681 1409 1706 cum
1436 1667 1510 1706 isto

178 1741 355 1783 praetore
382 1733 548 1771 societas
575 1747 621 1772 ac
643 1733 867 1780 faeneratio,
891 1747 1044 1771 summe
1069 1733 1350 1782 exspectabant
1371 1746 1509 1771 omnes

101 1782 158 1866 ἐξ
179 1798 369 1847 quidnam
395 1798 433 1835 in
466 1798 608 1837 tabulis
642 1806 847 1837 teneretur.
910 1800 1011 1837 Rem
1043 1799 1093 1837 ad
1128 1799 1334 1836 Metellum
1362 1798 1508 1844 defero,

223 1913 241 1941 4
267 1903 356 1942 quod
375 1902 455 1933 cO¹:
481 1913 546 1933 om.
569 1903 634 1933 rell.
794 1911 812 1941 5
838 1902 903 1933 iud.
924 1906 991 1932 tum
1013 1900 1106 1942 Opq:
1132 1905 1198 1931 tum
1216 1912 1280 1931 om.
1303 1903 1319 1930 δ
1489 1912 1510 1941 9

180 1947 263 1977 haee
276 1952 300 1987 p
318 1947 406 1986 vulg.
423 1958 429 1976 ς
456 1946 520 1976 hoc
540 1945 570 1976 O
588 1948 640 1983 {ex
657 1946 727 1979 hec.
748 1945 847 1983 εντ’(ίο,
871 1948 885 1982 ξ
909 1947 969 1984 189
987 1946 1088 1984 iufra)
1221 1949 1255 1975 et
1275 1944 1346 1984 Opq
1363 1955 1368 1973 z
1393 1949 1425 1974 ct
1444 1945 1508 1975 iam

179 1990 267 2031 vulg.
409 2000 447 2020 10
471 1989 544 2019 eius
564 1990 651 2019 modi
670 1990 764 2028 Em.⁷
785 1990 936 2020 Sclmcts.
954 1993 1050 2019 auctr.
1070 1988 1140 2019 secl.
1160 1988 1289 2028 Kayser
1405 1998 1442 2026 13
1469 1989 1505 2018 C.

179 2033 343 2064 Verrucio
363 2033 414 2064 O:
438 2044 456 2063 a
475 2034 511 2063 C.
533 2033 627 2063 Verr.
647 2039 669 2072 p
688 2034 752 2064 rell.
822 2033 857 2063 C.
879 2043 905 2064 F.
925 2032 974 2062 cO
991 2044 996 2062 :
1021 2043 1086 2063 om.
1102 2037 1126 2072 p
1145 2032 1210 2062 rell.
1299 2033 1336 2061 16
1360 2031 1506 2062 eiusdem

182 2077 268 2107 modi
287 2077 355 2107 cO:
380 2088 444 2107 om.
466 2076 532 2107 rell.
628 2077 805 2107 manifesto
821 2077 937 2116 scripsi
953 2076 1078 2112 2rnanis.
1099 2079 1272 2105 teneretur
1290 2086 1296 2104 ε
1320 2075 1358 2113 cf.
1379 2074 1504 2105 Cluent.

182 2124 197 2157 ,δ
217 2131 273 2152 20>
294 2133 298 2150 :
326 2121 503 2150 manifesta
521 2118 608 2150 codd.
715 2120 878 2158 flagitiosa
898 2120 949 2150 O:
975 2124 1044 2149 tum
1068 2120 1188 2157 (tamN
1208 2118 1310 2156 flagit.
1334 2118 1412 2155 rell„
1434 2128 1505 2148 cum

182 2165 281 2201 flagit.
302 2164 438 2195 Hotom.
564 2173 600 2202 17
626 2163 724 2194 litura
742 2164 789 2193 cO
806 2175 812 2193 z
836 2174 902 2194 om.
924 2163 988 2194 rell.
1063 2162 1132 2192 Sed
1148 2173 1172 2191 υ.
1191 2162 1235 2192 Cl.
1253 2161 1330 2191 Rcv.
1349 2161 1437 2192 xviii.
1454 2171 1505 2200 25.

183 2208 366 2238 Com'cccrat
388 2207 526 2237 Mucller
545 2207 628 2237 Cum
654 2207 829 2237 manifesto
852 2217 906 2237 res
935 2206 1098 2246 flagitiosa
1125 2211 1225 2244 atque
1251 2205 1391 2243 insignis
1417 2210 1503 2244 turp.

182 2252 443 2290 tenereturforl.
463 2254 538 2280 recte
640 2251 676 2279 18
701 2251 888 2289 incepimus
907 2250 937 2281 O
1044 2259 1086 2279 20
1110 2249 1235 2279 versari
1254 2247 1301 2278 cO
1318 2259 1324 2278 z
1348 2248 1506 2285 aversari,

181 2295 311 2325 advers.
331 2295 393 2325 rell.
545 2305 585 2324 22
610 2300 643 2323 et
663 2294 712 2323 ();
736 2304 774 2323 ac
787 2300 811 2334 p
832 2293 917 2334 vulg.
1068 2301 1108 2331 23
1132 2292 1240 2322 defert
1257 2290 1317 2321 [Οι
1465 2292 1508 2321 26

181 2338 337 2378 quidnam
357 2337 424 2368 cO:
450 2338 526 2376 quid
542 2343 565 2378 p
583 2337 648 2368 rell.

1535 776 1574 797 10

1535 1101 1571 1133 ¹5

1532 1424 1573 1446 20

1531 1749 1571 1781 25
