1715 2734
116 108 384 147 ACTIONIS
406 108 466 145 IN
489 108 533 146 C.
556 108 798 144 VERREM
821 107 1121 146 SECVNDAE
1145 107 1247 143 LIB.
1273 106 1338 143 III
1392 105 1443 152 83
1464 118 1526 152 191

114 227 285 270 possent,
322 233 392 269 pro
422 218 582 269 singulis
622 218 764 257 modiis
795 226 925 257 ternos
961 217 1143 257 denarios
1175 219 1267 256 dare
1296 219 1439 255 liceret.

114 287 178 323 An
209 285 396 334 quoniam
431 286 507 323 hoc
538 298 617 322 non
652 286 774 322 audes
806 283 946 330 dicere,
994 283 1085 321 illuc
1124 281 1337 332 confugies,
1380 294 1442 320 ve-

114 357 246 388 cturae
269 349 496 387 difficultate
519 350 714 387 adductus
744 356 874 387 ternos
901 348 1082 387 denarios
1106 349 1197 386 dare
1228 347 1443 384 maluisse?

114 414 236 453 Cuius
257 416 469 452 vecturae?
500 427 579 462 quo
601 427 646 451 ex
677 415 764 451 1000
786 413 824 450 in
846 427 962 462 quem
985 415 1116 451 locum
1137 426 1186 450 ne
1214 413 1443 461 portarent?

76 488 93 520 5
113 478 348 517 Philomelio
370 479 603 528 Ephesum?
658 478 788 516 Video
809 478 904 527 quid
922 477 1021 515 inter
1033 490 1231 515 annonam
1255 476 1441 514 interesse

113 545 246 589 soleat,
278 543 394 581 video
424 551 520 592 quot
550 543 701 581 dierum
732 544 793 582 via
826 543 884 590 sit,
921 543 1036 582 video
1068 542 1440 581 Philomeliensibus

111 609 304 658 expedire,
346 609 479 658 quanti
522 609 669 658 Ephesi
718 609 765 647 sit
804 611 1055 656 frumentum,
1096 610 1189 647 dare
1230 608 1361 658 potius
1401 608 1440 645 in

112 673 277 722 Phrygia
306 687 423 722 quam
446 675 648 723 Ephesum
673 682 826 724 portare
855 682 921 712 aut
950 675 1000 712 ad
1030 675 1242 712 emendum
1274 675 1441 710 frumen-

110 745 193 775 tum
216 739 417 787 Ephesum
440 738 647 787 pecuniam
670 746 708 776 et
728 740 875 788 legatos
897 739 1059 777 mittere.
1121 740 1167 776 In
1199 737 1328 776 Sicilia
1348 751 1440 776 vero
1464 751 1521 783 19²

54 815 92 838 10
111 803 207 852 quid
246 803 328 841 eius
371 803 478 841 modi
514 806 601 841 est?
658 806 806 842 Henna
846 804 1129 842 mediterranea
1168 811 1226 841 est
1258 802 1436 841 maxime.

111 868 220 916 Coge
241 875 283 905 ut
303 868 352 905 ad
369 881 512 916 aquam
534 867 615 913 tibi,
639 867 679 906 id
701 869 809 917 quod
831 868 973 906 summi
995 868 1086 906 iuris
1107 876 1175 914 est,
1199 858 1437 906 frumentum

112 934 351 970 Hennenses
385 932 650 970 admetiantur
688 935 747 970 vel
789 932 984 970 Phintiam
1025 934 1084 970 vel
1126 934 1338 971 Halaesam
1379 935 1438 971 vel

112 995 305 1043 Catinam,
339 997 425 1034 loca
463 996 562 1034 inter
594 1010 635 1034 se
667 996 834 1034 maxime
866 996 1040 1035 diversa:
1080 998 1221 1035 eodem
1261 997 1324 1035 die
1359 1011 1439 1047 quo

110 1060 264 1099 iusseris
285 1061 562 1110 deportabunt.
620 1061 796 1100 Tametsi
817 1076 866 1100 ne
887 1069 1044 1100 vectura
1065 1062 1225 1111 quidem
1248 1070 1305 1100 est
1326 1077 1435 1112 opus.

53 1140 89 1172 15
111 1127 215 1164 Nam
247 1133 351 1164 totus
379 1134 564 1175 quaestus
591 1126 665 1173 hic,
690 1126 848 1172 iudices,
872 1126 1154 1165 aestimationis
1184 1140 1230 1165 ex
1257 1141 1438 1166 annonae

110 1198 224 1228 natus
264 1198 321 1229 est
360 1190 554 1229 varietate.
616 1193 708 1229 Hoc
747 1190 851 1229 enim
892 1190 1137 1240 magistratus
1170 1191 1208 1228 in
1238 1192 1439 1242 provincia

108 1254 273 1304 adsequi
303 1262 445 1305 potest‚
477 1263 518 1293 ut
548 1254 601 1293 ibi
631 1254 797 1304 accipiat
826 1255 892 1292 ubi
924 1263 981 1293 est
1016 1255 1268 1294 carissimum.
1339 1258 1438 1296 Ideo

108 1321 210 1358 valet
248 1320 321 1358 ista
354 1320 452 1358 ratio
491 1320 772 1359 aestimationis
811 1320 851 1358 in
883 1320 992 1367 Asia,
1019 1322 1120 1358 valet
1158 1321 1197 1358 in
1229 1321 1438 1371 Hispania,

109 1386 210 1423 valet
245 1384 284 1422 in
319 1384 364 1423 iis
397 1385 605 1435 provinciis
641 1385 681 1423 in
711 1385 854 1434 quibus
885 1399 1007 1423 unum
1043 1385 1209 1434 pretium
1241 1388 1438 1425 frumento

52 1467 92 1488 20
109 1463 194 1488 esse
224 1464 303 1488 non
336 1452 460 1488 solet:
491 1450 530 1488 in
562 1450 693 1488 Sicilia
726 1464 817 1488 vero
850 1450 945 1500 quid
984 1450 1216 1500 cuiusquam
1257 1451 1438 1490 intererat

109 1529 189 1565 quo
228 1517 317 1554 1000
357 1517 495 1554 daret?
544 1530 673 1565 neque
712 1515 816 1554 enim
856 1517 1093 1565 portandum
1143 1524 1237 1563 erat,
1275 1525 1327 1559 et,
1357 1531 1437 1566 quo

108 1580 275 1630 quisque
300 1582 440 1619 vehere
465 1580 591 1618 iussus
614 1588 730 1625 esset,
762 1580 817 1618 ibi
843 1580 1033 1618 tantidem
1066 1582 1303 1619 frumentum
1337 1596 1438 1621 eme-

108 1652 164 1683 ret
194 1645 330 1695 quanti
359 1645 468 1683 domi
498 1645 749 1684 vendidisset.
812 1647 943 1694 Quam
972 1645 1024 1683 ob
1051 1659 1146 1691 rem,
1179 1646 1209 1683 si
1234 1645 1304 1693 vis,
1336 1649 1437 1685 Hor-
1460 1661 1520 1693 193

109 1709 223 1755 tensi,
252 1711 394 1748 docere
423 1709 572 1759 aliquid
603 1711 653 1748 ab
684 1710 758 1748 isto
790 1709 914 1748 simile
945 1709 983 1746 in
1013 1710 1286 1748 aestimatione
1319 1718 1437 1761 atque

49 1788 130 1821 25a
169 1774 306 1813 ceteris
345 1788 430 1812 esse
469 1776 631 1822 factum,
670 1776 814 1813 doceas
855 1774 1051 1823 oportebit
1089 1775 1221 1824 aliquo
1260 1775 1299 1813 in
1348 1777 1436 1814 loco

108 1839 263 1879 Siciliae
294 1847 470 1888 praetore
491 1842 612 1878 Verre
640 1839 757 1878 ternis
779 1839 948 1877 denariis
969 1839 1082 1877 tritici
1106 1840 1282 1878 modium
1304 1840 1432 1880 fuisse.

161 1904 264 1943 Vide
292 1918 409 1954 quam
438 1904 507 1942 tibi
538 1904 809 1943 defensionem
833 1904 1098 1954 patefecerim,
1119 1918 1237 1953 quam
1259 1905 1432 1955 iniquam
1454 1910 1505 1956 84

107 1969 146 2007 in
176 1969 319 2016 socios,
347 1982 465 2018 quam
495 1977 685 2008 remotam
719 1970 769 2007 ab
809 1969 973 2007 utilitate
1005 1969 1059 2007 rei
1089 1970 1285 2019 publicaej
1315 1984 1433 2020 quarn

107 2035 325 2073 seiunctam
363 2047 386 2072 a
423 2035 624 2072 voluntate
662 2047 708 2072 ac
747 2033 940 2072 sententia
972 2034 1076 2084 legis.
1137 2036 1214 2081 Tuj
1243 2048 1331 2072 cum
1364 2035 1434 2074 tibi

49 2116 90 2146 30
108 2112 181 2148 ego
200 2100 439 2136 frumentum
462 2098 500 2135 in
526 2098 621 2136 meis
641 2098 741 2148 agris
761 2106 879 2148 atque
900 2098 939 2136 in
962 2112 1048 2136 mea
1071 2098 1240 2143 civitate,
1261 2099 1433 2149 denique

154 2201 167 2220 1
193 2195 309 2221 ternos
337 2191 494 2221 denarios
523 2190 570 2221 V:
605 2195 720 2220 ternos
746 2191 823 2230 (om.
852 2191 1021 2221 denariosl
1050 2195 1116 2230 pr:
1152 2192 1311 2222 denarios
1336 2202 1375 2222 111
1402 2193 1432 2223 O

108 2235 221 2267 (etiam
239 2235 259 2265 l.
277 2244 308 2272 3,
327 2234 383 2263 ubi
395 2235 524 2274 lmbefp
540 2239 655 2264 ternos
672 2235 749 2264 den.
767 2246 773 2264 :
801 2239 814 2269 ξ
837 2236 910 2265 Ι88ι
1085 2245 1101 2273 7
1127 2235 1206 2265 dare
1218 2240 1251 2274 p.
1273 2239 1310 2265 ut
1330 2235 1411 2275 VOq
1426 2249 1433 2267 z

108 2282 237 2308 tantum
256 2278 335 2308 dare
354 2278 419 2307 rell.
544 2288 580 2307 12
605 2279 832 2308 admetiantur
853 2279 901 2307 V:
931 2279 1148 2318 metianturp
1164 2278 1229 2309 rell.
1251 2282 1302 2317 tul
1321 2284 1334 2316 ξ
1355 2281 1431 2319 193)

113 2331 150 2358 19
175 2321 228 2350 his
245 2320 330 2351 codd.
449 2331 489 2350 22
513 2322 713 2361 tantidemp
730 2322 772 2351 al.
793 2332 799 2350 :
823 2323 905 2352 tanti
929 2322 976 2352 V:
1001 2327 1094 2353 tanti]
1114 2322 1144 2352 O
1267 2332 1308 2360 23
1332 2323 1360 2353 si
1380 2324 1432 2354 vis

109 2363 154 2394 H.
173 2365 294 2394 docere
316 2364 391 2394 VcO
407 2375 413 2393 ε
438 2365 465 2394 si
483 2365 563 2404 quid
583 2365 627 2394 H.
648 2365 771 2395 docere
789 2366 837 2396 vis
850 2370 874 2405 p
887 2365 958 2396 dell.
1111 2374 1151 2404 25
1175 2366 1341 2404 oportebit
1359 2367 1406 2397 cO
1424 2378 1431 2396 :

110 2412 267 2446 oportere
283 2418 361 2438 corr.
381 2413 468 2438 -erct
482 2414 506 2447 p
523 2419 528 2436 :
553 2412 685 2446 oportet
703 2409 766 2438 rell.

1286 2453 1343 2483 19*
