1769 2739
425 119 485 156 IN
516 119 565 167 Q.
599 118 917 157 CAECILIVM
950 117 1167 156 ORATIO
1423 117 1448 153 8

123 227 269 267 iudicia
306 240 522 276 causasque
560 225 777 265 amicorum
817 232 968 275 praeter
1007 226 1127 263 fidem
1166 232 1204 263 et
1249 225 1448 275 ingenium

122 294 272 331 adferre
303 299 492 342 oportere.
568 291 676 328 Nihil
709 290 779 328 erit
818 291 927 339 quod
966 304 1029 328 me
1067 297 1207 339 agente
1245 290 1451 328 arbitretur

121 356 309 394 iudicium
344 355 427 394 sine
460 369 602 405 magno
638 356 849 393 multorum
885 354 1058 404 periculo
1089 367 1205 404 posse
1239 354 1446 404 corrumpi.

123 423 207 470 Ego
227 421 267 458 in
288 422 364 458 hoc
384 420 531 458 iudicio
554 419 649 457 mihi
671 420 890 458 Siculorum
912 432 1071 457 causam
1088 425 1296 468 receptam,
1313 419 1448 468 populi

84 498 100 529 5
122 485 293 523 Romani
324 492 545 535 susceptam
576 498 661 523 esse
690 484 863 530 arbitror,
887 492 930 522 ut
960 483 1055 521 mihi
1085 497 1166 521 non
1196 497 1298 521 unus
1327 484 1449 522 horno

120 549 323 600 improbus
353 549 636 599 opprimendus
670 549 728 595 sit,
752 549 792 587 id
824 550 932 598 quod
968 548 1087 586 Siculi
1118 547 1347 598 petiverunt,
1380 550 1449 587 sed

120 613 283 652 omnino
313 613 442 652 omnis
473 613 712 664 improbitas,
736 613 775 651 id
806 614 915 662 quod
945 614 1114 662 populus
1141 614 1347 650 Romanus
1372 612 1449 651 iam

120 679 187 718 diu
222 679 379 729 flagitat,
403 678 686 729 exstinguenda
720 686 839 728 atque
873 679 1044 716 delenda
1075 678 1146 716 sit:
1189 677 1227 714 in
1263 691 1343 726 quo
1377 691 1449 727 ego

120 744 215 794 quid
247 743 339 782 eniti
375 751 442 781 aut
474 743 570 793 quid
602 744 753 781 efficere
788 742 947 792 possim,
980 744 1084 780 malo
1114 742 1153 780 in
1182 742 1348 780 aliorum
1381 756 1449 793 spe

63 825 100 846 10
119 809 336 859 relinquere
366 822 485 858 quam
516 808 555 845 in
586 808 762 846 oratione
793 821 880 846 mea
910 821 1066 857 ponere.
1373 860 1377 861 ⁷

172 876 234 912 Tu
256 887 358 920 vero,
378 872 535 920 Caecili,
559 872 655 923 quid
676 874 821 922 potes?
850 886 930 922 quo
952 880 1129 922 tempore
1148 880 1215 910 aut
1235 886 1313 922 qua
1342 872 1382 910 in
1407 886 1447 911 re

119 952 199 977 non
230 939 353 976 modo
387 937 525 977 ceteris
559 937 759 987 specimen
795 937 956 987 aliquod
991 937 1146 984 dedisti,
1178 938 1247 976 sed
1280 945 1362 976 tute
1391 938 1447 976 tui

119 1002 335 1052 periculum
363 1002 518 1042 fecisti?
567 1005 614 1041 In
645 1010 818 1041 mentem
850 1002 921 1041 tibi
951 1015 1031 1040 non
1057 1002 1163 1040 venit
1189 1002 1285 1052 quid
1315 1002 1447 1052 negoti

118 1068 166 1106 sit
205 1081 363 1106 causam
399 1067 599 1117 publicam
638 1067 839 1114 sustinere,
876 1066 994 1105 vitam
1034 1066 1191 1105 alterius
1230 1074 1353 1106 totam
1388 1082 1448 1106 ex-

60 1147 98 1179 15
118 1133 261 1183 plicare
281 1140 398 1182 atque
419 1146 506 1171 eam
527 1146 607 1170 non
629 1134 750 1171 modo
780 1132 819 1170 in
849 1131 990 1170 animis
1019 1131 1206 1179 iudicum,
1229 1134 1299 1171 sed
1329 1132 1446 1171 etiam

117 1199 157 1236 in
178 1198 302 1237 oculis
324 1205 619 1248 conspectuque
635 1197 813 1236 omnium
831 1211 1036 1247 exponere,
1053 1197 1249 1236 sociorum
1267 1199 1444 1245 salutern,

117 1265 329 1302 commoda
358 1262 658 1313 provinciarum,
682 1262 759 1300 vim
790 1264 932 1313 legum,
955 1262 1182 1311 gravitatem
1210 1262 1445 1301 iudiciorum

117 1330 360 1367 defendere?
407 1329 614 1378 Cognosce
635 1342 681 1366 ex
702 1341 775 1373 me,
793 1327 981 1377 quoniam
1002 1328 1078 1365 hoc
1099 1328 1268 1377 primum
1291 1335 1446 1378 tempus

118 1393 298 1432 discendi
329 1400 466 1431 nactus
501 1407 556 1441 es,
590 1407 709 1443 quam
745 1394 868 1431 multa
898 1406 983 1431 esse
1015 1400 1193 1443 oporteat
1228 1393 1266 1430 in
1299 1407 1347 1431 eo
1379 1393 1445 1443 qui

60 1475 100 1497 20
118 1461 283 1497 alterum
313 1466 495 1502 accuset3
524 1472 570 1497 ex
600 1458 742 1508 quibus
773 1458 804 1496 si
835 1472 957 1496 unum
987 1458 1148 1508 aliquod
1179 1458 1218 1495 in
1246 1466 1283 1497 te
1304 1472 1446 1508 cogno-

118 1523 228 1570 veris,
251 1537 325 1574 ego
355 1523 431 1561 iam
462 1522 533 1561 tibi
563 1523 645 1573 ipse
676 1523 775 1562 istuc
805 1524 914 1573 quod
944 1522 1091 1573 expetis
1126 1537 1214 1562 mea
1244 1525 1445 1562 voluntate

116 1589 345 1627 concedam.

174 1653 349 1692 Primum
397 1653 657 1704 integritatem
706 1661 825 1704 atque
868 1653 1135 1692 innocentiam
1182 1653 1445 1704 singularem3

116 1717 213 1756 nihil
247 1726 305 1757 est
337 1718 441 1757 enim
472 1720 581 1768 quod
617 1718 746 1757 minus
781 1720 986 1757 ferendum
1022 1719 1070 1757 sit
1104 1733 1222 1769 quam
1253 1719 1442 1758 rationem

58 1796 96 1828 ²5
116 1784 168 1821 ab
186 1785 308 1822 altero
329 1783 429 1822 vitae
450 1797 654 1833 reposcere
675 1797 765 1821 eum
796 1784 863 1833 qui
894 1797 973 1822 non
1004 1784 1126 1834 possit
1151 1798 1243 1822 suae
1268 1786 1441 1823 reddere.

118 1848 197 1886 Hic
218 1862 291 1898 ego
312 1850 362 1887 de
391 1856 428 1886 te
455 1850 566 1898 plura
592 1862 672 1886 non
703 1848 832 1887 dicam
854 1864 860 1885 :
891 1862 1013 1886 unum
1044 1849 1139 1887 illud
1170 1850 1289 1888 credo
1314 1849 1442 1887 omnis

114 1912 290 1950 animum
311 1914 522 1959 advertere,
547 1921 583 1951 te
604 1914 735 1951 adhuc
755 1927 778 1951 a
798 1913 913 1952 nullis
935 1913 1008 1951 nisi
1029 1914 1079 1951 ab
1107 1913 1246 1951 Siculis
1267 1914 1442 1962 potuisse

115 1978 325 2027 cognosci,
355 1978 506 2017 Siculos
529 1979 604 2016 hoc
625 1978 765 2024 dicere,
790 1992 881 2017 cum
903 1978 1032 2017 eidem
1055 1979 1131 2016 sint
1153 1979 1236 2016 irati
1258 1979 1320 2017 cui
1342 1986 1382 2017 tu
1404 1987 1441 2017 te

157 2091 176 2120 5
201 2092 266 2112 non
291 2091 374 2111 unus
395 2082 458 2121 prb
484 2081 588 2112 Asa:
625 2092 691 2111 non
719 2082 782 2111 nisi
808 2091 894 2112 unus
920 2081 1085 2120 DGIKZ:
1115 2093 1180 2112 non
1205 2086 1332 2112 tanturn
1354 2093 1441 2114 unus

117 2124 199 2162 G2L.
249 2125 296 2164 Cf.
317 2136 346 2163 v,
368 2127 382 2161 ξ
406 2135 464 2163 170
608 2125 707 2155 horno
734 2136 798 2155 om.
818 2126 897 2157 Asc.
943 2126 1033 2155 Fort.
1056 2136 1121 2155 non
1148 2136 1233 2155 unus
1259 2126 1356 2155 modo
1382 2127 1439 2156 im-

114 2168 264 2206 probus:
297 2168 342 2199 Cl.
371 2168 451 2198 Rev.
481 2169 561 2198 xvii.
596 2170 656 2207 198
849 2178 865 2204 7
901 2170 1038 2199 omnino
1066 2170 1176 2198 omnis
1203 2169 1441 2199 Iannoctianus

117 2210 290 2241 Garatonii
321 2211 462 2251 (Zumpt
489 2211 598 2251 Praaef.
628 2217 662 2251 p.
697 2211 803 2249 xxvi),
838 2211 962 2252 Steplz„
992 2212 1138 2242 Lamb.:
1164 2213 1303 2242 omnino
1329 2212 1439 2243 codd:

113 2255 222 2284 omnis
239 2255 317 2285 Asc.
450 2256 470 2284 8
494 2266 558 2294 ego
583 2255 660 2285 πὸὸς
688 2265 753 2285 om.
780 2255 844 2284 ΒΨ
961 2266 1002 2285 20
1027 2255 1160 2293 aliquod
1180 2255 1267 2294 erlt
1293 2266 1355 2285 om.
1376 2256 1438 2285 ΒΨ

115 2307 152 2326 21
179 2298 268 2327 istud
285 2297 429 2338 G2LKZ
516 2310 555 2338 27
582 2300 727 2328 animum
743 2299 919 2328 advertere
933 2311 952 2327 π
967 2310 974 2328 :
993 2299 1263 2329 animadvertere
1276 2299 1353 2339 rell„
1368 2299 1434 2330 edd.

115 2342 162 2379 (v,
184 2344 199 2377 ξ
221 2343 297 2380 105)
387 2342 427 2371 ab
448 2342 546 2372 nullis
559 2343 620 2382 pr&
708 2342 749 2372 ab
768 2341 890 2372 Siculis
907 2342 1007 2381 Dler
1024 2353 1030 2371 :
1056 2353 1075 2372 a
1093 2342 1159 2372 Sic.
1180 2346 1208 2371 Ψ
1224 2343 1300 2373 Asc.

1470 130 1511 162 25

1471 427 1511 458 26

1468 880 1506 915 27

1466 1336 1493 1373 9

1464 1859 1504 1889 28
