1715 2734
216 126 484 166 ACTIONIS
514 129 574 167 IN
605 128 649 168 C.
672 129 914 167 VERREM
944 128 1243 168 SECVNDAE
1274 130 1376 167 LIB.
1400 131 1437 166 V
1497 139 1541 177 15
1555 136 1598 178 38

213 240 330 279 adfici
364 241 641 292 pronuntiavit,
673 249 714 279 ut
746 242 822 279 hoc
861 248 1027 292 putares,
1055 242 1227 291 aliquam
1267 241 1319 279 rei
1358 240 1540 291 publicae

212 313 360 355 partem
390 306 460 345 tibi
488 306 688 353 creditam,
710 320 858 344 annum
887 306 959 345 tibi
978 306 1088 344 illum
1114 320 1236 344 unum
1264 308 1385 345 domo
1410 320 1539 345 caren-

211 371 307 408 dum
346 384 431 409 esse
469 371 713 410 meretricis?
770 373 873 410 Cum
911 371 982 410 tibi
1021 379 1123 410 sorte
1157 371 1360 420 obtigisset
1394 372 1449 410 uti
1481 371 1540 409 ius

211 435 372 482 diceres,
405 443 597 485 quantum
637 436 780 485 negoti,
814 435 910 485 quid
945 436 1073 474 oneris
1106 436 1284 484 habereS,
1322 450 1538 486 numquam

175 516 191 546 5
211 498 419 548 cogitasti?
457 513 586 549 neque
615 500 711 538 illud
742 500 900 538 rationis
922 500 1104 547 habuisti,
1127 500 1157 538 si
1179 502 1276 539 forte
1298 509 1334 539 te
1362 515 1540 552 experge-

210 564 338 602 facere
353 577 500 614 posses,
518 577 604 602 earn
622 564 874 614 provinciam,
892 578 1011 615 quam
1028 565 1127 604 tueri
1149 565 1332 615 singulari
1349 566 1540 616 sapientia

209 635 328 678 atque
376 628 595 679 integritate
634 629 791 668 difficile
838 637 950 677 esset,
1001 632 1052 669 ad
1102 644 1295 668 summam
1335 631 1537 669 stultitiam

209 693 506 744 nequitiamque
544 694 729 733 venisse?
787 696 927 745 Itaque
974 708 1055 733 non
1094 696 1215 733 modo
1253 709 1275 733 a
1313 697 1434 734 domo
1473 704 1539 734 tua

210 758 474 797 Chelidonem
506 758 546 796 in
578 766 757 808 praetura
791 761 998 798 excludere
1036 759 1207 806 noluisti,
1237 761 1306 798 sed
1340 760 1379 797 in
1411 760 1539 800 Cheli—

154 838 191 860 10
209 822 325 861 donis
346 824 509 861 domum
535 831 755 872 praeturam
783 831 905 862 totam
934 824 1118 862 detulisti.
1177 824 1318 862 Secuta
1339 825 1539 874 provincia
1560 840 1599 873 39

209 895 267 926 est
286 902 296 935 ;
324 888 364 926 in
385 902 462 938 qua
483 902 700 938 numquam
722 888 792 926 tibi
814 889 919 927 venit
940 889 979 926 in
1002 897 1175 927 mentem
1197 902 1277 927 non
1300 889 1369 927 tibi
1391 889 1538 928 idcirco

208 953 323 992 fascis
344 967 389 992 ac
410 953 555 992 securis
576 961 614 992 et
635 961 782 992 tantam
805 953 942 1004 imperi
970 953 1048 991 vim
1079 961 1308 1004 tantamque
1335 968 1538 993 ornamen-

208 1026 337 1057 torum
376 1018 555 1056 omnium
594 1018 824 1068 dignitatem
864 1020 997 1057 datam
1035 1026 1077 1057 ut
1111 1032 1244 1057 earum
1276 1033 1402 1057 rerum
1433 1020 1469 1057 vi
1499 1028 1537 1058 et

207 1083 440 1121 auctoritate
460 1083 593 1121 omnia
614 1085 797 1133 repagula
821 1083 982 1133 pudoris
1004 1084 1187 1134 officique
1208 1085 1473 1135 perfringeres,
1495 1093 1537 1123 ut

151 1159 188 1192 15
208 1147 387 1185 omnium
417 1149 523 1186 bona
551 1149 737 1198 praedam
767 1156 874 1186 tuam
904 1150 1079 1196 ducereS,
1107 1157 1150 1187 ut
1179 1150 1322 1188 nullius
1352 1164 1411 1189 res
1441 1159 1533 1197 tuta,

208 1212 352 1250 nullius
381 1214 525 1251 domus
554 1215 695 1260 clausa,
726 1213 868 1251 nullius
899 1213 977 1251 vita
1007 1222 1151 1264 saepta,
1174 1215 1318 1253 nullius
1347 1215 1537 1266 pudicitia

208 1276 360 1314 munita
380 1284 516 1315 contra
543 1284 650 1315 tuam
678 1277 933 1328 cupiditatem
963 1286 1000 1317 et
1029 1279 1233 1317 audaciam
1264 1288 1397 1329 posset
1427 1294 1536 1329 esse,

208 1340 248 1378 in
269 1354 346 1390 qua
373 1349 415 1379 tu
443 1349 481 1380 te
508 1341 561 1379 ita
586 1342 737 1391 gessisti
758 1350 811 1390 ut,
833 1344 1018 1382 omnibus
1039 1357 1129 1382 cum
1152 1352 1308 1383 teneare
1328 1347 1455 1393 rebus,
1485 1349 1535 1385 ad

208 1405 355 1443 bellum
390 1405 640 1455 fugitivorum
675 1407 904 1456 confugia53
934 1422 980 1446 ex
1012 1422 1092 1458 quo
1124 1409 1200 1447 iarn
1236 1409 1427 1460 intellegis
1454 1425 1535 1450 non

150 1486 190 1509 20
209 1470 330 1507 modo
350 1471 497 1508 nullam
519 1470 590 1508 tibi
610 1471 894 1519 defensionem,
912 1474 981 1511 sed
1003 1473 1213 1511 maximam
1229 1475 1305 1511 vim
1327 1475 1534 1514 criminum

208 1542 393 1572 exortam.
452 1534 539 1573 Nisi
559 1537 657 1573 forte
680 1536 804 1574 Italici
819 1536 1069 1586 fugitivorum
1091 1538 1182 1576 belli
1211 1538 1391 1588 reliquias
1417 1548 1535 1590 atque

206 1599 303 1638 illud
335 1602 605 1650 Tempsanum
637 1601 938 1640 incommodum
968 1604 1151 1652 proferes,
1178 1605 1228 1641 ad
1259 1606 1367 1653 quod
1399 1619 1533 1644 recens

206 1678 297 1703 cum
329 1672 367 1703 te
399 1673 690 1715 peropportune
715 1667 870 1704 fortuna
899 1668 1101 1715 attulisset,
1137 1668 1167 1706 si
1201 1668 1295 1718 quid
1328 1669 1367 1707 in
1400 1677 1437 1708 te
1464 1670 1535 1708 vir-

206 1729 299 1768 tutis
337 1737 403 1768 aut
441 1729 654 1769 industriae
693 1731 907 1779 habuisses,
947 1732 1053 1770 idem
1092 1732 1158 1782 qui
1207 1746 1360 1783 semper
1407 1736 1532 1774 fueras

148 1811 185 1843 25
206 1795 387 1833 inventus
415 1809 467 1834 es.

259 1860 361 1898 Cum
378 1861 428 1898 ad
450 1868 487 1899 te
508 1860 707 1899 Valentini
728 1861 927 1900 venissent
947 1869 985 1900 et
1005 1875 1075 1912 pro
1096 1862 1141 1900 iis
1163 1864 1283 1901 homo
1300 1864 1465 1902 disertus
1485 1879 1531 1904 ac
1551 1902 1593 1932 40

204 1924 357 1971 nobilis,
386 1927 441 1962 M.
471 1926 630 1972 Marius,
662 1928 896 1976 loqueretur,
920 1934 962 1964 ut
992 1927 1191 1977 negotium
1224 1930 1450 1978 suscipereS,
1477 1938 1529 1977 ut,

203 2002 293 2026 cum
315 2002 436 2039 penes
457 1997 495 2027 te
509 1992 744 2039 praetorium
760 1991 965 2040 imperium
987 2005 1033 2029 ac
1054 2005 1200 2030 nomen
1223 2001 1334 2039 esset,
1353 1995 1402 2031 ad
1424 1994 1527 2032 illam

246 2102 265 2130 5
290 2092 317 2122 si
336 2103 400 2123 om.
421 2091 485 2122 SD
588 2093 670 2123 Post
686 2093 780 2129 forte,
800 2098 834 2123 te
852 2104 989 2133 experg.
1010 2095 1126 2134 scr1'p51‘
1141 2095 1171 2135 (ξ
1193 2098 1235 2134 56
1253 2097 1354 2134 infra)
1376 2108 1383 2127 t
1407 2108 1527 2136 exper-

202 2140 278 2172 gete
299 2135 408 2166 sacere
427 2140 452 2175 p
478 2134 551 2176 (sed
564 2147 640 2166 cum
656 2138 750 2176 Stgrno
767 2140 890 2176 transp.
905 2153 929 2161 z
940 2142 972 2167 te
987 2140 1143 2177 experg.)
1163 2150 1167 2167 :
1199 2149 1335 2178 experg.
1352 2145 1384 2169 te
1403 2142 1418 2169 ὃ
1434 2141 1504 2172 edd.
1522 2153 1528 2172 :

202 2183 236 2209 te
253 2189 318 2209 om.
337 2178 401 2209 RS
543 2180 562 2208 8
586 2180 683 2210 domo
701 2180 782 2220 (om.
802 2180 835 2219 a)
850 2183 892 2221 ρδ
1023 2193 1044 2221 9
1068 2184 1248 2214 extrudere
1267 2185 1283 2213 δ
1418 2195 1456 2223 19
1480 2185 1528 2215 in-

202 2222 334 2260 telliges
346 2224 390 2262 ρδ
502 2233 544 2254 20
567 2224 741 2254 criminum
756 2229 779 2264 p
796 2224 863 2255 edd.
881 2234 889 2254 ε
913 2226 1065 2255 criminis
1082 2226 1144 2256 Rs
1246 2237 1283 2257 21
1312 2227 1527 2262 fugitivorum

201 2265 267 2296 secl.
288 2265 420 2295 Richter
434 2265 469 2303 (ξ
493 2275 529 2304 14
547 2268 662 2306 supra)
786 2276 826 2297 22
849 2272 1060 2307 tempsanum
1076 2275 1118 2309 p:
1144 2274 1310 2300 temanum
1329 2269 1362 2299 R
1487 2282 1527 2310 23

201 2309 396 2339 obstulisset
410 2313 433 2347 p
451 2321 457 2339 z
482 2310 689 2340 obtulisset&
779 2321 818 2348 24
844 2311 1026 2342 industriae
1037 2313 1153 2342 suisset
1166 2315 1208 2351 pb
1298 2316 1339 2343 26
1362 2314 1400 2344 iis
1414 2314 1501 2345 Bait.
1519 2327 1526 2346 :

202 2351 254 2382 his
272 2351 358 2382 codd.
493 2363 532 2391 27
557 2358 755 2392 quereretur
772 2353 836 2384 RS
966 2356 1006 2385 28
1032 2356 1206 2394 imperium
1224 2367 1261 2387 ac
1278 2368 1343 2388 om.
1364 2357 1456 2388 RSw

1551 1832 1598 1869 16
