<?xml version="1.0" encoding="UTF-8"?>
<!DOCTYPE html PUBLIC "-//W3C//DTD XHTML 1.0 Transitional//EN"
    "http://www.w3.org/TR/xhtml1/DTD/xhtml1-transitional.dtd">
<html xmlns="http://www.w3.org/1999/xhtml" xml:lang="en" lang="en">
 <head>
  <title>
</title>
<meta http-equiv="Content-Type" content="text/html;charset=utf-8" />
  <meta name='ocr-system' content='tesseract 3.04.00' />
  <meta name='ocr-capabilities' content='ocr_page ocr_carea ocr_par ocr_line ocrx_word'/>
</head>
<body>
  <div class='ocr_page' id='page_1' title='image "./orationesrecogno03ciceuoft/orationesrecogno03ciceuoft_0317.png"; bbox 0 0 1715 2734; ppageno 0'>
   <div class='ocr_carea' id='block_1_1' title="bbox 116 99 1523 146">
    <p class='ocr_par' dir='ltr' id='par_1_1' title="bbox 116 99 1523 146">
     <span class='ocr_line' id='line_1_1' title="bbox 116 99 1523 146; baseline 0 -10"><span class='ocrx_word' id='word_1_1' title='bbox 116 99 383 137; x_wconf 89' lang='lat' dir='ltr'>ACTIONIS</span> <span class='ocrx_word' id='word_1_2' title='bbox 407 100 467 137; x_wconf 93' lang='lat' dir='ltr'><strong>IN</strong></span> <span class='ocrx_word' id='word_1_3' title='bbox 489 99 536 137; x_wconf 93' lang='lat' dir='ltr'><strong>C.</strong></span> <span class='ocrx_word' id='word_1_4' title='bbox 558 100 798 136; x_wconf 84' lang='lat' dir='ltr'><strong>VERREM</strong></span> <span class='ocrx_word' id='word_1_5' title='bbox 820 99 1118 138; x_wconf 87' lang='lat' dir='ltr'><strong>SECVNDAE</strong></span> <span class='ocrx_word' id='word_1_6' title='bbox 1142 101 1244 137; x_wconf 85' lang='lat' dir='ltr'>LIB.</span> <span class='ocrx_word' id='word_1_7' title='bbox 1270 101 1335 137; x_wconf 92' lang='lat' dir='ltr'><strong>III</strong></span> <span class='ocrx_word' id='word_1_8' title='bbox 1385 100 1439 137; x_wconf 89' lang='lat'><strong>80</strong></span> <span class='ocrx_word' id='word_1_9' title='bbox 1462 106 1523 146; x_wconf 86' lang='lat'><strong>187</strong></span> 
     </span>
    </p>
   </div>
   <div class='ocr_carea' id='block_1_2' title="bbox 51 221 1522 1751">
    <p class='ocr_par' dir='ltr' id='par_1_2' title="bbox 112 221 1441 453">
     <span class='ocr_line' id='line_1_2' title="bbox 114 221 1440 257; baseline 0.002 -10"><span class='ocrx_word' id='word_1_10' title='bbox 114 221 171 255; x_wconf 81' lang='lat' dir='ltr'><strong>Es,</strong></span> <span class='ocrx_word' id='word_1_11' title='bbox 205 221 255 248; x_wconf 81' lang='grc' dir='ltr'><strong>ΟΒ</strong></span> <span class='ocrx_word' id='word_1_12' title='bbox 284 222 357 247; x_wconf 82' lang='lat' dir='ltr'><strong>EAs</strong></span> <span class='ocrx_word' id='word_1_13' title='bbox 388 222 463 248; x_wconf 84' lang='lat' dir='ltr'><strong>RES</strong></span> <span class='ocrx_word' id='word_1_14' title='bbox 491 222 552 255; x_wconf 80' lang='lat' dir='ltr'><strong>TE,</strong></span> <span class='ocrx_word' id='word_1_15' title='bbox 578 221 771 254; x_wconf 75' lang='lat' dir='ltr'>QVONIAM</span> <span class='ocrx_word' id='word_1_16' title='bbox 794 223 848 248; x_wconf 87' lang='lat' dir='ltr'><strong>RE</strong></span> <span class='ocrx_word' id='word_1_17' title='bbox 877 222 1169 257; x_wconf 79' lang='lat' dir='ltr'><strong>LOCVPLETAVI,</strong></span> <span class='ocrx_word' id='word_1_18' title='bbox 1195 222 1278 249; x_wconf 84' lang='lat' dir='ltr'><strong>Hoc</strong></span> <span class='ocrx_word' id='word_1_19' title='bbox 1300 223 1440 249; x_wconf 82' lang='lat' dir='ltr'>ANVLO</span> 
     </span>
     <span class='ocr_line' id='line_1_3' title="bbox 113 275 1441 324; baseline 0.002 -13"><span class='ocrx_word' id='word_1_20' title='bbox 113 286 252 312; x_wconf 81' lang='lat' dir='ltr'>AVREO</span> <span class='ocrx_word' id='word_1_21' title='bbox 282 276 431 313; x_wconf 88' lang='lat' dir='ltr'>DONO?</span> <span class='ocrx_word' id='word_1_22' title='bbox 485 276 588 312; x_wconf 89' lang='lat' dir='ltr'><strong>Vera</strong></span> <span class='ocrx_word' id='word_1_23' title='bbox 612 276 709 313; x_wconf 90' lang='lat' dir='ltr'><strong>haec</strong></span> <span class='ocrx_word' id='word_1_24' title='bbox 740 275 874 313; x_wconf 86' lang='lat' dir='ltr'><strong>fuisset</strong></span> <span class='ocrx_word' id='word_1_25' title='bbox 900 275 1048 322; x_wconf 70' lang='lat' dir='ltr'><strong>oratio,</strong></span> <span class='ocrx_word' id='word_1_26' title='bbox 1078 289 1208 324; x_wconf 84' lang='lat' dir='ltr'><strong>neque</strong></span> <span class='ocrx_word' id='word_1_27' title='bbox 1238 275 1343 313; x_wconf 88' lang='lat' dir='ltr'><strong>enim</strong></span> <span class='ocrx_word' id='word_1_28' title='bbox 1369 275 1441 313; x_wconf 90' lang='lat' dir='ltr'><strong>iste</strong></span> 
     </span>
     <span class='ocr_line' id='line_1_4' title="bbox 112 338 1440 385; baseline 0.002 -10"><span class='ocrx_word' id='word_1_29' title='bbox 112 339 253 376; x_wconf 92' lang='lat' dir='ltr'><strong>anulus</strong></span> <span class='ocrx_word' id='word_1_30' title='bbox 278 352 419 377; x_wconf 91' lang='lat' dir='ltr'><strong>aureus</strong></span> <span class='ocrx_word' id='word_1_31' title='bbox 448 338 518 377; x_wconf 86' lang='lat' dir='ltr'><strong>abs</strong></span> <span class='ocrx_word' id='word_1_32' title='bbox 547 347 583 376; x_wconf 88' lang='lat' dir='ltr'><strong>te</strong></span> <span class='ocrx_word' id='word_1_33' title='bbox 614 341 729 377; x_wconf 88' lang='lat' dir='ltr'><strong>datus</strong></span> <span class='ocrx_word' id='word_1_34' title='bbox 760 339 876 377; x_wconf 82' lang='lat' dir='ltr'><strong>istum</strong></span> <span class='ocrx_word' id='word_1_35' title='bbox 898 339 1021 377; x_wconf 87' lang='lat' dir='ltr'><strong>virum</strong></span> <span class='ocrx_word' id='word_1_36' title='bbox 1044 341 1194 385; x_wconf 83' lang='lat' dir='ltr'><strong>fortem,</strong></span> <span class='ocrx_word' id='word_1_37' title='bbox 1218 341 1287 378; x_wconf 92' lang='lat' dir='ltr'><strong>sed</strong></span> <span class='ocrx_word' id='word_1_38' title='bbox 1318 340 1440 377; x_wconf 88' lang='lat' dir='ltr'><strong>homi-</strong></span> 
     </span>
     <span class='ocr_line' id='line_1_5' title="bbox 113 404 1440 453; baseline 0.002 -13"><span class='ocrx_word' id='word_1_39' title='bbox 113 416 203 440; x_wconf 90' lang='lat' dir='ltr'><strong>nem</strong></span> <span class='ocrx_word' id='word_1_40' title='bbox 226 404 464 453; x_wconf 80' lang='lat' dir='ltr'>locupletem</span> <span class='ocrx_word' id='word_1_41' title='bbox 486 417 571 442; x_wconf 86' lang='lat' dir='ltr'><strong>esse</strong></span> <span class='ocrx_word' id='word_1_42' title='bbox 593 406 774 442; x_wconf 74' lang='lat' dir='ltr'><strong>declarat.</strong></span> <span class='ocrx_word' id='word_1_43' title='bbox 836 406 897 442; x_wconf 90' lang='lat' dir='ltr'><strong>Ita</strong></span> <span class='ocrx_word' id='word_1_44' title='bbox 917 405 1086 442; x_wconf 92' lang='lat' dir='ltr'><strong>eundem</strong></span> <span class='ocrx_word' id='word_1_45' title='bbox 1110 406 1271 442; x_wconf 89' lang='lat' dir='ltr'><strong>anulum</strong></span> <span class='ocrx_word' id='word_1_46' title='bbox 1293 405 1342 442; x_wconf 91' lang='lat' dir='ltr'><strong>ab</strong></span> <span class='ocrx_word' id='word_1_47' title='bbox 1363 405 1440 442; x_wconf 86' lang='lat' dir='ltr'><strong>alio</strong></span> 
     </span>
    </p>

    <p class='ocr_par' dir='ltr' id='par_1_3' title="bbox 75 468 1438 582">
     <span class='ocr_line' id='line_1_6' title="bbox 75 468 1438 516; baseline 0.001 -12"><span class='ocrx_word' id='word_1_48' title='bbox 75 478 92 510; x_wconf 91' lang='lat'>5</span> <span class='ocrx_word' id='word_1_49' title='bbox 112 468 248 505; x_wconf 87' lang='lat' dir='ltr'><strong>datum</strong></span> <span class='ocrx_word' id='word_1_50' title='bbox 277 476 415 506; x_wconf 83' lang='lat' dir='ltr'><strong>testem</strong></span> <span class='ocrx_word' id='word_1_51' title='bbox 437 468 587 506; x_wconf 87' lang='lat' dir='ltr'><strong>virtutis</strong></span> <span class='ocrx_word' id='word_1_52' title='bbox 609 470 852 516; x_wconf 77' lang='lat' dir='ltr'><strong>duceremus,</strong></span> <span class='ocrx_word' id='word_1_53' title='bbox 875 470 945 507; x_wconf 88' lang='lat' dir='ltr'><strong>abs</strong></span> <span class='ocrx_word' id='word_1_54' title='bbox 973 477 1010 507; x_wconf 88' lang='lat' dir='ltr'><strong>te</strong></span> <span class='ocrx_word' id='word_1_55' title='bbox 1039 471 1231 507; x_wconf 89' lang='lat' dir='ltr'><strong>donatum</strong></span> <span class='ocrx_word' id='word_1_56' title='bbox 1253 469 1438 508; x_wconf 88' lang='lat' dir='ltr'><strong>comitem</strong></span> 
     </span>
     <span class='ocr_line' id='line_1_7' title="bbox 112 532 556 582; baseline 0.002 -12"><span class='ocrx_word' id='word_1_57' title='bbox 112 532 304 582; x_wconf 87' lang='lat' dir='ltr'><strong>pecuniae</strong></span> <span class='ocrx_word' id='word_1_58' title='bbox 325 533 556 571; x_wconf 88' lang='lat' dir='ltr'><strong>iudicamus.</strong></span> 
     </span>
    </p>

    <p class='ocr_par' dir='ltr' id='par_1_4' title="bbox 112 598 1441 778">
     <span class='ocr_line' id='line_1_8' title="bbox 167 598 1439 646; baseline 0.001 -11"><span class='ocrx_word' id='word_1_59' title='bbox 167 598 341 645; x_wconf 88' lang='lat' dir='ltr'><strong>Dictum,</strong></span> <span class='ocrx_word' id='word_1_60' title='bbox 365 598 524 645; x_wconf 88' lang='lat' dir='ltr'><strong>iudices,</strong></span> <span class='ocrx_word' id='word_1_61' title='bbox 549 606 606 637; x_wconf 90' lang='lat' dir='ltr'><strong>est</strong></span> <span class='ocrx_word' id='word_1_62' title='bbox 636 600 686 637; x_wconf 91' lang='lat' dir='ltr'><strong>de</strong></span> <span class='ocrx_word' id='word_1_63' title='bbox 714 600 936 637; x_wconf 89' lang='lat' dir='ltr'><strong>decumano</strong></span> <span class='ocrx_word' id='word_1_64' title='bbox 968 600 1175 646; x_wconf 89' lang='lat' dir='ltr'><strong>frumento,</strong></span> <span class='ocrx_word' id='word_1_65' title='bbox 1208 598 1358 637; x_wconf 85' lang='lat' dir='ltr'><strong>dictum</strong></span> <span class='ocrx_word' id='word_1_66' title='bbox 1389 600 1439 637; x_wconf 89' lang='lat' dir='ltr'><strong>de</strong></span> 
     </span>
     <span class='ocr_line' id='line_1_9' title="bbox 112 663 1439 713; baseline 0.002 -14"><span class='ocrx_word' id='word_1_67' title='bbox 112 670 257 712; x_wconf 86' lang='lat' dir='ltr'><strong>empto,</strong></span> <span class='ocrx_word' id='word_1_68' title='bbox 294 670 509 702; x_wconf 84' lang='lat' dir='ltr'><strong>extremum</strong></span> <span class='ocrx_word' id='word_1_69' title='bbox 544 663 736 713; x_wconf 84' lang='lat' dir='ltr'><strong>reliquum</strong></span> <span class='ocrx_word' id='word_1_70' title='bbox 768 672 825 702; x_wconf 90' lang='lat' dir='ltr'><strong>est</strong></span> <span class='ocrx_word' id='word_1_71' title='bbox 855 665 905 702; x_wconf 91' lang='lat' dir='ltr'><strong>de</strong></span> <span class='ocrx_word' id='word_1_72' title='bbox 938 663 1168 711; x_wconf 78' lang='lat' dir='ltr'><strong>aestimato3</strong></span> <span class='ocrx_word' id='word_1_73' title='bbox 1209 665 1317 713; x_wconf 86' lang='lat' dir='ltr'><strong>quod</strong></span> <span class='ocrx_word' id='word_1_74' title='bbox 1349 677 1439 702; x_wconf 89' lang='lat' dir='ltr'><strong>cum</strong></span> 
     </span>
     <span class='ocr_line' id='line_1_10' title="bbox 114 727 1441 778; baseline 0.002 -14"><span class='ocrx_word' id='word_1_75' title='bbox 114 727 384 776; x_wconf 79' lang='lat' dir='ltr'>magnitudine</span> <span class='ocrx_word' id='word_1_76' title='bbox 412 728 602 777; x_wconf 85' lang='lat' dir='ltr'><strong>pecuniae</strong></span> <span class='ocrx_word' id='word_1_77' title='bbox 636 736 719 767; x_wconf 91' lang='lat' dir='ltr'><strong>tum</strong></span> <span class='ocrx_word' id='word_1_78' title='bbox 751 728 913 767; x_wconf 86' lang='lat' dir='ltr'><strong>iniuriae</strong></span> <span class='ocrx_word' id='word_1_79' title='bbox 944 742 1085 778; x_wconf 78' lang='lat' dir='ltr'><strong>genere</strong></span> <span class='ocrx_word' id='word_1_80' title='bbox 1114 728 1293 778; x_wconf 84' lang='lat' dir='ltr'><strong>quemvis</strong></span> <span class='ocrx_word' id='word_1_81' title='bbox 1322 730 1441 767; x_wconf 79' lang='lat' dir='ltr'><strong>debet</strong></span> 
     </span>
    </p>

    <p class='ocr_par' dir='ltr' id='par_1_5' title="bbox 55 792 1443 1101">
     <span class='ocr_line' id='line_1_11' title="bbox 55 792 1441 843; baseline 0.002 -16"><span class='ocrx_word' id='word_1_82' title='bbox 55 804 93 826; x_wconf 93' lang='lat'><strong>10</strong></span> <span class='ocrx_word' id='word_1_83' title='bbox 114 804 375 839; x_wconf 90' lang='lat' dir='ltr'><strong>commovere,</strong></span> <span class='ocrx_word' id='word_1_84' title='bbox 404 801 487 830; x_wconf 90' lang='lat' dir='ltr'><strong>tum</strong></span> <span class='ocrx_word' id='word_1_85' title='bbox 517 806 608 831; x_wconf 92' lang='lat' dir='ltr'><strong>vero</strong></span> <span class='ocrx_word' id='word_1_86' title='bbox 637 807 685 832; x_wconf 91' lang='lat' dir='ltr'><strong>eo</strong></span> <span class='ocrx_word' id='word_1_87' title='bbox 715 793 837 843; x_wconf 79' lang='lat' dir='ltr'><strong>magis</strong></span> <span class='ocrx_word' id='word_1_88' title='bbox 867 794 975 843; x_wconf 88' lang='lat' dir='ltr'><strong>quod</strong></span> <span class='ocrx_word' id='word_1_89' title='bbox 1004 795 1055 831; x_wconf 90' lang='lat' dir='ltr'><strong>ad</strong></span> <span class='ocrx_word' id='word_1_90' title='bbox 1080 794 1156 831; x_wconf 93' lang='lat' dir='ltr'><strong>hoc</strong></span> <span class='ocrx_word' id='word_1_91' title='bbox 1183 792 1330 832; x_wconf 86' lang='lat' dir='ltr'><strong>crimen</strong></span> <span class='ocrx_word' id='word_1_92' title='bbox 1360 807 1441 831; x_wconf 89' lang='lat' dir='ltr'><strong>non</strong></span> 
     </span>
     <span class='ocr_line' id='line_1_12' title="bbox 113 856 1443 908; baseline 0.002 -15"><span class='ocrx_word' id='word_1_93' title='bbox 113 856 316 906; x_wconf 83' lang='lat' dir='ltr'><strong>ingeniosa</strong></span> <span class='ocrx_word' id='word_1_94' title='bbox 342 857 472 907; x_wconf 82' lang='lat' dir='ltr'><strong>aliqua</strong></span> <span class='ocrx_word' id='word_1_95' title='bbox 500 858 678 896; x_wconf 72' lang='lat' dir='ltr'><strong>defensio</strong></span> <span class='ocrx_word' id='word_1_96' title='bbox 703 860 772 896; x_wconf 90' lang='lat' dir='ltr'><strong>sed</strong></span> <span class='ocrx_word' id='word_1_97' title='bbox 799 858 1088 908; x_wconf 87' lang='lat' dir='ltr'><strong>improbissima</strong></span> <span class='ocrx_word' id='word_1_98' title='bbox 1117 858 1314 896; x_wconf 91' lang='lat' dir='ltr'><strong>confessio</strong></span> <span class='ocrx_word' id='word_1_99' title='bbox 1338 871 1443 896; x_wconf 92' lang='lat' dir='ltr'><strong>com-</strong></span> 
     </span>
     <span class='ocr_line' id='line_1_13' title="bbox 111 923 1441 972; baseline 0.002 -13"><span class='ocrx_word' id='word_1_100' title='bbox 111 929 276 971; x_wconf 88' lang='lat' dir='ltr'><strong>paratur.</strong></span> <span class='ocrx_word' id='word_1_101' title='bbox 352 923 456 960; x_wconf 88' lang='lat' dir='ltr'><strong>Nam</strong></span> <span class='ocrx_word' id='word_1_102' title='bbox 496 937 586 961; x_wconf 91' lang='lat' dir='ltr'><strong>cum</strong></span> <span class='ocrx_word' id='word_1_103' title='bbox 630 937 677 961; x_wconf 85' lang='lat' dir='ltr'><strong>ex</strong></span> <span class='ocrx_word' id='word_1_104' title='bbox 715 931 873 961; x_wconf 88' lang='lat' dir='ltr'><strong>senatus</strong></span> <span class='ocrx_word' id='word_1_105' title='bbox 912 924 1094 961; x_wconf 87' lang='lat' dir='ltr'><strong>consulto</strong></span> <span class='ocrx_word' id='word_1_106' title='bbox 1133 930 1171 961; x_wconf 86' lang='lat' dir='ltr'><strong>et</strong></span> <span class='ocrx_word' id='word_1_107' title='bbox 1206 936 1252 961; x_wconf 87' lang='lat' dir='ltr'><strong>ex</strong></span> <span class='ocrx_word' id='word_1_108' title='bbox 1290 923 1441 972; x_wconf 82' lang='lat' dir='ltr'><strong>legibus</strong></span> 
     </span>
     <span class='ocr_line' id='line_1_14' title="bbox 110 986 1441 1036; baseline 0.002 -13"><span class='ocrx_word' id='word_1_109' title='bbox 110 987 349 1024; x_wconf 87' lang='lat' dir='ltr'><strong>frumentum</strong></span> <span class='ocrx_word' id='word_1_110' title='bbox 388 986 427 1024; x_wconf 89' lang='lat' dir='ltr'><strong>in</strong></span> <span class='ocrx_word' id='word_1_111' title='bbox 467 989 606 1025; x_wconf 91' lang='lat' dir='ltr'><strong>cellam</strong></span> <span class='ocrx_word' id='word_1_112' title='bbox 638 986 673 1025; x_wconf 89' lang='lat' dir='ltr'><strong>ei</strong></span> <span class='ocrx_word' id='word_1_113' title='bbox 707 1000 860 1025; x_wconf 89' lang='lat' dir='ltr'><strong>sumere</strong></span> <span class='ocrx_word' id='word_1_114' title='bbox 887 986 1018 1025; x_wconf 89' lang='lat' dir='ltr'><strong>liceret</strong></span> <span class='ocrx_word' id='word_1_115' title='bbox 1050 987 1170 1036; x_wconf 82' lang='lat' dir='ltr'><strong>idque</strong></span> <span class='ocrx_word' id='word_1_116' title='bbox 1202 988 1441 1025; x_wconf 88' lang='lat' dir='ltr'><strong>frumentum</strong></span> 
     </span>
     <span class='ocr_line' id='line_1_15' title="bbox 111 1051 1441 1101; baseline 0.002 -13"><span class='ocrx_word' id='word_1_117' title='bbox 111 1059 269 1088; x_wconf 89' lang='lat' dir='ltr'><strong>senatus</strong></span> <span class='ocrx_word' id='word_1_118' title='bbox 300 1051 352 1089; x_wconf 91' lang='lat' dir='ltr'><strong>ita</strong></span> <span class='ocrx_word' id='word_1_119' title='bbox 380 1051 632 1098; x_wconf 81' lang='lat' dir='ltr'><strong>aestimasset,</strong></span> <span class='ocrx_word' id='word_1_120' title='bbox 656 1051 855 1101; x_wconf 84' lang='lat' dir='ltr'><strong>quaternis</strong></span> <span class='ocrx_word' id='word_1_121' title='bbox 886 1053 956 1089; x_wconf 82' lang='lat' dir='ltr'><strong>Hs</strong></span> <span class='ocrx_word' id='word_1_122' title='bbox 982 1051 1096 1089; x_wconf 89' lang='lat' dir='ltr'><strong>tritici</strong></span> <span class='ocrx_word' id='word_1_123' title='bbox 1126 1051 1314 1098; x_wconf 87' lang='lat' dir='ltr'><strong>modium,</strong></span> <span class='ocrx_word' id='word_1_124' title='bbox 1339 1052 1441 1091; x_wconf 86' lang='lat' dir='ltr'><strong>binis</strong></span> 
     </span>
    </p>

    <p class='ocr_par' dir='ltr' id='par_1_6' title="bbox 53 1115 1440 1427">
     <span class='ocr_line' id='line_1_16' title="bbox 53 1115 1440 1162; baseline 0.002 -9"><span class='ocrx_word' id='word_1_125' title='bbox 53 1128 89 1160; x_wconf 85' lang='lat'><strong>15</strong></span> <span class='ocrx_word' id='word_1_126' title='bbox 111 1115 259 1162; x_wconf 89' lang='lat' dir='ltr'><strong>hordei,</strong></span> <span class='ocrx_word' id='word_1_127' title='bbox 283 1115 356 1155; x_wconf 88' lang='lat' dir='ltr'><strong>iste</strong></span> <span class='ocrx_word' id='word_1_128' title='bbox 375 1118 509 1155; x_wconf 74' lang='lat' dir='ltr'><strong>hordei</strong></span> <span class='ocrx_word' id='word_1_129' title='bbox 524 1130 689 1155; x_wconf 90' lang='lat' dir='ltr'><strong>numero</strong></span> <span class='ocrx_word' id='word_1_130' title='bbox 709 1118 759 1155; x_wconf 89' lang='lat' dir='ltr'><strong>ad</strong></span> <span class='ocrx_word' id='word_1_131' title='bbox 781 1130 975 1154; x_wconf 91' lang='lat' dir='ltr'><strong>summam</strong></span> <span class='ocrx_word' id='word_1_132' title='bbox 1002 1116 1116 1155; x_wconf 85' lang='lat' dir='ltr'><strong>tritici</strong></span> <span class='ocrx_word' id='word_1_133' title='bbox 1146 1117 1301 1156; x_wconf 86' lang='lat' dir='ltr'><strong>adiecto</strong></span> <span class='ocrx_word' id='word_1_134' title='bbox 1326 1117 1440 1156; x_wconf 90' lang='lat' dir='ltr'><strong>tritici</strong></span> 
     </span>
     <span class='ocr_line' id='line_1_17' title="bbox 110 1181 1437 1232; baseline 0.001 -13"><span class='ocrx_word' id='word_1_135' title='bbox 110 1181 266 1220; x_wconf 90' lang='lat' dir='ltr'><strong>modios</strong></span> <span class='ocrx_word' id='word_1_136' title='bbox 296 1182 469 1232; x_wconf 81' lang='lat' dir='ltr'><strong>singulos</strong></span> <span class='ocrx_word' id='word_1_137' title='bbox 499 1196 589 1221; x_wconf 92' lang='lat' dir='ltr'><strong>cum</strong></span> <span class='ocrx_word' id='word_1_138' title='bbox 618 1181 834 1220; x_wconf 89' lang='lat' dir='ltr'><strong>aratoribus</strong></span> <span class='ocrx_word' id='word_1_139' title='bbox 865 1181 1033 1220; x_wconf 90' lang='lat' dir='ltr'><strong>denariis</strong></span> <span class='ocrx_word' id='word_1_140' title='bbox 1063 1181 1181 1220; x_wconf 89' lang='lat' dir='ltr'><strong>ternis</strong></span> <span class='ocrx_word' id='word_1_141' title='bbox 1208 1182 1437 1220; x_wconf 86' lang='lat' dir='ltr'><strong>aestimavit.</strong></span> 
     </span>
     <span class='ocr_line' id='line_1_18' title="bbox 111 1245 1436 1294; baseline 0.002 -11"><span class='ocrx_word' id='word_1_142' title='bbox 111 1247 204 1284; x_wconf 92' lang='lat' dir='ltr'><strong>Non</strong></span> <span class='ocrx_word' id='word_1_143' title='bbox 225 1254 282 1284; x_wconf 89' lang='lat' dir='ltr'><strong>est</strong></span> <span class='ocrx_word' id='word_1_144' title='bbox 302 1246 342 1284; x_wconf 88' lang='lat' dir='ltr'><strong>in</strong></span> <span class='ocrx_word' id='word_1_145' title='bbox 364 1248 439 1286; x_wconf 90' lang='lat' dir='ltr'><strong>hoc</strong></span> <span class='ocrx_word' id='word_1_146' title='bbox 460 1247 617 1293; x_wconf 87' lang='lat' dir='ltr'><strong>crimen,</strong></span> <span class='ocrx_word' id='word_1_147' title='bbox 643 1245 845 1292; x_wconf 87' lang='lat' dir='ltr'><strong>Hortensi,</strong></span> <span class='ocrx_word' id='word_1_148' title='bbox 869 1259 918 1284; x_wconf 90' lang='lat' dir='ltr'><strong>ne</strong></span> <span class='ocrx_word' id='word_1_149' title='bbox 939 1247 1037 1284; x_wconf 90' lang='lat' dir='ltr'><strong>forte</strong></span> <span class='ocrx_word' id='word_1_150' title='bbox 1056 1247 1107 1285; x_wconf 93' lang='lat' dir='ltr'><strong>ad</strong></span> <span class='ocrx_word' id='word_1_151' title='bbox 1135 1247 1211 1284; x_wconf 91' lang='lat' dir='ltr'><strong>hoc</strong></span> <span class='ocrx_word' id='word_1_152' title='bbox 1238 1247 1436 1294; x_wconf 85' lang='lat' dir='ltr'><strong>meditere,</strong></span> 
     </span>
     <span class='ocr_line' id='line_1_19' title="bbox 110 1310 1440 1362; baseline 0.002 -14"><span class='ocrx_word' id='word_1_153' title='bbox 110 1313 254 1350; x_wconf 90' lang='lat' dir='ltr'><strong>multos</strong></span> <span class='ocrx_word' id='word_1_154' title='bbox 276 1325 393 1362; x_wconf 83' lang='lat' dir='ltr'><strong>saepe</strong></span> <span class='ocrx_word' id='word_1_155' title='bbox 414 1312 514 1350; x_wconf 89' lang='lat' dir='ltr'><strong>viros</strong></span> <span class='ocrx_word' id='word_1_156' title='bbox 536 1313 663 1350; x_wconf 88' lang='lat' dir='ltr'><strong>bonos</strong></span> <span class='ocrx_word' id='word_1_157' title='bbox 685 1320 722 1350; x_wconf 90' lang='lat' dir='ltr'><strong>et</strong></span> <span class='ocrx_word' id='word_1_158' title='bbox 744 1310 852 1350; x_wconf 89' lang='lat' dir='ltr'><strong>fortis</strong></span> <span class='ocrx_word' id='word_1_159' title='bbox 874 1319 911 1349; x_wconf 88' lang='lat' dir='ltr'><strong>et</strong></span> <span class='ocrx_word' id='word_1_160' title='bbox 932 1310 1154 1350; x_wconf 86' lang='lat' dir='ltr'><strong>innocentis</strong></span> <span class='ocrx_word' id='word_1_161' title='bbox 1174 1325 1264 1350; x_wconf 91' lang='lat' dir='ltr'><strong>cum</strong></span> <span class='ocrx_word' id='word_1_162' title='bbox 1285 1313 1440 1352; x_wconf 87' lang='lat' dir='ltr'><strong>aratori—</strong></span> 
     </span>
     <span class='ocr_line' id='line_1_20' title="bbox 111 1375 1437 1427; baseline 0.002 -14"><span class='ocrx_word' id='word_1_163' title='bbox 111 1376 184 1414; x_wconf 88' lang='lat' dir='ltr'><strong>bus</strong></span> <span class='ocrx_word' id='word_1_164' title='bbox 216 1384 253 1415; x_wconf 91' lang='lat' dir='ltr'><strong>et</strong></span> <span class='ocrx_word' id='word_1_165' title='bbox 287 1390 377 1415; x_wconf 92' lang='lat' dir='ltr'><strong>cum</strong></span> <span class='ocrx_word' id='word_1_166' title='bbox 410 1377 631 1416; x_wconf 85' lang='lat' dir='ltr'><strong>civitatibus</strong></span> <span class='ocrx_word' id='word_1_167' title='bbox 666 1379 917 1422; x_wconf 88' lang='lat' dir='ltr'><strong>frumentum,</strong></span> <span class='ocrx_word' id='word_1_168' title='bbox 946 1375 986 1414; x_wconf 90' lang='lat' dir='ltr'><strong>in</strong></span> <span class='ocrx_word' id='word_1_169' title='bbox 1010 1378 1149 1414; x_wconf 91' lang='lat' dir='ltr'><strong>cellam</strong></span> <span class='ocrx_word' id='word_1_170' title='bbox 1189 1379 1297 1427; x_wconf 87' lang='lat' dir='ltr'><strong>quod</strong></span> <span class='ocrx_word' id='word_1_171' title='bbox 1337 1378 1437 1416; x_wconf 88' lang='lat' dir='ltr'><strong>sumi</strong></span> 
     </span>
    </p>

    <p class='ocr_par' dir='ltr' id='par_1_7' title="bbox 51 1438 1522 1751">
     <span class='ocr_line' id='line_1_21' title="bbox 51 1438 1438 1492; baseline 0.003 -15"><span class='ocrx_word' id='word_1_172' title='bbox 51 1438 98 1477; x_wconf 42' lang='lat'><strong>20⁵</strong></span> <span class='ocrx_word' id='word_1_173' title='bbox 110 1449 320 1490; x_wconf 85' lang='lat' dir='ltr'><strong>oporteret,</strong></span> <span class='ocrx_word' id='word_1_174' title='bbox 339 1441 565 1480; x_wconf 86' lang='lat' dir='ltr'><strong>aestimasse</strong></span> <span class='ocrx_word' id='word_1_175' title='bbox 595 1450 632 1480; x_wconf 89' lang='lat' dir='ltr'><strong>et</strong></span> <span class='ocrx_word' id='word_1_176' title='bbox 659 1441 867 1492; x_wconf 91' lang='lat' dir='ltr'><strong>pecuniam</strong></span> <span class='ocrx_word' id='word_1_177' title='bbox 898 1454 968 1490; x_wconf 86' lang='lat' dir='ltr'><strong>pro</strong></span> <span class='ocrx_word' id='word_1_178' title='bbox 993 1442 1189 1479; x_wconf 88' lang='lat' dir='ltr'><strong>frumento</strong></span> <span class='ocrx_word' id='word_1_179' title='bbox 1217 1442 1438 1481; x_wconf 80' lang='lat' dir='ltr'><strong>abstulisse.</strong></span> 
     </span>
     <span class='ocr_line' id='line_1_22' title="bbox 110 1505 1439 1556; baseline 0.002 -13"><span class='ocrx_word' id='word_1_180' title='bbox 110 1505 200 1544; x_wconf 90' lang='lat' dir='ltr'><strong>Scio</strong></span> <span class='ocrx_word' id='word_1_181' title='bbox 230 1506 326 1556; x_wconf 82' lang='lat' dir='ltr'><strong>quid</strong></span> <span class='ocrx_word' id='word_1_182' title='bbox 356 1508 479 1545; x_wconf 84' lang='lat' dir='ltr'><strong>soleat</strong></span> <span class='ocrx_word' id='word_1_183' title='bbox 508 1507 600 1554; x_wconf 89' lang='lat' dir='ltr'><strong>fieri,</strong></span> <span class='ocrx_word' id='word_1_184' title='bbox 635 1506 716 1545; x_wconf 89' lang='lat' dir='ltr'><strong>scio</strong></span> <span class='ocrx_word' id='word_1_185' title='bbox 747 1506 842 1556; x_wconf 83' lang='lat' dir='ltr'><strong>quid</strong></span> <span class='ocrx_word' id='word_1_186' title='bbox 873 1506 1014 1552; x_wconf 71' lang='lat' dir='ltr'><strong>liceat,</strong></span> <span class='ocrx_word' id='word_1_187' title='bbox 1054 1505 1150 1543; x_wconf 89' lang='lat' dir='ltr'><strong>nihil</strong></span> <span class='ocrx_word' id='word_1_188' title='bbox 1181 1509 1290 1556; x_wconf 83' lang='lat' dir='ltr'><strong>quod</strong></span> <span class='ocrx_word' id='word_1_189' title='bbox 1323 1516 1439 1546; x_wconf 84' lang='lat' dir='ltr'><strong>antea</strong></span> 
     </span>
     <span class='ocr_line' id='line_1_23' title="bbox 108 1570 1439 1622; baseline 0.002 -15"><span class='ocrx_word' id='word_1_190' title='bbox 108 1570 220 1608; x_wconf 90' lang='lat' dir='ltr'><strong>fuerit</strong></span> <span class='ocrx_word' id='word_1_191' title='bbox 248 1571 287 1608; x_wconf 93' lang='lat' dir='ltr'><strong>in</strong></span> <span class='ocrx_word' id='word_1_192' title='bbox 319 1572 605 1610; x_wconf 85' lang='lat' dir='ltr'><strong>consuetudine</strong></span> <span class='ocrx_word' id='word_1_193' title='bbox 627 1572 820 1609; x_wconf 84' lang='lat' dir='ltr'><strong>bonorum</strong></span> <span class='ocrx_word' id='word_1_194' title='bbox 843 1584 948 1608; x_wconf 88' lang='lat' dir='ltr'><strong>nunc</strong></span> <span class='ocrx_word' id='word_1_195' title='bbox 976 1570 1014 1608; x_wconf 93' lang='lat' dir='ltr'><strong>in</strong></span> <span class='ocrx_word' id='word_1_196' title='bbox 1042 1570 1152 1609; x_wconf 86' lang='lat' dir='ltr'><strong>istius</strong></span> <span class='ocrx_word' id='word_1_197' title='bbox 1182 1572 1285 1609; x_wconf 90' lang='lat' dir='ltr'><strong>facto</strong></span> <span class='ocrx_word' id='word_1_198' title='bbox 1315 1586 1439 1622; x_wconf 88' lang='lat' dir='ltr'><strong>repre-</strong></span> 
     </span>
     <span class='ocr_line' id='line_1_24' title="bbox 109 1635 1522 1687; baseline 0 -14"><span class='ocrx_word' id='word_1_199' title='bbox 109 1636 319 1683; x_wconf 76' lang='lat' dir='ltr'><strong>henditur,</strong></span> <span class='ocrx_word' id='word_1_200' title='bbox 349 1638 425 1675; x_wconf 89' lang='lat' dir='ltr'><strong>hoc</strong></span> <span class='ocrx_word' id='word_1_201' title='bbox 460 1638 716 1687; x_wconf 85' lang='lat' dir='ltr'><strong>reprehendo,</strong></span> <span class='ocrx_word' id='word_1_202' title='bbox 741 1637 861 1685; x_wconf 82' lang='lat' dir='ltr'><strong>quod,</strong></span> <span class='ocrx_word' id='word_1_203' title='bbox 884 1648 975 1673; x_wconf 87' lang='lat' dir='ltr'><strong>cum</strong></span> <span class='ocrx_word' id='word_1_204' title='bbox 997 1635 1036 1672; x_wconf 92' lang='lat' dir='ltr'><strong>in</strong></span> <span class='ocrx_word' id='word_1_205' title='bbox 1072 1635 1204 1674; x_wconf 84' lang='lat' dir='ltr'><strong>Sicilia</strong></span> <span class='ocrx_word' id='word_1_206' title='bbox 1235 1638 1304 1674; x_wconf 83' lang='lat' dir='ltr'><strong>HS</strong></span> <span class='ocrx_word' id='word_1_207' title='bbox 1336 1637 1437 1675; x_wconf 88' lang='lat' dir='ltr'><strong>binis</strong></span> <span class='ocrx_word' id='word_1_208' title='bbox 1462 1643 1522 1682; x_wconf 79' lang='lat'><strong>189</strong></span> 
     </span>
     <span class='ocr_line' id='line_1_25' title="bbox 109 1700 1435 1751; baseline 0.002 -13"><span class='ocrx_word' id='word_1_209' title='bbox 109 1701 224 1739; x_wconf 91' lang='lat' dir='ltr'><strong>tritici</strong></span> <span class='ocrx_word' id='word_1_210' title='bbox 257 1702 413 1740; x_wconf 91' lang='lat' dir='ltr'><strong>modius</strong></span> <span class='ocrx_word' id='word_1_211' title='bbox 439 1710 551 1749; x_wconf 85' lang='lat' dir='ltr'><strong>esset,</strong></span> <span class='ocrx_word' id='word_1_212' title='bbox 575 1710 617 1740; x_wconf 92' lang='lat' dir='ltr'><strong>ut</strong></span> <span class='ocrx_word' id='word_1_213' title='bbox 642 1702 751 1740; x_wconf 82' lang='lat' dir='ltr'><strong>istius</strong></span> <span class='ocrx_word' id='word_1_214' title='bbox 773 1700 940 1751; x_wconf 89' lang='lat' dir='ltr'><strong>epistula</strong></span> <span class='ocrx_word' id='word_1_215' title='bbox 965 1701 1015 1738; x_wconf 89' lang='lat' dir='ltr'><strong>ad</strong></span> <span class='ocrx_word' id='word_1_216' title='bbox 1046 1708 1084 1738; x_wconf 87' lang='lat' dir='ltr'><strong>te</strong></span> <span class='ocrx_word' id='word_1_217' title='bbox 1109 1701 1226 1738; x_wconf 85' lang='lat' dir='ltr'><strong>missa</strong></span> <span class='ocrx_word' id='word_1_218' title='bbox 1253 1703 1435 1749; x_wconf 80' lang='lat' dir='ltr'><strong>declarat,</strong></span> 
     </span>
    </p>
   </div>
   <div class='ocr_carea' id='block_1_3' title="bbox 1460 578 1524 668">
    <p class='ocr_par' dir='ltr' id='par_1_8' title="bbox 1460 578 1524 668">
     <span class='ocr_line' id='line_1_26' title="bbox 1460 578 1503 614; baseline 0 0"><span class='ocrx_word' id='word_1_219' title='bbox 1460 578 1503 614; x_wconf 89' lang='lat'><strong>81</strong></span> 
     </span>
     <span class='ocr_line' id='line_1_27' title="bbox 1464 638 1524 668; baseline -0.017 0"><span class='ocrx_word' id='word_1_220' title='bbox 1464 638 1524 668; x_wconf 78' lang='lat'><strong>188</strong></span> 
     </span>
    </p>
   </div>
   <div class='ocr_carea' id='block_1_4' title="bbox 0 1759 1437 1823">
    <p class='ocr_par' dir='ltr' id='par_1_9' title="bbox 0 1759 1437 1823">
     <span class='ocr_line' id='line_1_28' title="bbox 0 1759 1437 1823; baseline 0.002 -21"><span class='ocrx_word' id='word_1_221' title='bbox 0 1759 15 1823; x_wconf 49' lang='lat' dir='ltr'>q</span> <span class='ocrx_word' id='word_1_222' title='bbox 50 1777 88 1809; x_wconf 84' lang='lat'><strong>25</strong></span> <span class='ocrx_word' id='word_1_223' title='bbox 110 1778 308 1804; x_wconf 91' lang='lat' dir='ltr'><strong>summum</strong></span> <span class='ocrx_word' id='word_1_224' title='bbox 349 1768 420 1805; x_wconf 85' lang='lat' dir='ltr'><strong>Hs</strong></span> <span class='ocrx_word' id='word_1_225' title='bbox 461 1767 588 1812; x_wconf 89' lang='lat' dir='ltr'><strong>ternis,</strong></span> <span class='ocrx_word' id='word_1_226' title='bbox 613 1767 652 1804; x_wconf 88' lang='lat' dir='ltr'><strong>id</strong></span> <span class='ocrx_word' id='word_1_227' title='bbox 692 1766 800 1815; x_wconf 81' lang='lat' dir='ltr'><strong>quod</strong></span> <span class='ocrx_word' id='word_1_228' title='bbox 838 1772 876 1803; x_wconf 93' lang='lat' dir='ltr'><strong>et</strong></span> <span class='ocrx_word' id='word_1_229' title='bbox 910 1764 1143 1802; x_wconf 86' lang='lat' dir='ltr'><strong>testimoniis</strong></span> <span class='ocrx_word' id='word_1_230' title='bbox 1182 1766 1359 1804; x_wconf 91' lang='lat' dir='ltr'><strong>omnium</strong></span> <span class='ocrx_word' id='word_1_231' title='bbox 1399 1776 1437 1805; x_wconf 94' lang='lat' dir='ltr'><strong>et</strong></span> 
     </span>
    </p>
   </div>
   <div class='ocr_carea' id='block_1_5' title="bbox 107 1830 1506 2011">
    <p class='ocr_par' dir='ltr' id='par_1_10' title="bbox 107 1830 1506 2011">
     <span class='ocr_line' id='line_1_29' title="bbox 108 1830 1437 1882; baseline 0.002 -15"><span class='ocrx_word' id='word_1_232' title='bbox 108 1830 251 1868; x_wconf 88' lang='lat' dir='ltr'><strong>tabulis</strong></span> <span class='ocrx_word' id='word_1_233' title='bbox 289 1838 485 1869; x_wconf 88' lang='lat' dir='ltr'><strong>aratorum</strong></span> <span class='ocrx_word' id='word_1_234' title='bbox 524 1833 685 1882; x_wconf 90' lang='lat' dir='ltr'><strong>planum</strong></span> <span class='ocrx_word' id='word_1_235' title='bbox 725 1832 871 1868; x_wconf 81' lang='lat' dir='ltr'><strong>factum</strong></span> <span class='ocrx_word' id='word_1_236' title='bbox 901 1837 1017 1867; x_wconf 87' lang='lat' dir='ltr'><strong>antea</strong></span> <span class='ocrx_word' id='word_1_237' title='bbox 1048 1837 1116 1877; x_wconf 89' lang='lat' dir='ltr'><strong>est,</strong></span> <span class='ocrx_word' id='word_1_238' title='bbox 1146 1837 1229 1868; x_wconf 90' lang='lat' dir='ltr'><strong>turn</strong></span> <span class='ocrx_word' id='word_1_239' title='bbox 1261 1830 1333 1869; x_wconf 90' lang='lat' dir='ltr'><strong>iste</strong></span> <span class='ocrx_word' id='word_1_240' title='bbox 1367 1845 1437 1882; x_wconf 90' lang='lat' dir='ltr'><strong>pro</strong></span> 
     </span>
     <span class='ocr_line' id='line_1_30' title="bbox 107 1893 1436 1946; baseline 0.002 -15"><span class='ocrx_word' id='word_1_241' title='bbox 107 1893 222 1933; x_wconf 91' lang='lat' dir='ltr'><strong>tritici</strong></span> <span class='ocrx_word' id='word_1_242' title='bbox 244 1896 386 1934; x_wconf 93' lang='lat' dir='ltr'><strong>modiis</strong></span> <span class='ocrx_word' id='word_1_243' title='bbox 408 1896 568 1946; x_wconf 77' lang='lat' dir='ltr'><strong>singulis</strong></span> <span class='ocrx_word' id='word_1_244' title='bbox 596 1904 727 1934; x_wconf 90' lang='lat' dir='ltr'><strong>ternos</strong></span> <span class='ocrx_word' id='word_1_245' title='bbox 753 1896 804 1933; x_wconf 88' lang='lat' dir='ltr'><strong>ab</strong></span> <span class='ocrx_word' id='word_1_246' title='bbox 830 1894 1046 1933; x_wconf 86' lang='lat' dir='ltr'><strong>aratoribus</strong></span> <span class='ocrx_word' id='word_1_247' title='bbox 1077 1895 1257 1933; x_wconf 85' lang='lat' dir='ltr'><strong>denarios</strong></span> <span class='ocrx_word' id='word_1_248' title='bbox 1287 1898 1436 1946; x_wconf 81' lang='lat' dir='ltr'><strong>exegit;</strong></span> 
     </span>
     <span class='ocr_line' id='line_1_31' title="bbox 107 1959 1506 2011; baseline 0.003 -14"><span class='ocrx_word' id='word_1_249' title='bbox 107 1960 183 1998; x_wconf 91' lang='lat' dir='ltr'><strong>hoc</strong></span> <span class='ocrx_word' id='word_1_250' title='bbox 204 1960 353 2000; x_wconf 87' lang='lat' dir='ltr'><strong>crimen</strong></span> <span class='ocrx_word' id='word_1_251' title='bbox 374 1969 441 2007; x_wconf 87' lang='lat' dir='ltr'><strong>est,</strong></span> <span class='ocrx_word' id='word_1_252' title='bbox 467 1969 509 1999; x_wconf 93' lang='lat' dir='ltr'><strong>ut</strong></span> <span class='ocrx_word' id='word_1_253' title='bbox 538 1961 740 2011; x_wconf 81' lang='lat' dir='ltr'><strong>intellegas</strong></span> <span class='ocrx_word' id='word_1_254' title='bbox 762 1974 841 1998; x_wconf 92' lang='lat' dir='ltr'><strong>non</strong></span> <span class='ocrx_word' id='word_1_255' title='bbox 864 1973 909 1998; x_wconf 83' lang='lat' dir='ltr'><strong>ex</strong></span> <span class='ocrx_word' id='word_1_256' title='bbox 936 1959 1209 1999; x_wconf 89' lang='lat' dir='ltr'><strong>aestimatione</strong></span> <span class='ocrx_word' id='word_1_257' title='bbox 1237 1974 1366 2011; x_wconf 84' lang='lat' dir='ltr'><strong>neque</strong></span> <span class='ocrx_word' id='word_1_258' title='bbox 1391 1976 1435 2000; x_wconf 78' lang='lat' dir='ltr'><strong>ex</strong></span> <span class='ocrx_word' id='word_1_259' title='bbox 1456 1964 1506 2001; x_wconf 87' lang='lat'><strong>82</strong></span> 
     </span>
    </p>
   </div>
   <div class='ocr_carea' id='block_1_6' title="bbox 108 2061 1437 2400">
    <p class='ocr_par' dir='ltr' id='par_1_11' title="bbox 108 2061 1437 2363">
     <span class='ocr_line' id='line_1_32' title="bbox 156 2061 1436 2105; baseline -0.002 -10"><span class='ocrx_word' id='word_1_260' title='bbox 156 2074 168 2094; x_wconf 93' lang='lat'>1</span> <span class='ocrx_word' id='word_1_261' title='bbox 197 2075 253 2095; x_wconf 82' lang='lat' dir='ltr'><strong>eas</strong></span> <span class='ocrx_word' id='word_1_262' title='bbox 273 2064 303 2095; x_wconf 91' lang='grc' dir='ltr'><em>Ο</em></span> <span class='ocrx_word' id='word_1_263' title='bbox 323 2076 328 2094; x_wconf 87' lang='grc'>;</span> <span class='ocrx_word' id='word_1_264' title='bbox 353 2065 490 2105; x_wconf 78' lang='lat' dir='ltr'><strong>hascep</strong></span> <span class='ocrx_word' id='word_1_265' title='bbox 507 2065 571 2096; x_wconf 74' lang='lat' dir='ltr'><strong>rell.</strong></span> <span class='ocrx_word' id='word_1_266' title='bbox 645 2069 678 2094; x_wconf 88' lang='lat' dir='ltr'><strong>te</strong></span> <span class='ocrx_word' id='word_1_267' title='bbox 695 2064 851 2103; x_wconf 85' lang='lat' dir='ltr'><strong>quoniam</strong></span> <span class='ocrx_word' id='word_1_268' title='bbox 872 2074 908 2093; x_wconf 82' lang='lat' dir='ltr'><strong>re</strong></span> <span class='ocrx_word' id='word_1_269' title='bbox 929 2061 979 2093; x_wconf 91' lang='lat' dir='ltr'><strong>O:</strong></span> <span class='ocrx_word' id='word_1_270' title='bbox 1004 2062 1159 2100; x_wconf 81' lang='lat' dir='ltr'><strong>quoniam</strong></span> <span class='ocrx_word' id='word_1_271' title='bbox 1178 2067 1245 2102; x_wconf 82' lang='lat' dir='ltr'><strong>tep</strong></span> <span class='ocrx_word' id='word_1_272' title='bbox 1262 2063 1326 2094; x_wconf 83' lang='lat' dir='ltr'><strong>rell.</strong></span> <span class='ocrx_word' id='word_1_273' title='bbox 1416 2064 1436 2093; x_wconf 84' lang='lat'>8</span> 
     </span>
     <span class='ocr_line' id='line_1_33' title="bbox 109 2106 1435 2147; baseline 0.001 -10"><span class='ocrx_word' id='word_1_274' title='bbox 109 2107 270 2147; x_wconf 85' lang='lat' dir='ltr'><strong>reliquum</strong></span> <span class='ocrx_word' id='word_1_275' title='bbox 290 2113 340 2139; x_wconf 86' lang='lat' dir='ltr'><strong>est</strong></span> <span class='ocrx_word' id='word_1_276' title='bbox 360 2109 390 2139; x_wconf 92' lang='lat' dir='ltr'><em>O</em></span> <span class='ocrx_word' id='word_1_277' title='bbox 408 2121 415 2139; x_wconf 78' lang='lat' dir='ltr'><em>z</em></span> <span class='ocrx_word' id='word_1_278' title='bbox 441 2114 474 2138; x_wconf 85' lang='lat' dir='ltr'><strong>et</strong></span> <span class='ocrx_word' id='word_1_279' title='bbox 492 2109 642 2139; x_wconf 87' lang='lat' dir='ltr'><strong>relictum</strong></span> <span class='ocrx_word' id='word_1_280' title='bbox 664 2108 843 2147; x_wconf 52' lang='lat' dir='ltr'><strong>(reliquum</strong></span> <span class='ocrx_word' id='word_1_281' title='bbox 861 2107 921 2141; x_wconf 56' lang='lat' dir='ltr'><strong>al.)</strong></span> <span class='ocrx_word' id='word_1_282' title='bbox 940 2112 990 2137; x_wconf 85' lang='lat' dir='ltr'><strong>est</strong></span> <span class='ocrx_word' id='word_1_283' title='bbox 1005 2111 1029 2145; x_wconf 77' lang='lat' dir='ltr'><strong>p</strong></span> <span class='ocrx_word' id='word_1_284' title='bbox 1047 2106 1111 2136; x_wconf 76' lang='lat' dir='ltr'><strong>rell.</strong></span> <span class='ocrx_word' id='word_1_285' title='bbox 1303 2117 1342 2137; x_wconf 87' lang='lat'><strong>10</strong></span> <span class='ocrx_word' id='word_1_286' title='bbox 1365 2111 1435 2138; x_wconf 89' lang='lat' dir='ltr'><strong>tum</strong></span> 
     </span>
     <span class='ocr_line' id='line_1_34' title="bbox 110 2150 1435 2189; baseline -0.001 -8"><span class='ocrx_word' id='word_1_287' title='bbox 110 2151 164 2181; x_wconf 81' lang='lat' dir='ltr'><strong>ck:</strong></span> <span class='ocrx_word' id='word_1_288' title='bbox 196 2156 307 2181; x_wconf 88' lang='lat' dir='ltr'><strong>tamen</strong></span> <span class='ocrx_word' id='word_1_289' title='bbox 335 2152 387 2181; x_wconf 83' lang='lat' dir='ltr'><strong>O:</strong></span> <span class='ocrx_word' id='word_1_290' title='bbox 420 2157 456 2182; x_wconf 91' lang='lat' dir='ltr'><strong>tu</strong></span> <span class='ocrx_word' id='word_1_291' title='bbox 481 2164 502 2181; x_wconf 90' lang='grc' dir='ltr'><em>π</em></span> <span class='ocrx_word' id='word_1_292' title='bbox 680 2161 717 2189; x_wconf 88' lang='lat'><strong>14</strong></span> <span class='ocrx_word' id='word_1_293' title='bbox 749 2151 839 2181; x_wconf 82' lang='lat' dir='ltr'><strong>.N.s.</strong></span> <span class='ocrx_word' id='word_1_294' title='bbox 866 2160 919 2180; x_wconf 78' lang='lat'>1111</span> <span class='ocrx_word' id='word_1_295' title='bbox 947 2151 977 2180; x_wconf 87' lang='lat' dir='ltr'>O</span> <span class='ocrx_word' id='word_1_296' title='bbox 1004 2152 1037 2187; x_wconf 62' lang='grc' dir='ltr'><strong>(ξ</strong></span> <span class='ocrx_word' id='word_1_297' title='bbox 1068 2160 1124 2189; x_wconf 87' lang='lat'><strong>191</strong></span> <span class='ocrx_word' id='word_1_298' title='bbox 1151 2150 1251 2188; x_wconf 44' lang='lat' dir='ltr'><strong>infra}</strong></span> <span class='ocrx_word' id='word_1_299' title='bbox 1398 2160 1435 2189; x_wconf 87' lang='lat'><strong>15</strong></span> 
     </span>
     <span class='ocr_line' id='line_1_35' title="bbox 109 2193 1435 2234; baseline 0.001 -10"><span class='ocrx_word' id='word_1_300' title='bbox 109 2194 209 2233; x_wconf 84' lang='lat' dir='ltr'><strong>istep</strong></span> <span class='ocrx_word' id='word_1_301' title='bbox 226 2206 232 2224; x_wconf 90' lang='lat'>:</span> <span class='ocrx_word' id='word_1_302' title='bbox 257 2206 321 2226; x_wconf 75' lang='lat'><em>0111.</em></span> <span class='ocrx_word' id='word_1_303' title='bbox 345 2194 375 2224; x_wconf 86' lang='grc' dir='ltr'><em>Ο</em></span> <span class='ocrx_word' id='word_1_304' title='bbox 538 2194 655 2225; x_wconf 90' lang='lat' dir='ltr'><strong>hordei</strong></span> <span class='ocrx_word' id='word_1_305' title='bbox 673 2195 780 2234; x_wconf 80' lang='lat' dir='ltr'><strong>suppl.</strong></span> <span class='ocrx_word' id='word_1_306' title='bbox 801 2198 888 2228; x_wconf 77' lang='lat' dir='ltr'><strong>(ante</strong></span> <span class='ocrx_word' id='word_1_307' title='bbox 906 2194 982 2224; x_wconf 50' lang='lat' dir='ltr'><strong>iste¹</strong></span> <span class='ocrx_word' id='word_1_308' title='bbox 998 2194 1130 2233; x_wconf 39' lang='lat' dir='ltr'><strong>Pht-vg..</strong></span> <span class='ocrx_word' id='word_1_309' title='bbox 1152 2193 1266 2231; x_wconf 57' lang='lat' dir='ltr'><strong>Kays„</strong></span> <span class='ocrx_word' id='word_1_310' title='bbox 1279 2197 1355 2232; x_wconf 81' lang='lat' dir='ltr'><strong>post</strong></span> <span class='ocrx_word' id='word_1_311' title='bbox 1371 2194 1435 2225; x_wconf 88' lang='lat' dir='ltr'><strong>iste</strong></span> 
     </span>
     <span class='ocr_line' id='line_1_36' title="bbox 108 2237 1437 2276; baseline 0.001 -9"><span class='ocrx_word' id='word_1_312' title='bbox 108 2237 217 2275; x_wconf 70' lang='lat' dir='ltr'><strong>Klotz,</strong></span> <span class='ocrx_word' id='word_1_313' title='bbox 237 2238 348 2268; x_wconf 79' lang='lat' dir='ltr'><em>Muell.</em></span> <span class='ocrx_word' id='word_1_314' title='bbox 519 2240 558 2269; x_wconf 85' lang='lat'><strong>16</strong></span> <span class='ocrx_word' id='word_1_315' title='bbox 581 2238 690 2268; x_wconf 85' lang='lat' dir='ltr'><strong>ternis</strong></span> <span class='ocrx_word' id='word_1_316' title='bbox 708 2238 856 2268; x_wconf 79' lang='lat' dir='ltr'><strong>denariis</strong></span> <span class='ocrx_word' id='word_1_317' title='bbox 875 2237 905 2268; x_wconf 88' lang='lat' dir='ltr'><em>O</em></span> <span class='ocrx_word' id='word_1_318' title='bbox 1070 2238 1108 2266; x_wconf 84' lang='lat'><strong>18</strong></span> <span class='ocrx_word' id='word_1_319' title='bbox 1133 2247 1234 2275; x_wconf 85' lang='lat' dir='ltr'><strong>saepe</strong></span> <span class='ocrx_word' id='word_1_320' title='bbox 1252 2241 1280 2266; x_wconf 75' lang='lat' dir='ltr'><strong>et</strong></span> <span class='ocrx_word' id='word_1_321' title='bbox 1296 2242 1329 2267; x_wconf 88' lang='lat' dir='ltr'><strong>et</strong></span> <span class='ocrx_word' id='word_1_322' title='bbox 1348 2237 1437 2276; x_wconf 83' lang='lat' dir='ltr'><strong>(ante</strong></span> 
     </span>
     <span class='ocr_line' id='line_1_37' title="bbox 109 2279 1435 2321; baseline 0.001 -11"><span class='ocrx_word' id='word_1_323' title='bbox 109 2280 231 2320; x_wconf 68' lang='lat' dir='ltr'><strong>sortes)</strong></span> <span class='ocrx_word' id='word_1_324' title='bbox 249 2292 314 2312; x_wconf 82' lang='lat' dir='ltr'><strong>om.</strong></span> <span class='ocrx_word' id='word_1_325' title='bbox 336 2281 366 2311; x_wconf 86' lang='lat' dir='ltr'><em>O</em></span> <span class='ocrx_word' id='word_1_326' title='bbox 502 2291 540 2321; x_wconf 88' lang='lat'><strong>19</strong></span> <span class='ocrx_word' id='word_1_327' title='bbox 565 2281 723 2311; x_wconf 84' lang='lat' dir='ltr'><strong>frumenti</strong></span> <span class='ocrx_word' id='word_1_328' title='bbox 741 2281 788 2311; x_wconf 86' lang='lat' dir='ltr'><strong>cO</strong></span> <span class='ocrx_word' id='word_1_329' title='bbox 915 2290 957 2320; x_wconf 88' lang='lat'><strong>25</strong></span> <span class='ocrx_word' id='word_1_330' title='bbox 981 2281 1127 2311; x_wconf 87' lang='lat' dir='ltr'><strong>omnium</strong></span> <span class='ocrx_word' id='word_1_331' title='bbox 1146 2279 1193 2310; x_wconf 87' lang='lat' dir='ltr'><strong>cO</strong></span> <span class='ocrx_word' id='word_1_332' title='bbox 1212 2291 1218 2310; x_wconf 89' lang='lat'>:</span> <span class='ocrx_word' id='word_1_333' title='bbox 1243 2280 1435 2321; x_wconf 85' lang='lat' dir='ltr'><strong>omnibusp</strong></span> 
     </span>
     <span class='ocr_line' id='line_1_38' title="bbox 109 2323 792 2363; baseline 0.003 -10"><span class='ocrx_word' id='word_1_334' title='bbox 109 2323 174 2354; x_wconf 85' lang='lat' dir='ltr'><strong>rell.</strong></span> <span class='ocrx_word' id='word_1_335' title='bbox 309 2335 347 2363; x_wconf 76' lang='lat'><strong>27</strong></span> <span class='ocrx_word' id='word_1_336' title='bbox 374 2325 448 2355; x_wconf 84' lang='lat' dir='ltr'><strong>den.</strong></span> <span class='ocrx_word' id='word_1_337' title='bbox 468 2329 583 2356; x_wconf 79' lang='lat' dir='ltr'><strong>ternos</strong></span> <span class='ocrx_word' id='word_1_338' title='bbox 600 2325 642 2356; x_wconf 85' lang='lat' dir='ltr'><strong>ab</strong></span> <span class='ocrx_word' id='word_1_339' title='bbox 658 2328 741 2357; x_wconf 83' lang='lat' dir='ltr'><strong>arat.</strong></span> <span class='ocrx_word' id='word_1_340' title='bbox 761 2324 792 2355; x_wconf 92' lang='lat' dir='ltr'>O</span> 
     </span>
    </p>

    <p class='ocr_par' dir='ltr' id='par_1_12' title="bbox 150 2367 1348 2400">
     <span class='ocr_line' id='line_1_39' title="bbox 150 2367 1348 2400; baseline -0.001 -2"><span class='ocrx_word' id='word_1_341' title='bbox 150 2377 214 2399; x_wconf 81' lang='lat' dir='ltr'><strong>ele.</strong></span> <span class='ocrx_word' id='word_1_342' title='bbox 233 2377 313 2400; x_wconf 79' lang='lat' dir='ltr'><strong>VER.</strong></span> <span class='ocrx_word' id='word_1_343' title='bbox 1306 2367 1348 2397; x_wconf 83' lang='lat'><strong>19</strong></span> 
     </span>
    </p>
   </div>
  </div>
 </body>
</html>
