1715 2734
172 77 440 115 ACTIONIs
472 77 533 113 IN
564 76 608 114 c.
633 76 873 112 VERREM
907 75 1205 113 SECVNDAE
1238 77 1340 113 LIB.
1366 77 1383 113 1
1427 86 1480 122 43
1502 91 1558 113 111

155 185 242 234 quis
271 184 501 234 reperiretur
538 183 606 233 qui
641 183 750 222 istius
790 183 1011 221 institutum
1046 183 1157 232 sequi
1191 184 1333 231 vellet3
1374 185 1479 222 solus

154 249 259 287 enim
280 256 322 286 tu
343 248 525 286 inventus
546 261 587 286 es
607 248 671 286 cui
692 249 783 286 satis
804 263 885 287 non
906 248 1018 287 suerit
1035 247 1224 297 corrigere
1245 255 1479 286 testamenta

153 314 340 360 vivorum,
376 313 450 351 nisi
484 313 599 351 etiam
636 314 876 352 rescinderes
907 321 1161 352 mortuorum.
1221 315 1284 350 Tu
1316 313 1398 363 ipse
1432 327 1479 352 ex
1500 330 1560 351 112

153 378 344 418 Siciliensi
383 378 515 416 edicto
549 379 625 416 hoc
660 378 874 426 sustulisti3
911 377 1081 425 voluisti,
1111 392 1157 415 ex
1195 377 1408 427 improviso
1447 378 1479 415 si

113 462 130 492 5
153 457 253 493 quae
284 456 343 481 res
374 450 466 480 nata
496 450 611 489 esset,
642 456 687 480 ex
718 444 870 481 urbano
900 443 1032 481 edicto
1063 443 1284 481 decernere.
1346 444 1477 491 Quam

152 516 288 557 postea
309 516 350 545 tu
372 507 443 545 tibi
465 507 737 546 defensionem
760 508 1019 557 relinquebas,
1043 507 1082 545 in
1104 522 1150 545 ea
1171 507 1339 545 maxime
1360 510 1477 546 offen-

151 572 252 619 disti,
285 586 376 610 cum
408 580 516 610 tuam
547 571 819 610 auctoritatem
851 580 933 610 tute
965 572 1048 622 ipse
1082 571 1214 610 edicto
1248 572 1477 622 provinciali

150 637 394 686 repudiabas.

203 704 335 751 Atque
352 715 425 752 ego
445 715 525 740 non
547 703 686 740 dubito
700 703 806 752 quin,
826 710 868 741 ut
889 703 996 750 mihi,
1015 703 1077 741 cui
1101 717 1188 741 mea
1208 702 1288 740 filia
1308 703 1476 741 maxime
1495 711 1549 749 44

92 781 130 803 10
149 766 258 804 cordi
296 774 364 812 est,
395 780 453 804 res
486 768 583 805 haec
612 767 753 805 acerba
779 767 932 805 videtur
969 776 1088 817 atque
1119 767 1291 818 indigna,
1324 767 1379 805 sic
1409 768 1476 805 uni

149 831 291 880 cuique
311 839 493 878 vestrum,
512 831 579 881 qui
609 831 724 869 simili
754 845 870 870 sensu
904 841 1022 882 atque
1043 832 1287 882 indulgentia
1310 832 1475 870 filiarum

147 896 465 934 commovemini.
526 896 634 945 Quid
661 897 766 934 enim
802 907 940 935 natura
971 897 1087 936 nobis
1123 897 1344 943 iucundius,
1379 897 1475 947 quid

147 961 272 998 carius
293 975 378 999 esse
409 961 562 999 voluit?
591 962 687 1011 quid
717 970 775 1000 est
807 963 962 1013 dignius
997 963 1035 1001 in
1068 977 1147 1013 quo
1182 963 1311 1001 omnis
1344 971 1475 1001 nostra

147 1025 347 1076 diligentia
368 1025 691 1077 indulgentiaque
708 1030 990 1066 consumatur?
1062 1030 1200 1066 Homo
1226 1028 1474 1078 importunis
1498 1045 1557 1075 113

88 1108 127 1139 15
147 1090 255 1137 sime,
291 1105 359 1129 cur
397 1099 546 1129 tantam
585 1092 764 1130 iniuriam
798 1095 838 1131 P.
871 1094 1003 1131 Annio
1036 1101 1190 1132 mortuo
1225 1093 1378 1131 fecisti?
1407 1107 1475 1132 cur

147 1157 252 1194 hunc
273 1157 451 1194 dolorem
478 1157 598 1195 cineri
618 1157 701 1195 eius
721 1166 840 1208 atque
869 1158 1023 1196 ossibus
1058 1158 1240 1204 inussisti,
1270 1166 1312 1196 ut
1344 1158 1473 1197 liberis

146 1221 229 1259 eius
251 1222 356 1259 bona
376 1221 756 1271 patria—voluntate
778 1222 906 1272 patriS‚
923 1223 1014 1270 iure,
1038 1223 1188 1273 legibus
1209 1223 1474 1262 tradita—eri-

145 1299 267 1335 peres,
290 1294 328 1324 et
341 1286 404 1324 cui
418 1286 489 1325 tibi
509 1295 611 1325 esset
632 1289 889 1326 commodum
911 1289 1188 1326 condonares?
1223 1288 1470 1337 Quibuscum

145 1348 221 1385 vivi
242 1349 347 1386 bona
367 1356 500 1386 nostra
522 1349 720 1399 partimur,
744 1349 789 1388 iis
810 1358 963 1399 praetor
982 1350 1154 1388 adimere
1175 1350 1289 1388 nobis
1311 1351 1473 1388 mortuis

87 1433 126 1454 20
145 1413 251 1451 bona
284 1415 539 1463 fortunasque
563 1414 737 1463 poterit?
804 1417 896 1452 NEC
925 1427 1194 1461 PETITIONISM,
1223 1415 1362 1464 inquit,
1392 1427 1473 1453 NEC

145 1490 449 1516 PossessloNEM
490 1491 610 1517 DAsso.
672 1479 824 1529 Eripies
855 1479 969 1529 igitur
1000 1480 1170 1530 pupillae
1204 1489 1334 1529 togam
1367 1493 1473 1529 prae-

144 1551 304 1590 textam,
329 1544 511 1582 detrahes
542 1552 772 1582 ornamenta
797 1559 877 1583 non
902 1547 1028 1583 solum
1056 1546 1233 1583 fortunae
1254 1546 1323 1583 sed
1353 1545 1471 1583 etiam

145 1608 426 1658 ingenuitatis?
494 1609 685 1647 Miramur
718 1611 769 1648 ad
809 1624 917 1648 arma
952 1618 1087 1649 contra
1122 1610 1239 1648 istum
1268 1610 1469 1649 hominem

146 1675 439 1723 Lampsacenos
460 1673 547 1720 isse,
571 1674 756 1712 miramur
777 1675 892 1713 istum
916 1677 965 1714 de
986 1675 1187 1725 provincia
1208 1676 1470 1713 decedentem

86 1755 125 1786 25
145 1739 246 1776 clam
286 1737 484 1787 Syracusis
522 1738 771 1788 profugisse?
858 1741 941 1777 Nos
975 1740 1006 1777 si
1038 1739 1205 1778 alienam
1239 1739 1365 1778 vicem
1401 1753 1471 1790 pro

145 1811 277 1841 nostra
296 1803 435 1841 iniuria
462 1804 698 1850 doleremus,
733 1804 939 1854 vestigium
979 1804 1088 1842 istius
1124 1804 1162 1842 in
1202 1805 1286 1843 foro
1319 1806 1469 1842 nullum

144 1876 246 1906 esset
280 1867 469 1906 relictum.
542 1870 655 1906 Pater
692 1869 759 1906 dat
799 1869 910 1915 filiae,
946 1870 1158 1920 prohibes:
1188 1871 1291 1919 leges
1324 1869 1468 1916 sinunt,
1494 1888 1553 1919 114

147 1941 278 1970 tamen
299 1940 337 1970 te
350 1932 567 1982 interponis
587 1936 593 1970 ἒ
653 1934 714 1971 De
735 1933 813 1971 suis
836 1934 948 1972 bonis
974 1935 1026 1972 ita
1046 1936 1112 1972 dat
1134 1942 1175 1972 ut
1201 1935 1251 1972 ab
1278 1934 1360 1972 iure
1389 1948 1470 1973 non

144 1998 285 2043 abeat3
316 1997 411 2047 quid
439 1998 561 2036 habes
592 1999 700 2047 quod
728 2000 1020 2047 reprehendas?
1070 1999 1189 2046 Nihil,
1208 1998 1361 2048 opinor.·
1417 2002 1469 2037 At

84 2077 126 2108 30
145 2075 217 2111 ego
238 2063 445 2109 concedo,
474 2061 649 2112 prohibe,
680 2061 710 2099 si
737 2070 863 2112 potes,
893 2063 923 2100 si
956 2064 1076 2102 habes
1101 2063 1168 2113 qui
1203 2072 1240 2101 te
1270 2063 1415 2110 audiat,
1438 2064 1469 2102 si

190 2175 202 2194 1
230 2165 327 2195 istius
344 2165 533 2195 institutum
550 2165 619 2195 secl.
639 2165 773 2195 Ernesti
916 2178 935 2196 2
960 2169 1043 2198 satis
1068 2178 1133 2198 non
1165 2167 1210 2197 V:
1237 2178 1302 2198 non
1326 2168 1409 2198 satis
1429 2169 1469 2198 πὸ

143 2218 162 2246 5
188 2214 266 2238 nata
283 2214 373 2238 esset
392 2208 423 2238 V
437 2208 479 2239 al.
501 2220 507 2238 :
533 2215 630 2239 natae
648 2214 763 2239 essent
781 2210 820 2239 πὸ
951 2213 972 2240 6
996 2217 1030 2241 tu
1048 2212 1104 2241 tibi
1127 2211 1162 2250 V,
1183 2215 1219 2241 ut
1241 2211 1375 2250 videtur,
1399 2212 1442 2241 al.
1462 2223 1467 2240 :

144 2251 202 2281 tibi
231 2256 265 2281 tu
293 2252 333 2281 πὸ
439 2263 460 2291 9
485 2262 550 2290 ego
579 2262 644 2282 om.
664 2263 684 2291 q
822 2262 860 2292 15
886 2254 996 2285 fecisti
1013 2260 1146 2285 mortuo
1163 2255 1182 2284 b
1289 2265 1328 2293 19
1353 2259 1468 2285 nostra

149 2295 214 2334 Vpb
229 2306 236 2324 ε
261 2300 401 2332 paterna
418 2305 437 2333 q
452 2306 458 2324 :
484 2299 597 2324 nostra
616 2299 756 2333 paterna
773 2305 792 2323 ν
877 2295 929 2325 his
943 2296 985 2335 pb
1000 2307 1006 2326 ε
1034 2297 1061 2326 is
1077 2307 1098 2335 q
1197 2308 1234 2327 21
1264 2297 1375 2337 Eripis
1391 2299 1469 2331 Asc.

145 2339 187 2368 26
211 2338 337 2367 nullum
358 2337 402 2367 V:
429 2348 496 2367 non
514 2343 534 2376 p
551 2337 615 2367 rell.
