1715 2734
182 54 450 93 ACTIONIS
481 55 542 93 IN
574 55 618 94 C.
641 56 882 93 VERREM
913 55 1211 94 SECVNDAE
1241 58 1409 96 LIB.11
1462 69 1505 106 14
1524 71 1565 106 37

179 163 264 215 ipse
291 164 519 204 discederet.
578 166 788 216 Adprobat
818 165 1052 213 consilium3
1080 173 1216 204 auctor
1235 174 1293 205 est
1320 175 1361 205 ut
1383 182 1502 218 quam

178 229 348 279 primum
385 243 499 280 agere
536 229 735 280 incipiant,
772 230 1055 280 hominemque
1093 230 1133 269 id
1163 231 1299 269 aetatis
1338 233 1501 272 minime

177 294 389 344 litigiosum
436 308 555 345 quam
608 295 958 334 tumultuosissime
1009 295 1244 334 adoriantur.
1312 297 1500 336 Scribitur

178 359 366 398 Heraclio
417 359 515 398 dica.
594 359 726 399 Primo
774 360 962 398 mirantur
1013 374 1150 399 omnes
1207 360 1497 411 improbitatem
1520 372 1563 410 15

136 438 154 469 5
176 423 395 463 calumniae
411 439 421 471 ς
449 424 595 463 deinde
615 425 682 475 qui
704 425 821 463 istum
845 432 1006 464 nossent
1026 425 1166 475 partim
1187 425 1495 475 suspicabantur,

174 488 314 537 partim
348 491 464 539 plane
498 489 685 528 videbant
723 490 922 529 adiectum
961 503 1047 528 esse
1080 492 1239 528 oculum
1277 491 1494 529 hereditati.

176 554 331 591 Interea
364 553 448 592 dies
486 553 645 592 advenit
683 567 763 604 quo
802 554 866 593 die
905 568 990 593 sese
1028 568 1075 592 ex
1112 554 1290 593 instituto
1327 568 1373 593 ac
1411 557 1496 605 lege

173 617 333 667 Rupilia
364 618 471 656 dicas
506 619 732 656 sortiturum
764 618 962 668 Syracusis
992 618 1063 657 iste
1093 619 1274 657 edixerat.
1333 621 1494 658 Paratus

170 683 222 720 ad
264 683 366 720 hanc
406 683 537 721 dicam
577 683 817 722 sortiendam
861 691 1029 722 venerat.
1088 685 1192 722 Tum
1240 697 1329 722 eum
1377 685 1495 723 docet

113 761 150 782 10
172 747 380 785 Heraclius
402 761 482 785 non
503 761 617 798 posse
639 761 686 786 eo
708 749 772 786 die
796 747 933 795 sortiri,
956 749 1064 798 quod
1085 750 1145 787 lex
1171 748 1329 799 Rupilia
1348 757 1494 788 vetaret

170 810 310 850 diebus
338 824 427 849 XXX
457 812 582 850 sortiri
612 812 741 850 dicam
772 812 916 862 quibus
940 812 1082 863 scripta
1111 821 1222 851 esset.
1282 813 1377 852 Dies
1404 826 1493 859 XXX

170 877 349 915 nondum
376 878 538 915 fuerant.
598 877 787 927 Sperabat
818 877 1037 925 Heraclius,
1069 877 1100 915 si
1129 878 1237 916 illum
1267 878 1371 917 diem
1401 881 1493 917 effu-

167 940 297 990 gisset,
319 948 410 980 ante
430 943 591 980 alteram
617 941 862 980 sortitionem
891 944 940 991 Q.
964 942 1131 989 Arrium,
1154 956 1272 993 quem
1293 944 1492 993 provincia

167 1012 251 1043 tum
276 1005 445 1044 maxime
465 1007 729 1056 exspectabat,
750 1020 1033 1045 successurum.
1089 1009 1168 1045 Iste
1188 1008 1371 1046 omnibus
1392 1008 1490 1047 dicis
1512 1016 1554 1056 38

110 1087 146 1118 15
166 1070 271 1109 diem
293 1070 452 1118 distulit,
472 1079 510 1110 et
530 1085 617 1109 eam
638 1071 743 1110 diem
764 1071 966 1110 constituit
986 1079 1028 1110 ut
1049 1073 1150 1110 hanc
1168 1072 1340 1111 Heraclii
1361 1073 1490 1112 dicam

166 1135 291 1173 sortiri
313 1144 401 1186 post
422 1136 506 1175 dies
528 1136 683 1186 triginta
703 1150 750 1175 ex
770 1138 854 1186 lege
874 1144 1018 1186 posset.
1061 1139 1322 1187 Posteaquam
1339 1151 1385 1176 ea
1405 1139 1489 1177 dies

164 1200 281 1247 venit,
304 1200 376 1239 iste
406 1201 542 1251 incipit
563 1201 745 1239 simulare
772 1215 813 1240 se
840 1203 939 1240 velle
966 1201 1102 1240 sortiri.
1164 1202 1371 1241 Heraclius
1398 1217 1488 1242 cum

164 1266 364 1304 advocatis
389 1266 471 1305 adit
499 1274 537 1305 et
567 1268 737 1316 postulat
768 1274 810 1304 ut
837 1266 911 1304 sibi
941 1280 1031 1304 cum
1061 1267 1302 1317 palaestritis,
1330 1269 1405 1306 hoc
1430 1277 1488 1307 est

164 1343 253 1367 cum
302 1332 452 1380 populo
499 1332 752 1381 Syracusano,
797 1344 926 1381 aequo
973 1331 1055 1369 iure
1102 1331 1318 1382 disceptare
1360 1334 1484 1372 liceat.

104 1409 144 1431 20
164 1395 386 1433 Adversarii
416 1397 615 1446 postulant
643 1404 684 1434 ut
712 1396 752 1433 in
782 1409 869 1434 eam
899 1389 981 1434 rem
1011 1395 1159 1435 iudices
1182 1398 1333 1444 dentur,
1365 1412 1412 1437 ex
1442 1399 1505 1437 iis-

162 1459 384 1499 civitatibus
414 1474 515 1510 quae
545 1461 584 1498 in
614 1461 654 1500 id
682 1463 809 1499 forum
841 1461 1097 1500 convenirent
1126 1462 1250 1509 electi,
1282 1463 1349 1513 qui
1373 1465 1485 1502 Verri

160 1524 407 1563 viderentur:
451 1526 659 1565 Heraclius
693 1534 839 1572 contra,
869 1533 911 1564 ut
944 1526 1093 1565 iudices
1123 1541 1169 1565 ex
1207 1529 1290 1577 lege
1326 1529 1485 1579 Rupilia

160 1591 311 1637 dentur,
338 1598 381 1629 ut
406 1592 457 1630 ab
484 1591 669 1630 institutis
697 1592 952 1641 superiorum,
980 1592 1031 1629 ab
1055 1591 1285 1630 auctoritate
1311 1601 1480 1642 senatus,

158 1655 210 1694 ab
236 1655 318 1694 iure
344 1656 522 1695 omnium
550 1657 769 1695 Siculorum
797 1669 847 1693 ne
874 1657 1086 1694 recedatur.
1146 1656 1254 1704 Quid
1280 1670 1352 1707 ego
1373 1657 1482 1697 istius

100 1738 137 1770 25
159 1721 198 1758 in
231 1720 312 1759 iure
350 1722 526 1761 dicundo
564 1721 769 1759 libidinem
803 1728 842 1758 et
873 1722 1019 1759 scelera
1055 1722 1352 1760 demonstrem?
1394 1723 1482 1772 quis

157 1792 329 1824 vestrum
376 1799 457 1824 non
504 1785 544 1823 in
592 1786 741 1824 urbana
782 1784 874 1823 iuris
916 1785 1090 1824 dictione
1132 1786 1343 1836 cognovit?
1394 1787 1481 1837 quis

157 1864 346 1900 umquam
366 1849 442 1889 isto
467 1858 644 1901 praetore
675 1851 898 1890 Chelidone
928 1850 1048 1888 invita
1076 1852 1160 1900 lege
1187 1864 1299 1900 agere
1324 1852 1481 1902 potuit?

156 1917 250 1953 Non
277 1915 406 1962 istum,
429 1923 472 1954 ut
493 1929 573 1954 non
598 1915 808 1962 neminem,
832 1914 1032 1965 provincia
1055 1915 1250 1965 corrupit,
1281 1915 1386 1955 idem
1408 1917 1479 1956 fuit

155 1981 222 2030 qui
257 1983 421 2020 Romae.
481 1982 583 2021 Cum
619 1981 659 2020 id
698 1970 806 2031 quod
844 1993 981 2019 omnes
1016 1980 1293 2031 intellegebant
1331 1982 1478 2022 diceret

94 2060 136 2091 30
156 2047 376 2093 Heraclius,
425 2045 484 2085 ius
531 2060 617 2085 esse
664 2054 813 2084 certum
862 2044 1000 2084 Siculis
1048 2047 1148 2084 inter
1191 2059 1232 2085 se
1272 2060 1352 2096 quo
1394 2047 1476 2087 iure

1504 1701 1543 1733 39

201 2160 238 2188 14
260 2149 345 2180 dicis
362 2149 439 2182 cO¹:
465 2151 705 2191 iudiciisprell.
822 2151 860 2180 16
883 2154 1059 2189 postquam
1078 2148 1108 2180 O
1211 2161 1253 2181 20
1278 2150 1318 2180 iis
1336 2151 1475 2183 Lamb.:

0 2192 9 2259 Γ
154 2192 207 2223 his
223 2193 311 2225 codd.
421 2204 459 2224 21
486 2199 715 2224 convenerant
731 2192 786 2224 cO¹
904 2203 944 2222 22
967 2204 1010 2223 ex
1026 2194 1068 2223 ‘Hk
1087 2196 1118 2231 t}
1138 2203 1179 2231 42
1196 2194 1299 2233 infra)
1316 2205 1322 2224 ἔ
1348 2205 1366 2225 e
1384 2196 1470 2236 vulg.

154 2245 196 2274 23
220 2237 339 2266 dentur
356 2247 398 2267 ne
414 2238 455 2267 ab
473 2243 558 2269 auct.
582 2237 712 2276 (mediis
729 2237 875 2269 omissis)
894 2260 900 2266 .
922 2259 929 2266 .
948 2259 956 2266 .
976 2238 1153 2267 recedatur
1171 2236 1212 2266 0¹
1433 2249 1473 2277 25

152 2279 299 2309 dicundo
314 2279 374 2310 cO¹
391 2281 432 2311 al.
454 2292 459 2310 :
485 2282 628 2311 dicendo
643 2287 688 2321 pq
734 2285 767 2310 et
777 2280 949 2310 scelerae:
974 2280 1105 2310 scelera
1121 2280 1170 2310 O:
1195 2290 1259 2311 om.
1275 2280 1339 2312 rell.
1433 2284 1473 2312 26

5 2356 7 2372 Ι
154 2322 187 2352 in
206 2322 255 2353 O:
279 2333 322 2353 ex
338 2323 402 2355 rell.
519 2334 562 2364 30
586 2330 714 2355 certum
731 2322 780 2354 ius
795 2332 870 2353 esse
888 2322 919 2352 Ο
1302 2368 1342 2398 9*
