<?xml version="1.0" encoding="UTF-8"?>
<!DOCTYPE html PUBLIC "-//W3C//DTD XHTML 1.0 Transitional//EN"
    "http://www.w3.org/TR/xhtml1/DTD/xhtml1-transitional.dtd">
<html xmlns="http://www.w3.org/1999/xhtml" xml:lang="en" lang="en">
 <head>
  <title>
</title>
<meta http-equiv="Content-Type" content="text/html;charset=utf-8" />
  <meta name='ocr-system' content='tesseract 3.04.00' />
  <meta name='ocr-capabilities' content='ocr_page ocr_carea ocr_par ocr_line ocrx_word'/>
</head>
<body>
  <div class='ocr_page' id='page_1' title='image "./orationesrecogno03ciceuoft/orationesrecogno03ciceuoft_0053.png"; bbox 0 0 1715 2734; ppageno 0'>
   <div class='ocr_carea' id='block_1_1' title="bbox 0 368 6 2520">
    <p class='ocr_par' dir='ltr' id='par_1_1' title="bbox 0 368 6 2520">
     <span class='ocr_line' id='line_1_1' title="bbox 0 368 6 2520; baseline 0 0"><span class='ocrx_word' id='word_1_1' title='bbox 0 368 6 2520; x_wconf 95' lang='lat' dir='ltr'> </span> 
     </span>
    </p>
   </div>
   <div class='ocr_carea' id='block_1_2' title="bbox 427 100 1540 142">
    <p class='ocr_par' dir='ltr' id='par_1_2' title="bbox 427 100 1540 142">
     <span class='ocr_line' id='line_1_2' title="bbox 427 100 1540 142; baseline -0.004 -2"><span class='ocrx_word' id='word_1_2' title='bbox 427 103 488 140; x_wconf 95' lang='lat' dir='ltr'>IN</span> <span class='ocrx_word' id='word_1_3' title='bbox 519 102 563 141; x_wconf 92' lang='lat' dir='ltr'>C.</span> <span class='ocrx_word' id='word_1_4' title='bbox 596 102 837 139; x_wconf 89' lang='lat' dir='ltr'><strong>VERREM</strong></span> <span class='ocrx_word' id='word_1_5' title='bbox 868 101 1043 139; x_wconf 91' lang='lat' dir='ltr'><strong>ACTIO</strong></span> <span class='ocrx_word' id='word_1_6' title='bbox 1074 100 1258 137; x_wconf 90' lang='lat' dir='ltr'><strong>PRIMA</strong></span> <span class='ocrx_word' id='word_1_7' title='bbox 1476 107 1502 135; x_wconf 90' lang='lat'>2</span> <span class='ocrx_word' id='word_1_8' title='bbox 1523 111 1540 142; x_wconf 88' lang='lat'>5</span> 
     </span>
    </p>
   </div>
   <div class='ocr_carea' id='block_1_3' title="bbox 119 206 1548 2277">
    <p class='ocr_par' dir='ltr' id='par_1_3' title="bbox 119 206 1548 2277">
     <span class='ocr_line' id='line_1_3' title="bbox 176 206 1501 259; baseline -0.005 -9"><span class='ocrx_word' id='word_1_9' title='bbox 176 210 320 251; x_wconf 79' lang='lat' dir='ltr'><strong>recenti</strong></span> <span class='ocrx_word' id='word_1_10' title='bbox 350 212 420 249; x_wconf 90' lang='lat' dir='ltr'>sed</span> <span class='ocrx_word' id='word_1_11' title='bbox 449 218 578 248; x_wconf 90' lang='lat' dir='ltr'>vetere</span> <span class='ocrx_word' id='word_1_12' title='bbox 606 223 652 248; x_wconf 90' lang='lat' dir='ltr'>ac</span> <span class='ocrx_word' id='word_1_13' title='bbox 682 210 865 249; x_wconf 86' lang='lat' dir='ltr'>diuturna</span> <span class='ocrx_word' id='word_1_14' title='bbox 896 211 1084 259; x_wconf 83' lang='lat' dir='ltr'>flagraret,</span> <span class='ocrx_word' id='word_1_15' title='bbox 1117 216 1200 246; x_wconf 87' lang='lat' dir='ltr'>tum</span> <span class='ocrx_word' id='word_1_16' title='bbox 1231 209 1282 246; x_wconf 88' lang='lat' dir='ltr'>ad</span> <span class='ocrx_word' id='word_1_17' title='bbox 1312 206 1501 246; x_wconf 88' lang='lat' dir='ltr'>iudicium</span> 
     </span>
     <span class='ocr_line' id='line_1_4' title="bbox 176 274 1541 326; baseline -0.004 -12"><span class='ocrx_word' id='word_1_18' title='bbox 176 277 509 326; x_wconf 88' lang='lat' dir='ltr'>corrumpendum</span> <span class='ocrx_word' id='word_1_19' title='bbox 544 283 699 324; x_wconf 88' lang='lat' dir='ltr'>tempus</span> <span class='ocrx_word' id='word_1_20' title='bbox 733 275 904 313; x_wconf 89' lang='lat' dir='ltr'>alienum</span> <span class='ocrx_word' id='word_1_21' title='bbox 940 275 1166 312; x_wconf 85' lang='lat' dir='ltr'>offenderet.</span> <span class='ocrx_word' id='word_1_22' title='bbox 1233 274 1373 322; x_wconf 88' lang='lat' dir='ltr'>Itaque</span> <span class='ocrx_word' id='word_1_23' title='bbox 1412 286 1502 310; x_wconf 91' lang='lat' dir='ltr'>cum</span> <span class='ocrx_word' id='word_1_24' title='bbox 1523 277 1541 307; x_wconf 91' lang='lat'><strong>6</strong></span> 
     </span>
     <span class='ocr_line' id='line_1_5' title="bbox 176 338 1501 391; baseline -0.003 -12"><span class='ocrx_word' id='word_1_25' title='bbox 176 354 249 391; x_wconf 89' lang='lat' dir='ltr'>ego</span> <span class='ocrx_word' id='word_1_26' title='bbox 269 341 375 379; x_wconf 90' lang='lat' dir='ltr'>diem</span> <span class='ocrx_word' id='word_1_27' title='bbox 402 340 626 390; x_wconf 87' lang='lat' dir='ltr'>inquirendi</span> <span class='ocrx_word' id='word_1_28' title='bbox 653 339 692 377; x_wconf 91' lang='lat' dir='ltr'>in</span> <span class='ocrx_word' id='word_1_29' title='bbox 720 339 889 378; x_wconf 86' lang='lat' dir='ltr'>Siciliam</span> <span class='ocrx_word' id='word_1_30' title='bbox 919 339 1166 388; x_wconf 76' lang='lat' dir='ltr'>perexiguam</span> <span class='ocrx_word' id='word_1_31' title='bbox 1190 338 1501 388; x_wconf 87' lang='lat' dir='ltr'>postulavissem‚</span> 
     </span>
     <span class='ocr_line' id='line_1_6' title="bbox 176 402 1503 454; baseline -0.003 -11"><span class='ocrx_word' id='word_1_32' title='bbox 176 405 324 443; x_wconf 88' lang='lat' dir='ltr'>invenit</span> <span class='ocrx_word' id='word_1_33' title='bbox 362 405 434 443; x_wconf 90' lang='lat' dir='ltr'>iste</span> <span class='ocrx_word' id='word_1_34' title='bbox 468 404 535 454; x_wconf 91' lang='lat' dir='ltr'>qui</span> <span class='ocrx_word' id='word_1_35' title='bbox 574 404 647 442; x_wconf 91' lang='lat' dir='ltr'>sibi</span> <span class='ocrx_word' id='word_1_36' title='bbox 681 404 721 441; x_wconf 92' lang='lat' dir='ltr'>in</span> <span class='ocrx_word' id='word_1_37' title='bbox 757 404 947 442; x_wconf 78' lang='lat' dir='ltr'><strong>Achaiam</strong></span> <span class='ocrx_word' id='word_1_38' title='bbox 983 403 1105 441; x_wconf 84' lang='lat' dir='ltr'>biduo</span> <span class='ocrx_word' id='word_1_39' title='bbox 1145 402 1362 441; x_wconf 86' lang='lat' dir='ltr'>breviorem</span> <span class='ocrx_word' id='word_1_40' title='bbox 1398 403 1503 441; x_wconf 91' lang='lat' dir='ltr'>diem</span> 
     </span>
     <span class='ocr_line' id='line_1_7' title="bbox 138 467 1504 520; baseline -0.003 -12"><span class='ocrx_word' id='word_1_41' title='bbox 138 487 155 519; x_wconf 85' lang='lat'>5</span> <span class='ocrx_word' id='word_1_42' title='bbox 175 472 414 520; x_wconf 78' lang='lat' dir='ltr'>postularet3</span> <span class='ocrx_word' id='word_1_43' title='bbox 443 483 523 507; x_wconf 92' lang='lat' dir='ltr'>non</span> <span class='ocrx_word' id='word_1_44' title='bbox 544 477 586 507; x_wconf 90' lang='lat' dir='ltr'>ut</span> <span class='ocrx_word' id='word_1_45' title='bbox 610 469 641 507; x_wconf 89' lang='lat' dir='ltr'>is</span> <span class='ocrx_word' id='word_1_46' title='bbox 669 469 774 507; x_wconf 90' lang='lat' dir='ltr'>idem</span> <span class='ocrx_word' id='word_1_47' title='bbox 803 470 1013 507; x_wconf 87' lang='lat' dir='ltr'>conficeret</span> <span class='ocrx_word' id='word_1_48' title='bbox 1034 467 1235 517; x_wconf 78' lang='lat' dir='ltr'>diligentia</span> <span class='ocrx_word' id='word_1_49' title='bbox 1256 475 1293 505; x_wconf 92' lang='lat' dir='ltr'>et</span> <span class='ocrx_word' id='word_1_50' title='bbox 1315 467 1504 505; x_wconf 87' lang='lat' dir='ltr'>industria</span> 
     </span>
     <span class='ocr_line' id='line_1_8' title="bbox 175 533 1501 584; baseline -0.003 -12"><span class='ocrx_word' id='word_1_51' title='bbox 175 549 244 572; x_wconf 88' lang='lat' dir='ltr'>sua</span> <span class='ocrx_word' id='word_1_52' title='bbox 283 536 391 584; x_wconf 90' lang='lat' dir='ltr'>quod</span> <span class='ocrx_word' id='word_1_53' title='bbox 441 548 513 583; x_wconf 81' lang='lat' dir='ltr'>ego</span> <span class='ocrx_word' id='word_1_54' title='bbox 557 548 646 572; x_wconf 91' lang='lat' dir='ltr'>meo</span> <span class='ocrx_word' id='word_1_55' title='bbox 691 535 824 572; x_wconf 86' lang='lat' dir='ltr'>labore</span> <span class='ocrx_word' id='word_1_56' title='bbox 867 541 904 571; x_wconf 88' lang='lat' dir='ltr'>et</span> <span class='ocrx_word' id='word_1_57' title='bbox 944 533 1081 582; x_wconf 85' lang='lat' dir='ltr'>vigiliis</span> <span class='ocrx_word' id='word_1_58' title='bbox 1124 539 1360 570; x_wconf 88' lang='lat' dir='ltr'>consecutus</span> <span class='ocrx_word' id='word_1_59' title='bbox 1404 545 1501 578; x_wconf 87' lang='lat' dir='ltr'>sum,</span> 
     </span>
     <span class='ocr_line' id='line_1_9' title="bbox 175 596 1503 648; baseline -0.004 -11"><span class='ocrx_word' id='word_1_60' title='bbox 175 599 375 636; x_wconf 80' lang='lat' dir='ltr'>—etenim</span> <span class='ocrx_word' id='word_1_61' title='bbox 391 599 454 636; x_wconf 90' lang='lat' dir='ltr'>ille</span> <span class='ocrx_word' id='word_1_62' title='bbox 471 599 668 636; x_wconf 77' lang='lat' dir='ltr'>Achaicus</span> <span class='ocrx_word' id='word_1_63' title='bbox 683 598 890 648; x_wconf 84' lang='lat' dir='ltr'>inquisitor</span> <span class='ocrx_word' id='word_1_64' title='bbox 911 611 960 634; x_wconf 88' lang='lat' dir='ltr'>ne</span> <span class='ocrx_word' id='word_1_65' title='bbox 976 597 1228 635; x_wconf 82' lang='lat' dir='ltr'>Brundisium</span> <span class='ocrx_word' id='word_1_66' title='bbox 1244 596 1404 645; x_wconf 88' lang='lat' dir='ltr'>quidem</span> <span class='ocrx_word' id='word_1_67' title='bbox 1422 609 1503 645; x_wconf 88' lang='lat' dir='ltr'>per-</span> 
     </span>
     <span class='ocr_line' id='line_1_10' title="bbox 176 660 1503 714; baseline -0.003 -12"><span class='ocrx_word' id='word_1_68' title='bbox 176 664 291 710; x_wconf 87' lang='lat' dir='ltr'>venit,</span> <span class='ocrx_word' id='word_1_69' title='bbox 325 678 397 714; x_wconf 87' lang='lat' dir='ltr'>ego</span> <span class='ocrx_word' id='word_1_70' title='bbox 427 664 598 702; x_wconf 87' lang='lat' dir='ltr'>Siciliam</span> <span class='ocrx_word' id='word_1_71' title='bbox 629 672 752 701; x_wconf 85' lang='lat' dir='ltr'>totam</span> <span class='ocrx_word' id='word_1_72' title='bbox 783 662 1067 712; x_wconf 78' lang='lat' dir='ltr'>quinquaginta</span> <span class='ocrx_word' id='word_1_73' title='bbox 1097 662 1237 700; x_wconf 86' lang='lat' dir='ltr'>diebus</span> <span class='ocrx_word' id='word_1_74' title='bbox 1268 661 1322 699; x_wconf 87' lang='lat' dir='ltr'>sic</span> <span class='ocrx_word' id='word_1_75' title='bbox 1352 660 1432 699; x_wconf 89' lang='lat' dir='ltr'>obii</span> <span class='ocrx_word' id='word_1_76' title='bbox 1463 668 1503 698; x_wconf 90' lang='lat' dir='ltr'>ut</span> 
     </span>
     <span class='ocr_line' id='line_1_11' title="bbox 176 727 1502 779; baseline -0.002 -13"><span class='ocrx_word' id='word_1_77' title='bbox 176 729 354 767; x_wconf 89' lang='lat' dir='ltr'>omnium</span> <span class='ocrx_word' id='word_1_78' title='bbox 388 731 623 779; x_wconf 88' lang='lat' dir='ltr'>populorum</span> <span class='ocrx_word' id='word_1_79' title='bbox 651 729 969 778; x_wconf 89' lang='lat' dir='ltr'>privatorumque</span> <span class='ocrx_word' id='word_1_80' title='bbox 994 727 1139 765; x_wconf 79' lang='lat' dir='ltr'>litteras</span> <span class='ocrx_word' id='word_1_81' title='bbox 1172 727 1410 775; x_wconf 87' lang='lat' dir='ltr'>iniuriasque</span> <span class='ocrx_word' id='word_1_82' title='bbox 1440 739 1502 764; x_wconf 89' lang='lat' dir='ltr'>co-</span> 
     </span>
     <span class='ocr_line' id='line_1_12' title="bbox 120 791 1503 849; baseline -0.001 -19"><span class='ocrx_word' id='word_1_83' title='bbox 120 808 159 831; x_wconf 92' lang='lat'>10</span> <span class='ocrx_word' id='word_1_84' title='bbox 175 808 431 843; x_wconf 77' lang='lat' dir='ltr'>gnoscerem3</span> <span class='ocrx_word' id='word_1_85' title='bbox 465 802 507 832; x_wconf 93' lang='lat' dir='ltr'>ut</span> <span class='ocrx_word' id='word_1_86' title='bbox 533 794 784 844; x_wconf 86' lang='lat' dir='ltr'>perspicuum</span> <span class='ocrx_word' id='word_1_87' title='bbox 807 793 929 831; x_wconf 87' lang='lat' dir='ltr'>cuivis</span> <span class='ocrx_word' id='word_1_88' title='bbox 958 806 1043 830; x_wconf 91' lang='lat' dir='ltr'>esse</span> <span class='ocrx_word' id='word_1_89' title='bbox 1065 800 1206 849; x_wconf 39' lang='lat' dir='ltr'>posset!</span> <span class='ocrx_word' id='word_1_90' title='bbox 1227 791 1431 829; x_wconf 87' lang='lat' dir='ltr'>hominem</span> <span class='ocrx_word' id='word_1_91' title='bbox 1452 791 1503 828; x_wconf 90' lang='lat' dir='ltr'>ab</span> 
     </span>
     <span class='ocr_line' id='line_1_13' title="bbox 176 856 1503 910; baseline -0.002 -12"><span class='ocrx_word' id='word_1_92' title='bbox 176 860 251 898; x_wconf 87' lang='lat' dir='ltr'>isto</span> <span class='ocrx_word' id='word_1_93' title='bbox 272 861 493 910; x_wconf 87' lang='lat' dir='ltr'>quaesitum</span> <span class='ocrx_word' id='word_1_94' title='bbox 515 874 599 898; x_wconf 89' lang='lat' dir='ltr'>esse</span> <span class='ocrx_word' id='word_1_95' title='bbox 621 873 702 898; x_wconf 91' lang='lat' dir='ltr'>non</span> <span class='ocrx_word' id='word_1_96' title='bbox 723 860 790 909; x_wconf 91' lang='lat' dir='ltr'>qui</span> <span class='ocrx_word' id='word_1_97' title='bbox 817 873 926 897; x_wconf 89' lang='lat' dir='ltr'>reum</span> <span class='ocrx_word' id='word_1_98' title='bbox 955 872 1068 897; x_wconf 87' lang='lat' dir='ltr'>suurn</span> <span class='ocrx_word' id='word_1_99' title='bbox 1096 859 1321 905; x_wconf 85' lang='lat' dir='ltr'>adduceret,</span> <span class='ocrx_word' id='word_1_100' title='bbox 1346 856 1419 896; x_wconf 90' lang='lat' dir='ltr'>sed</span> <span class='ocrx_word' id='word_1_101' title='bbox 1437 857 1503 907; x_wconf 91' lang='lat' dir='ltr'>qui</span> 
     </span>
     <span class='ocr_line' id='line_1_14' title="bbox 176 925 718 975; baseline -0.002 -12"><span class='ocrx_word' id='word_1_102' title='bbox 176 939 309 963; x_wconf 88' lang='lat' dir='ltr'>meum</span> <span class='ocrx_word' id='word_1_103' title='bbox 332 934 487 975; x_wconf 88' lang='lat' dir='ltr'>tempus</span> <span class='ocrx_word' id='word_1_104' title='bbox 509 925 718 963; x_wconf 86' lang='lat' dir='ltr'>obsideret.</span> 
     </span>
     <span class='ocr_line' id='line_1_15' title="bbox 231 974 1548 1038; baseline -0.002 -10"><span class='ocrx_word' id='word_1_105' title='bbox 231 992 349 1028; x_wconf 90' lang='lat' dir='ltr'>Nunc</span> <span class='ocrx_word' id='word_1_106' title='bbox 366 992 487 1028; x_wconf 91' lang='lat' dir='ltr'>homo</span> <span class='ocrx_word' id='word_1_107' title='bbox 503 990 787 1028; x_wconf 77' lang='lat' dir='ltr'>audacissimus</span> <span class='ocrx_word' id='word_1_108' title='bbox 803 997 921 1038; x_wconf 89' lang='lat' dir='ltr'>atque</span> <span class='ocrx_word' id='word_1_109' title='bbox 941 988 1232 1027; x_wconf 81' lang='lat' dir='ltr'>amentissimus</span> <span class='ocrx_word' id='word_1_110' title='bbox 1253 989 1329 1026; x_wconf 89' lang='lat' dir='ltr'>hoc</span> <span class='ocrx_word' id='word_1_111' title='bbox 1346 987 1500 1038; x_wconf 84' lang='lat' dir='ltr'>cogitat.</span> <span class='ocrx_word' id='word_1_112' title='bbox 1524 974 1548 1010; x_wconf 85' lang='lat'><strong>3</strong></span> 
     </span>
     <span class='ocr_line' id='line_1_16' title="bbox 178 1053 1503 1105; baseline -0.002 -13"><span class='ocrx_word' id='word_1_113' title='bbox 178 1056 375 1105; x_wconf 87' lang='lat' dir='ltr'>Intellegit</span> <span class='ocrx_word' id='word_1_114' title='bbox 414 1069 476 1093; x_wconf 91' lang='lat' dir='ltr'>me</span> <span class='ocrx_word' id='word_1_115' title='bbox 516 1055 568 1092; x_wconf 84' lang='lat' dir='ltr'>ita</span> <span class='ocrx_word' id='word_1_116' title='bbox 604 1062 781 1104; x_wconf 88' lang='lat' dir='ltr'>paratum</span> <span class='ocrx_word' id='word_1_117' title='bbox 815 1062 934 1103; x_wconf 90' lang='lat' dir='ltr'>atque</span> <span class='ocrx_word' id='word_1_118' title='bbox 970 1054 1201 1091; x_wconf 88' lang='lat' dir='ltr'>instructum</span> <span class='ocrx_word' id='word_1_119' title='bbox 1235 1054 1274 1090; x_wconf 95' lang='lat' dir='ltr'>in</span> <span class='ocrx_word' id='word_1_120' title='bbox 1314 1053 1503 1091; x_wconf 86' lang='lat' dir='ltr'>iudicium</span> 
     </span>
     <span class='ocr_line' id='line_1_17' title="bbox 122 1117 1503 1168; baseline -0.003 -10"><span class='ocrx_word' id='word_1_121' title='bbox 122 1137 157 1168; x_wconf 83' lang='lat'>15</span> <span class='ocrx_word' id='word_1_122' title='bbox 176 1120 307 1158; x_wconf 90' lang='lat' dir='ltr'>venire</span> <span class='ocrx_word' id='word_1_123' title='bbox 328 1128 370 1157; x_wconf 89' lang='lat' dir='ltr'>ut</span> <span class='ocrx_word' id='word_1_124' title='bbox 391 1134 471 1157; x_wconf 90' lang='lat' dir='ltr'>non</span> <span class='ocrx_word' id='word_1_125' title='bbox 492 1120 614 1157; x_wconf 91' lang='lat' dir='ltr'>modo</span> <span class='ocrx_word' id='word_1_126' title='bbox 634 1119 673 1156; x_wconf 89' lang='lat' dir='ltr'>in</span> <span class='ocrx_word' id='word_1_127' title='bbox 694 1118 852 1156; x_wconf 89' lang='lat' dir='ltr'>auribus</span> <span class='ocrx_word' id='word_1_128' title='bbox 868 1118 1017 1161; x_wconf 71' lang='lat' dir='ltr'>vestris,</span> <span class='ocrx_word' id='word_1_129' title='bbox 1033 1120 1103 1156; x_wconf 89' lang='lat' dir='ltr'>sed</span> <span class='ocrx_word' id='word_1_130' title='bbox 1124 1118 1163 1155; x_wconf 89' lang='lat' dir='ltr'>in</span> <span class='ocrx_word' id='word_1_131' title='bbox 1185 1118 1308 1156; x_wconf 90' lang='lat' dir='ltr'>oculis</span> <span class='ocrx_word' id='word_1_132' title='bbox 1325 1117 1503 1155; x_wconf 89' lang='lat' dir='ltr'>omnium</span> 
     </span>
     <span class='ocr_line' id='line_1_18' title="bbox 176 1182 1504 1234; baseline -0.002 -12"><span class='ocrx_word' id='word_1_133' title='bbox 176 1198 246 1222; x_wconf 87' lang='lat' dir='ltr'>sua</span> <span class='ocrx_word' id='word_1_134' title='bbox 284 1186 384 1222; x_wconf 89' lang='lat' dir='ltr'>furta</span> <span class='ocrx_word' id='word_1_135' title='bbox 429 1192 547 1234; x_wconf 88' lang='lat' dir='ltr'>atque</span> <span class='ocrx_word' id='word_1_136' title='bbox 593 1183 736 1233; x_wconf 87' lang='lat' dir='ltr'>flagitia</span> <span class='ocrx_word' id='word_1_137' title='bbox 775 1184 972 1221; x_wconf 83' lang='lat' dir='ltr'>defixurus</span> <span class='ocrx_word' id='word_1_138' title='bbox 1012 1182 1110 1228; x_wconf 89' lang='lat' dir='ltr'>sim;</span> <span class='ocrx_word' id='word_1_139' title='bbox 1160 1182 1266 1220; x_wconf 86' lang='lat' dir='ltr'>videt</span> <span class='ocrx_word' id='word_1_140' title='bbox 1305 1190 1504 1220; x_wconf 87' lang='lat' dir='ltr'>senatores</span> 
     </span>
     <span class='ocr_line' id='line_1_19' title="bbox 176 1247 1504 1297; baseline -0.001 -11"><span class='ocrx_word' id='word_1_141' title='bbox 176 1251 321 1288; x_wconf 91' lang='lat' dir='ltr'>multos</span> <span class='ocrx_word' id='word_1_142' title='bbox 360 1263 445 1287; x_wconf 90' lang='lat' dir='ltr'>esse</span> <span class='ocrx_word' id='word_1_143' title='bbox 484 1249 591 1286; x_wconf 87' lang='lat' dir='ltr'>testis</span> <span class='ocrx_word' id='word_1_144' title='bbox 633 1247 822 1286; x_wconf 84' lang='lat' dir='ltr'>audaciae</span> <span class='ocrx_word' id='word_1_145' title='bbox 867 1261 970 1294; x_wconf 85' lang='lat' dir='ltr'>suae,</span> <span class='ocrx_word' id='word_1_146' title='bbox 1012 1247 1117 1286; x_wconf 89' lang='lat' dir='ltr'>videt</span> <span class='ocrx_word' id='word_1_147' title='bbox 1164 1249 1308 1285; x_wconf 87' lang='lat' dir='ltr'>multos</span> <span class='ocrx_word' id='word_1_148' title='bbox 1352 1247 1504 1297; x_wconf 87' lang='lat' dir='ltr'>equites</span> 
     </span>
     <span class='ocr_line' id='line_1_20' title="bbox 178 1313 1504 1364; baseline -0.002 -11"><span class='ocrx_word' id='word_1_149' title='bbox 178 1317 393 1361; x_wconf 86' lang='lat' dir='ltr'>Romanos,</span> <span class='ocrx_word' id='word_1_150' title='bbox 429 1314 643 1364; x_wconf 86' lang='lat' dir='ltr'>frequentis</span> <span class='ocrx_word' id='word_1_151' title='bbox 677 1321 875 1363; x_wconf 89' lang='lat' dir='ltr'>praeterea</span> <span class='ocrx_word' id='word_1_152' title='bbox 909 1313 1003 1350; x_wconf 91' lang='lat' dir='ltr'>civis</span> <span class='ocrx_word' id='word_1_153' title='bbox 1037 1321 1155 1362; x_wconf 89' lang='lat' dir='ltr'>atque</span> <span class='ocrx_word' id='word_1_154' title='bbox 1189 1313 1328 1360; x_wconf 90' lang='lat' dir='ltr'>socios,</span> <span class='ocrx_word' id='word_1_155' title='bbox 1361 1313 1504 1362; x_wconf 87' lang='lat' dir='ltr'>quibus</span> 
     </span>
     <span class='ocr_line' id='line_1_21' title="bbox 177 1378 1505 1429; baseline -0.002 -11"><span class='ocrx_word' id='word_1_156' title='bbox 177 1380 261 1429; x_wconf 91' lang='lat' dir='ltr'>ipse</span> <span class='ocrx_word' id='word_1_157' title='bbox 290 1380 452 1429; x_wconf 83' lang='lat' dir='ltr'>insignis</span> <span class='ocrx_word' id='word_1_158' title='bbox 480 1379 637 1416; x_wconf 82' lang='lat' dir='ltr'>iniurias</span> <span class='ocrx_word' id='word_1_159' title='bbox 665 1378 810 1425; x_wconf 83' lang='lat' dir='ltr'>fecerit,</span> <span class='ocrx_word' id='word_1_160' title='bbox 834 1378 939 1416; x_wconf 88' lang='lat' dir='ltr'>videt</span> <span class='ocrx_word' id='word_1_161' title='bbox 967 1378 1084 1416; x_wconf 89' lang='lat' dir='ltr'>etiam</span> <span class='ocrx_word' id='word_1_162' title='bbox 1117 1386 1173 1415; x_wconf 88' lang='lat' dir='ltr'>tot</span> <span class='ocrx_word' id='word_1_163' title='bbox 1202 1386 1280 1416; x_wconf 85' lang='lat' dir='ltr'>tam</span> <span class='ocrx_word' id='word_1_164' title='bbox 1306 1378 1430 1428; x_wconf 84' lang='lat' dir='ltr'>gravis</span> <span class='ocrx_word' id='word_1_165' title='bbox 1454 1379 1505 1416; x_wconf 88' lang='lat' dir='ltr'>ab</span> 
     </span>
     <span class='ocr_line' id='line_1_22' title="bbox 119 1443 1505 1493; baseline -0.003 -9"><span class='ocrx_word' id='word_1_166' title='bbox 119 1466 159 1487; x_wconf 80' lang='lat'>20</span> <span class='ocrx_word' id='word_1_167' title='bbox 177 1446 423 1484; x_wconf 88' lang='lat' dir='ltr'>amicissimis</span> <span class='ocrx_word' id='word_1_168' title='bbox 467 1444 689 1482; x_wconf 87' lang='lat' dir='ltr'>civitatibus</span> <span class='ocrx_word' id='word_1_169' title='bbox 736 1443 949 1493; x_wconf 81' lang='lat' dir='ltr'>legationes</span> <span class='ocrx_word' id='word_1_170' title='bbox 993 1457 1083 1480; x_wconf 88' lang='lat' dir='ltr'>cum</span> <span class='ocrx_word' id='word_1_171' title='bbox 1131 1443 1298 1492; x_wconf 85' lang='lat' dir='ltr'>publicis</span> <span class='ocrx_word' id='word_1_172' title='bbox 1341 1443 1505 1481; x_wconf 87' lang='lat' dir='ltr'>auctori-</span> 
     </span>
     <span class='ocr_line' id='line_1_23' title="bbox 177 1508 1543 1557; baseline -0.004 -7"><span class='ocrx_word' id='word_1_173' title='bbox 177 1512 321 1550; x_wconf 86' lang='lat' dir='ltr'>tatibus</span> <span class='ocrx_word' id='word_1_174' title='bbox 361 1510 635 1549; x_wconf 73' lang='lat' dir='ltr'>convenisse-³</span> <span class='ocrx_word' id='word_1_175' title='bbox 663 1510 786 1557; x_wconf 84' lang='lat' dir='ltr'>&#39;Quae</span> <span class='ocrx_word' id='word_1_176' title='bbox 834 1522 924 1545; x_wconf 90' lang='lat' dir='ltr'>cum</span> <span class='ocrx_word' id='word_1_177' title='bbox 973 1508 1025 1545; x_wconf 90' lang='lat' dir='ltr'>ita</span> <span class='ocrx_word' id='word_1_178' title='bbox 1073 1508 1159 1553; x_wconf 85' lang='lat' dir='ltr'>sint,</span> <span class='ocrx_word' id='word_1_179' title='bbox 1202 1521 1326 1557; x_wconf 88' lang='lat' dir='ltr'>usque</span> <span class='ocrx_word' id='word_1_180' title='bbox 1368 1521 1415 1545; x_wconf 95' lang='lat' dir='ltr'>eo</span> <span class='ocrx_word' id='word_1_181' title='bbox 1455 1509 1543 1545; x_wconf 85' lang='lat' dir='ltr'>de8</span> 
     </span>
     <span class='ocr_line' id='line_1_24' title="bbox 177 1572 1505 1622; baseline -0.005 -7"><span class='ocrx_word' id='word_1_182' title='bbox 177 1577 362 1615; x_wconf 89' lang='lat' dir='ltr'>omnibus</span> <span class='ocrx_word' id='word_1_183' title='bbox 394 1575 509 1613; x_wconf 90' lang='lat' dir='ltr'>bonis</span> <span class='ocrx_word' id='word_1_184' title='bbox 539 1576 641 1612; x_wconf 91' lang='lat' dir='ltr'>male</span> <span class='ocrx_word' id='word_1_185' title='bbox 670 1573 875 1619; x_wconf 78' lang='lat' dir='ltr'>existimat,</span> <span class='ocrx_word' id='word_1_186' title='bbox 904 1587 1030 1622; x_wconf 87' lang='lat' dir='ltr'>usque</span> <span class='ocrx_word' id='word_1_187' title='bbox 1060 1586 1107 1610; x_wconf 93' lang='lat' dir='ltr'>eo</span> <span class='ocrx_word' id='word_1_188' title='bbox 1138 1573 1330 1610; x_wconf 86' lang='lat' dir='ltr'>senatoria</span> <span class='ocrx_word' id='word_1_189' title='bbox 1360 1572 1505 1610; x_wconf 88' lang='lat' dir='ltr'>iudicia</span> 
     </span>
     <span class='ocr_line' id='line_1_25' title="bbox 177 1638 1503 1692; baseline -0.005 -11"><span class='ocrx_word' id='word_1_190' title='bbox 177 1643 328 1692; x_wconf 89' lang='lat' dir='ltr'>perdita</span> <span class='ocrx_word' id='word_1_191' title='bbox 354 1641 636 1692; x_wconf 87' lang='lat' dir='ltr'>profligataque</span> <span class='ocrx_word' id='word_1_192' title='bbox 661 1653 745 1678; x_wconf 91' lang='lat' dir='ltr'>esse</span> <span class='ocrx_word' id='word_1_193' title='bbox 768 1639 984 1685; x_wconf 86' lang='lat' dir='ltr'>arbitratur,</span> <span class='ocrx_word' id='word_1_194' title='bbox 1013 1646 1054 1675; x_wconf 87' lang='lat' dir='ltr'>ut</span> <span class='ocrx_word' id='word_1_195' title='bbox 1083 1640 1157 1676; x_wconf 88' lang='lat' dir='ltr'>hoc</span> <span class='ocrx_word' id='word_1_196' title='bbox 1186 1640 1313 1687; x_wconf 89' lang='lat' dir='ltr'>palam</span> <span class='ocrx_word' id='word_1_197' title='bbox 1339 1638 1503 1684; x_wconf 90' lang='lat' dir='ltr'>dictitet,</span> 
     </span>
     <span class='ocr_line' id='line_1_26' title="bbox 177 1703 1504 1754; baseline -0.004 -9"><span class='ocrx_word' id='word_1_198' title='bbox 177 1722 258 1746; x_wconf 91' lang='lat' dir='ltr'>non</span> <span class='ocrx_word' id='word_1_199' title='bbox 293 1708 376 1745; x_wconf 92' lang='lat' dir='ltr'>sine</span> <span class='ocrx_word' id='word_1_200' title='bbox 411 1720 528 1745; x_wconf 89' lang='lat' dir='ltr'>causa</span> <span class='ocrx_word' id='word_1_201' title='bbox 559 1719 600 1743; x_wconf 92' lang='lat' dir='ltr'>se</span> <span class='ocrx_word' id='word_1_202' title='bbox 632 1705 821 1754; x_wconf 89' lang='lat' dir='ltr'>cupidum</span> <span class='ocrx_word' id='word_1_203' title='bbox 857 1704 1047 1753; x_wconf 88' lang='lat' dir='ltr'>pecuniae</span> <span class='ocrx_word' id='word_1_204' title='bbox 1082 1703 1210 1750; x_wconf 84' lang='lat' dir='ltr'>fuisse,</span> <span class='ocrx_word' id='word_1_205' title='bbox 1243 1703 1430 1752; x_wconf 90' lang='lat' dir='ltr'>quoniam</span> <span class='ocrx_word' id='word_1_206' title='bbox 1465 1703 1504 1740; x_wconf 91' lang='lat' dir='ltr'>in</span> 
     </span>
     <span class='ocr_line' id='line_1_27' title="bbox 120 1768 1505 1822; baseline -0.004 -12"><span class='ocrx_word' id='word_1_207' title='bbox 120 1789 159 1820; x_wconf 86' lang='lat'>25</span> <span class='ocrx_word' id='word_1_208' title='bbox 178 1772 346 1822; x_wconf 88' lang='lat' dir='ltr'>pecunia</span> <span class='ocrx_word' id='word_1_209' title='bbox 376 1779 528 1809; x_wconf 90' lang='lat' dir='ltr'>tantum</span> <span class='ocrx_word' id='word_1_210' title='bbox 558 1769 796 1820; x_wconf 89' lang='lat' dir='ltr'>praesidium</span> <span class='ocrx_word' id='word_1_211' title='bbox 823 1769 1042 1818; x_wconf 83' lang='lat' dir='ltr'>experiatur</span> <span class='ocrx_word' id='word_1_212' title='bbox 1068 1782 1177 1815; x_wconf 75' lang='lat' dir='ltr'>esse3</span> <span class='ocrx_word' id='word_1_213' title='bbox 1210 1781 1305 1814; x_wconf 78' lang='lat' dir='ltr'>sese,</span> <span class='ocrx_word' id='word_1_214' title='bbox 1335 1768 1375 1806; x_wconf 92' lang='lat' dir='ltr'>id</span> <span class='ocrx_word' id='word_1_215' title='bbox 1396 1769 1505 1817; x_wconf 90' lang='lat' dir='ltr'>quod</span> 
     </span>
     <span class='ocr_line' id='line_1_28' title="bbox 178 1832 1505 1883; baseline -0.005 -8"><span class='ocrx_word' id='word_1_216' title='bbox 178 1837 452 1876; x_wconf 88' lang='lat' dir='ltr'>difficillimum</span> <span class='ocrx_word' id='word_1_217' title='bbox 487 1835 611 1881; x_wconf 88' lang='lat' dir='ltr'>fuerit,</span> <span class='ocrx_word' id='word_1_218' title='bbox 644 1842 799 1883; x_wconf 89' lang='lat' dir='ltr'>tempus</span> <span class='ocrx_word' id='word_1_219' title='bbox 834 1833 963 1883; x_wconf 85' lang='lat' dir='ltr'>ipsum</span> <span class='ocrx_word' id='word_1_220' title='bbox 998 1833 1140 1870; x_wconf 87' lang='lat' dir='ltr'>emisse</span> <span class='ocrx_word' id='word_1_221' title='bbox 1175 1832 1293 1870; x_wconf 91' lang='lat' dir='ltr'>iudici</span> <span class='ocrx_word' id='word_1_222' title='bbox 1326 1833 1398 1878; x_wconf 80' lang='lat' dir='ltr'>sui,</span> <span class='ocrx_word' id='word_1_223' title='bbox 1425 1846 1505 1881; x_wconf 88' lang='lat' dir='ltr'>quo</span> 
     </span>
     <span class='ocr_line' id='line_1_29' title="bbox 179 1898 1503 1949; baseline -0.005 -8"><span class='ocrx_word' id='word_1_224' title='bbox 179 1911 308 1942; x_wconf 88' lang='lat' dir='ltr'>cetera</span> <span class='ocrx_word' id='word_1_225' title='bbox 332 1902 482 1940; x_wconf 87' lang='lat' dir='ltr'>facilius</span> <span class='ocrx_word' id='word_1_226' title='bbox 504 1914 633 1938; x_wconf 90' lang='lat' dir='ltr'>emere</span> <span class='ocrx_word' id='word_1_227' title='bbox 660 1907 797 1949; x_wconf 88' lang='lat' dir='ltr'>postea</span> <span class='ocrx_word' id='word_1_228' title='bbox 825 1907 981 1948; x_wconf 78' lang='lat' dir='ltr'>posset3</span> <span class='ocrx_word' id='word_1_229' title='bbox 1011 1907 1063 1945; x_wconf 88' lang='lat' dir='ltr'>ut,</span> <span class='ocrx_word' id='word_1_230' title='bbox 1087 1898 1274 1947; x_wconf 87' lang='lat' dir='ltr'>quoniam</span> <span class='ocrx_word' id='word_1_231' title='bbox 1296 1898 1503 1936; x_wconf 89' lang='lat' dir='ltr'>criminum</span> 
     </span>
     <span class='ocr_line' id='line_1_30' title="bbox 177 1963 1504 2016; baseline -0.005 -10"><span class='ocrx_word' id='word_1_232' title='bbox 177 1969 256 2006; x_wconf 90' lang='lat' dir='ltr'>vim</span> <span class='ocrx_word' id='word_1_233' title='bbox 287 1968 553 2016; x_wconf 85' lang='lat' dir='ltr'>subterfugere</span> <span class='ocrx_word' id='word_1_234' title='bbox 585 1967 694 2003; x_wconf 89' lang='lat' dir='ltr'>nullo</span> <span class='ocrx_word' id='word_1_235' title='bbox 728 1966 850 2002; x_wconf 86' lang='lat' dir='ltr'>modo</span> <span class='ocrx_word' id='word_1_236' title='bbox 882 1972 1046 2014; x_wconf 80' lang='lat' dir='ltr'>poterat,</span> <span class='ocrx_word' id='word_1_237' title='bbox 1077 1965 1287 2013; x_wconf 86' lang='lat' dir='ltr'>procellam</span> <span class='ocrx_word' id='word_1_238' title='bbox 1318 1963 1504 2012; x_wconf 83' lang='lat' dir='ltr'>temporis</span> 
     </span>
     <span class='ocr_line' id='line_1_31' title="bbox 179 2027 1542 2080; baseline -0.006 -9"><span class='ocrx_word' id='word_1_239' title='bbox 179 2033 377 2072; x_wconf 84' lang='lat' dir='ltr'>devitaret.</span> <span class='ocrx_word' id='word_1_240' title='bbox 438 2030 593 2080; x_wconf 82' lang='lat' dir='ltr'>Quodsi</span> <span class='ocrx_word' id='word_1_241' title='bbox 629 2044 708 2067; x_wconf 91' lang='lat' dir='ltr'>non</span> <span class='ocrx_word' id='word_1_242' title='bbox 744 2031 865 2068; x_wconf 89' lang='lat' dir='ltr'>modo</span> <span class='ocrx_word' id='word_1_243' title='bbox 900 2029 938 2066; x_wconf 88' lang='lat' dir='ltr'>in</span> <span class='ocrx_word' id='word_1_244' title='bbox 971 2043 1098 2075; x_wconf 87' lang='lat' dir='ltr'>causa,</span> <span class='ocrx_word' id='word_1_245' title='bbox 1133 2042 1266 2066; x_wconf 83' lang='lat' dir='ltr'>verum</span> <span class='ocrx_word' id='word_1_246' title='bbox 1301 2028 1340 2064; x_wconf 93' lang='lat' dir='ltr'>in</span> <span class='ocrx_word' id='word_1_247' title='bbox 1372 2027 1542 2076; x_wconf 85' lang='lat' dir='ltr'>aliquo9</span> 
     </span>
     <span class='ocr_line' id='line_1_32' title="bbox 121 2093 1503 2146; baseline -0.006 -10"><span class='ocrx_word' id='word_1_248' title='bbox 121 2116 160 2146; x_wconf 82' lang='lat'>30</span> <span class='ocrx_word' id='word_1_249' title='bbox 180 2100 348 2136; x_wconf 84' lang='lat' dir='ltr'>honesto</span> <span class='ocrx_word' id='word_1_250' title='bbox 372 2097 567 2146; x_wconf 87' lang='lat' dir='ltr'>praesidio</span> <span class='ocrx_word' id='word_1_251' title='bbox 587 2103 654 2133; x_wconf 88' lang='lat' dir='ltr'>aut</span> <span class='ocrx_word' id='word_1_252' title='bbox 676 2095 714 2132; x_wconf 89' lang='lat' dir='ltr'>in</span> <span class='ocrx_word' id='word_1_253' title='bbox 736 2094 899 2133; x_wconf 85' lang='lat' dir='ltr'>alicuius</span> <span class='ocrx_word' id='word_1_254' title='bbox 921 2094 1146 2144; x_wconf 88' lang='lat' dir='ltr'>eloquentia</span> <span class='ocrx_word' id='word_1_255' title='bbox 1166 2101 1232 2131; x_wconf 88' lang='lat' dir='ltr'>aut</span> <span class='ocrx_word' id='word_1_256' title='bbox 1253 2093 1373 2143; x_wconf 84' lang='lat' dir='ltr'>gratia</span> <span class='ocrx_word' id='word_1_257' title='bbox 1394 2106 1503 2142; x_wconf 85' lang='lat' dir='ltr'>spem</span> 
     </span>
     <span class='ocr_line' id='line_1_33' title="bbox 179 2158 1504 2212; baseline -0.005 -11"><span class='ocrx_word' id='word_1_258' title='bbox 179 2163 351 2212; x_wconf 85' lang='lat' dir='ltr'>aliquam</span> <span class='ocrx_word' id='word_1_259' title='bbox 386 2164 642 2207; x_wconf 80' lang='lat' dir='ltr'>conlocasset,</span> <span class='ocrx_word' id='word_1_260' title='bbox 675 2161 851 2210; x_wconf 89' lang='lat' dir='ltr'>profecto</span> <span class='ocrx_word' id='word_1_261' title='bbox 890 2173 970 2197; x_wconf 89' lang='lat' dir='ltr'>non</span> <span class='ocrx_word' id='word_1_262' title='bbox 1006 2162 1102 2197; x_wconf 85' lang='lat' dir='ltr'>haec</span> <span class='ocrx_word' id='word_1_263' title='bbox 1137 2159 1270 2196; x_wconf 88' lang='lat' dir='ltr'>omnia</span> <span class='ocrx_word' id='word_1_264' title='bbox 1308 2158 1504 2207; x_wconf 80' lang='lat' dir='ltr'>colligeret</span> 
     </span>
     <span class='ocr_line' id='line_1_34' title="bbox 178 2224 1504 2277; baseline -0.005 -12"><span class='ocrx_word' id='word_1_265' title='bbox 178 2236 296 2277; x_wconf 90' lang='lat' dir='ltr'>atque</span> <span class='ocrx_word' id='word_1_266' title='bbox 323 2234 606 2276; x_wconf 78' lang='lat' dir='ltr'>aucuparetur3</span> <span class='ocrx_word' id='word_1_267' title='bbox 640 2238 721 2262; x_wconf 91' lang='lat' dir='ltr'>non</span> <span class='ocrx_word' id='word_1_268' title='bbox 750 2238 874 2273; x_wconf 81' lang='lat' dir='ltr'>usque</span> <span class='ocrx_word' id='word_1_269' title='bbox 901 2238 948 2262; x_wconf 91' lang='lat' dir='ltr'>eo</span> <span class='ocrx_word' id='word_1_270' title='bbox 976 2224 1194 2273; x_wconf 84' lang='lat' dir='ltr'>despiceret</span> <span class='ocrx_word' id='word_1_271' title='bbox 1221 2230 1504 2260; x_wconf 88' lang='lat' dir='ltr'>contemneret-</span> 
     </span>
    </p>
   </div>
   <div class='ocr_carea' id='block_1_4' title="bbox 199 2324 1482 2369">
    <p class='ocr_par' dir='ltr' id='par_1_4' title="bbox 199 2324 1482 2369">
     <span class='ocr_line' id='line_1_35' title="bbox 199 2324 1482 2369; baseline -0.005 -8"><span class='ocrx_word' id='word_1_272' title='bbox 199 2340 219 2369; x_wconf 83' lang='lat'><strong>3</strong></span> <span class='ocrx_word' id='word_1_273' title='bbox 236 2330 384 2361; x_wconf 85' lang='lat' dir='ltr'>Siciliam</span> <span class='ocrx_word' id='word_1_274' title='bbox 397 2329 468 2360; x_wconf 88' lang='lat' dir='ltr'>Kb:</span> <span class='ocrx_word' id='word_1_275' title='bbox 489 2329 602 2359; x_wconf 85' lang='lat' dir='ltr'>Sicilia</span> <span class='ocrx_word' id='word_1_276' title='bbox 612 2328 699 2368; x_wconf 60' lang='lat' dir='ltr'>pr</span> <span class='ocrx_word' id='word_1_277' title='bbox 716 2340 722 2367; x_wconf 72' lang='lat'><em>3</em></span> <span class='ocrx_word' id='word_1_278' title='bbox 741 2328 777 2366; x_wconf 85' lang='lat' dir='ltr'>cf.</span> <span class='ocrx_word' id='word_1_279' title='bbox 793 2328 814 2366; x_wconf 79' lang='lat' dir='ltr'>i,</span> <span class='ocrx_word' id='word_1_280' title='bbox 831 2332 845 2365; x_wconf 63' lang='grc' dir='ltr'>ξ</span> <span class='ocrx_word' id='word_1_281' title='bbox 860 2337 904 2366; x_wconf 85' lang='lat'>30</span> <span class='ocrx_word' id='word_1_282' title='bbox 973 2339 991 2365; x_wconf 90' lang='lat'><strong>4</strong></span> <span class='ocrx_word' id='word_1_283' title='bbox 1008 2327 1169 2356; x_wconf 86' lang='lat' dir='ltr'>Achaiam</span> <span class='ocrx_word' id='word_1_284' title='bbox 1182 2331 1237 2365; x_wconf 64' lang='lat' dir='ltr'>pm·</span> <span class='ocrx_word' id='word_1_285' title='bbox 1255 2336 1261 2354; x_wconf 84' lang='lat' dir='ltr'>z</span> <span class='ocrx_word' id='word_1_286' title='bbox 1279 2325 1408 2355; x_wconf 82' lang='lat' dir='ltr'>Achaia</span> <span class='ocrx_word' id='word_1_287' title='bbox 1420 2324 1482 2354; x_wconf 77' lang='grc' dir='ltr'>ΒΨ</span> 
     </span>
    </p>
   </div>
  </div>
 </body>
</html>
