1715 2734
139 63 183 100 31

142 766 179 798 74

126 1774 178 1812 32

139 1833 179 1867 75

206 68 244 101 73
574 53 631 90 M.
661 52 829 89 TVLLI
861 51 1169 90 CICERONIS

205 162 362 202 civitate
400 163 436 201 vi
477 162 591 200 minis
628 161 792 212 imperio
833 160 1051 211 iniuriaque
1090 160 1278 212 praetoris
1316 161 1540 211 eripiuntur*

204 227 319 267 tritici
351 227 596 267 medimnum
634 239 774 264 xxxin
815 233 852 265 et
884 234 1084 276 praeterea
1118 228 1190 265 HS
1227 230 1289 265 Π.
1349 228 1401 263 At
1433 227 1530 264 haec

202 293 372 332 obscura
401 295 520 331 sunt?
549 299 626 338 aut,
660 291 690 329 si
721 305 859 330 omnes
890 291 1072 330 homines
1095 291 1229 340 velint,
1250 292 1417 330 obscura
1445 304 1531 329 esse

202 361 400 409 possunt?
455 373 557 409 quae
596 366 637 396 tu
670 360 798 408 palam
834 358 956 409 egisti,
999 358 1037 396 in
1078 367 1276 398 conventu
1317 358 1530 409 imperasti,

203 424 388 463 omnibus
427 423 740 474 inspectantibus
780 424 965 473 coegisti3
1000 438 1078 474 qua
1111 425 1162 463 de
1193 438 1233 462 re
1268 423 1530 473 Agyrinenses
1551 437 1567 467 5

203 490 449 540 magistratus
479 497 516 527 et
547 488 722 539 quinque
753 488 878 538 primi,
911 502 1011 538 quos
1041 497 1082 527 tu
1113 488 1166 526 tui
1198 496 1383 537 quaestus
1413 502 1531 526 causa

202 568 396 601 evocaras,
429 562 517 592 acta
551 562 588 592 et
623 553 787 603 imperia
819 561 885 591 tua
919 555 1083 592 domum
1119 555 1170 591 ad
1202 561 1381 591 senatum
1414 567 1528 591 suum

202 619 547 666 renuntiaverunt3
577 632 745 668 quorum
774 618 1010 657 renuntiatio
1038 618 1189 668 legibus
1220 619 1372 656 illorum
1394 618 1529 657 litteris

202 684 370 734 publicis
401 685 587 722 mandata
617 691 701 730 est,
730 697 897 733 quorum
930 684 1054 734 legati,
1080 683 1259 722 homines
1281 683 1527 730 nobilissimi,

203 751 356 788 Romae
387 757 487 795 sunt,
512 749 577 798 qui
614 750 690 786 hoc
715 747 819 786 idem
846 761 916 798 pro
944 748 1169 786 testimonio
1191 748 1396 786 dixerunt!
1455 750 1529 786 Co·
1555 762 1589 782 ιο

200 814 377 864 gnoscite
392 812 696 863 Agyrinensium
719 812 897 863 publicas
915 813 1069 858 litteras,
1088 813 1233 851 deinde
1259 812 1527 851 testimonium

202 878 404 929 publicum
444 877 622 916 civitatis.
685 877 834 916 Recita.
900 886 1121 911 LITTERAE
1148 886 1367 915 l‘i'mdchE,
1398 887 1527 912 TESTI-

201 954 381 979 Moivltzil
406 953 632 979 PVBLJCVJJ.
693 940 1036 981 Animadvertistis
1081 940 1122 979 in
1171 942 1246 978 hoc
1288 940 1526 987 testimonio,

200 1007 362 1054 iudices,
404 1009 704 1057 Apollodorum,
747 1007 809 1046 cui
850 1010 1018 1057 Pyragro
1057 1019 1279 1056 cognomen
1318 1014 1390 1054 est,
1428 1006 1528 1056 prin-

199 1072 326 1122 cipem
350 1086 443 1111 suae
459 1072 640 1120 civitatis,
657 1073 927 1111 lacrimantem
944 1071 1074 1110 testari
1096 1085 1141 1110 ac
1158 1071 1288 1109 dicere
1310 1085 1526 1121 numquam
1552 1084 1586 1115 ¹5

199 1145 287 1187 post
309 1137 445 1188 populi
470 1137 641 1176 Romani
665 1151 811 1177 nomen
833 1139 884 1177 ab
904 1137 1044 1176 Siculis
1065 1136 1243 1175 auditum
1267 1145 1304 1175 et
1325 1136 1526 1187 cognitum

199 1202 453 1252 Agyrinensis
485 1210 622 1241 contra
653 1216 894 1253 quemquam
924 1202 1104 1240 infimum
1135 1202 1261 1240 civem
1300 1204 1525 1240 Romanum

197 1267 341 1307 dixisse
375 1276 442 1306 aut
477 1267 615 1306 fecisse
651 1268 865 1318 quippiam,
900 1267 966 1318 qui
1000 1280 1105 1305 nunc
1140 1275 1275 1305 contra
1308 1276 1526 1318 praetorem

198 1333 332 1384 populi
371 1333 542 1372 Romani
580 1333 730 1382 magnis
763 1332 911 1371 iniuriis
947 1340 984 1371 et
1021 1346 1164 1382 magno
1197 1333 1333 1371 dolore
1369 1333 1526 1383 publice

198 1398 468 1438 testimonium
499 1398 630 1437 dicere
661 1407 902 1449 cogerentur.
965 1398 1042 1436 Vni
1072 1400 1295 1437 mehercule
1324 1399 1415 1437 huic
1437 1398 1525 1436 civi-
1548 1413 1589 1434 20

198 1464 278 1511 tati,
301 1466 452 1511 Verres,
477 1463 666 1502 obsistere
689 1471 755 1502 tua
777 1462 956 1502 defensio
979 1476 1058 1501 non
1081 1472 1209 1513 potest
1232 1479 1239 1509 ;
1269 1471 1376 1501 tanta
1396 1471 1526 1501 aucto-

197 1530 287 1568 ritas
309 1537 366 1568 est
387 1529 426 1567 in
444 1543 578 1568 eorum
596 1529 802 1567 hominum
822 1528 1020 1574 fidelitate,
1040 1537 1171 1566 tantus
1189 1530 1302 1567 dolor
1319 1529 1358 1567 in
1376 1528 1524 1574 iniuria,

196 1602 305 1633 tanta
324 1594 458 1645 religio
479 1594 517 1632 in
540 1594 776 1633 testimonio.
838 1596 985 1633 Verum
1009 1608 1089 1632 non
1112 1608 1190 1632 una
1211 1602 1248 1632 te
1270 1602 1433 1639 tantum,
1458 1594 1527 1631 sed

196 1660 400 1699 universae
439 1659 631 1698 similibus
666 1659 848 1697 adflictae
889 1659 1037 1697 iniuriis
1066 1667 1103 1697 et
1140 1659 1404 1697 incommodis
1438 1657 1527 1696 civi-

197 1733 295 1764 tates
316 1724 576 1774 legationibus
596 1738 642 1762 ac
664 1724 897 1763 testimoniis
920 1724 1087 1774 publicis
1108 1732 1405 1774 persequuntur.
1548 1736 1587 1768 25

254 1790 413 1829 Etenim
445 1789 632 1839 deinceps
665 1789 869 1827 videamus
908 1789 1157 1828 Herbitensis
1194 1788 1329 1827 civitas
1361 1790 1527 1827 honesta

199 1864 236 1895 et
256 1864 373 1895 antea
392 1855 553 1905 copiosa
573 1868 691 1905 quem
714 1856 765 1894 ad
789 1856 952 1893 modum
975 1855 1140 1905 spoliata
1160 1855 1210 1892 ab
1232 1854 1306 1892 isto
1326 1867 1371 1892 ac
1393 1861 1529 1892 vexata

198 1922 255 1961 sit.
308 1924 360 1960 At
381 1935 546 1971 quorum
566 1921 773 1959 hominum
795 1924 801 1958 !
835 1934 1078 1958 summorum
1097 1928 1304 1967 aratorum,
1322 1918 1528 1958 remotissi-

199 2001 351 2025 morum
390 2001 413 2024 a
451 1988 546 2033 foro,
583 1986 748 2033 iudiciis,
787 1985 1072 2031 controversiis,
1115 1985 1258 2035 quibus
1299 1998 1456 2035 parcere
1489 1991 1527 2022 et

198 2054 415 2100 consulere,
455 2053 577 2090 homo
618 2050 890 2101 impurissime,
933 2058 971 2088 et
1010 2051 1118 2100 quod
1157 2063 1280 2100 genus
1319 2049 1525 2088 hominum
1546 2059 1589 2091 30

242 2168 260 2188 2
278 2156 395 2187 malim
413 2156 457 2187 At
475 2156 556 2186 haec
569 2155 712 2186 obscura
730 2159 819 2185 sunt.
837 2153 942 2193 Num,
957 2154 983 2184 si
997 2164 1116 2185 omnes
1132 2179 1136 2184 .
1153 2178 1178 2185 ..
1197 2164 1273 2184 esse
1287 2158 1427 2193 possunt
1441 2163 1527 2192 quae

198 2206 232 2231 tu
250 2204 311 2232 &c.
329 2203 339 2231 3
434 2210 471 2230 12
499 2199 619 2230 Recita
632 2221 639 2228 .
655 2223 662 2230 .
678 2199 865 2238 .publicum
884 2209 952 2228 om.
974 2197 1004 2229 Ο
1019 2201 1048 2227 e!
1067 2198 1114 2237 (in
1132 2197 1209 2233 lac.)
1228 2209 1249 2227 π
1342 2207 1377 2235 14
1404 2207 1526 2227 nomen

198 2243 246 2275 cO
334 2255 371 2275 21
397 2243 551 2274 defensio
567 2253 632 2273 non
652 2247 765 2281 potest
779 2242 809 2272 Ο
824 2241 965 2277 [Clarus.
983 2243 1065 2279 §482i
1083 2253 1088 2271 :
1114 2240 1314 2272 defensione
1333 2251 1398 2271 non
1419 2245 1529 2280 potest

196 2292 236 2327 p:
255 2288 451 2318 defensione
463 2297 530 2317 non
543 2291 640 2326 potes
653 2285 717 2317 rell.
807 2296 846 2323 23
864 2291 992 2315 tantum
1005 2296 1028 2317 c.
1050 2287 1093 2315 iffi
1115 2284 1161 2314 O:
1181 2295 1245 2315 om.
1261 2284 1308 2324 Vp
1322 2284 1386 2314 rcll.
1486 2294 1526 2321 24

200 2332 330 2362 iniuriis
343 2337 374 2362 ct
391 2331 433 2360 V:
453 2341 518 2361 om.
529 2335 553 2370 p
568 2329 631 2360 rell.
734 2329 884 2359 civitates
900 2328 978 2359 VO:
995 2339 1062 2359 om.
1078 2333 1102 2368 p
1118 2328 1180 2358 rcll.
1314 2338 1357 2367 30
1373 2332 1407 2358 et
1418 2338 1483 2358 om.
1503 2326 1534 2356 V
