1715 2734
93 47 138 88 71
160 47 221 86 183
531 40 589 76 M.
619 39 787 76 TVLLI
819 37 1127 78 CICERONIS

84 715 137 754 72

75 770 137 807 184

79 1527 135 1566 185

156 151 424 191 conscientiae
453 149 637 201 contagio
664 149 887 200 pertinebit.
948 149 1121 190 Proinde
1149 149 1181 189 si
1209 151 1275 202 qui
1303 159 1396 190 sunt
1421 153 1488 202 qui

155 216 195 255 in
216 218 292 256 hoc
313 230 379 255 reo
399 224 465 255 aut
486 223 667 267 potentes
687 223 753 254 aut
773 217 944 254 audaces
964 223 1032 254 aut
1055 215 1224 255 artifices
1248 217 1300 255 ad
1320 231 1489 256 corrum-

155 283 331 332 pendum
359 280 548 320 iudicium
569 280 690 318 velint
719 294 814 327 csse,
842 280 894 318 ita
924 280 1001 318 sint
1026 281 1150 331 parati
1173 289 1217 319 ut
1243 281 1488 332 disceptante

156 348 304 396 populo
334 348 520 385 Romano
554 358 711 384 mecum
746 345 819 383 sibi
852 359 934 383 rem
966 345 1126 384 videant
1165 348 1364 394 futuram3
1392 354 1431 385 et
1457 346 1488 384 si

157 425 220 449 me
243 411 283 449 in
311 413 387 450 hoc
417 426 497 458 reo,
517 424 636 461 quern
661 409 757 448 mihi
786 409 991 448 inimicum
1019 410 1139 448 Siculi
1167 412 1373 458 dederunt,
1397 411 1488 449 satis
1509 424 1526 455 5

156 478 442 522 vehementem,
484 475 576 513 satis
616 482 945 525 perseverantem,
985 475 1078 513 satis
1126 475 1354 525 vigilantem
1403 490 1487 514 osse

156 550 387 591 cognorunt,
427 541 651 580 existiment
691 541 731 579 in
770 541 816 579 iis
848 541 1079 579 hominibus
1108 555 1275 591 quorum
1312 556 1384 591 ego
1421 542 1488 579 ini-

156 607 321 645 micitias
365 606 500 657 populi
550 605 722 644 Romani
770 606 903 643 salutis
952 619 1069 644 causa
1110 620 1319 656 suscepero
1364 608 1488 644 multo

155 672 370 722 graviorem
400 679 520 720 atque
549 670 739 709 acriorem
770 672 955 709 futurum.

211 739 329 775 Nunc
367 744 415 783 te,
459 735 636 786 Iuppiter
673 735 835 786 Optime
876 735 1061 783 Maxime,
1093 736 1204 774 cuius
1234 736 1306 774 iste
1335 738 1487 775 donum
1511 753 1549 775 10

156 804 293 851 regale,
322 801 486 851 dignum
517 808 585 838 tuo
614 801 878 850 pulcherrimo
909 803 1068 850 templo,
1099 801 1261 851 dignum
1289 801 1488 851 Capitolio

155 876 274 918 atque
304 867 377 905 ista
405 880 494 905 arce
523 866 702 904 omnium
735 866 955 913 nationum,
980 866 1143 915 dignum
1176 866 1282 915 regio
1313 880 1487 913 munere,

157 933 227 971 tibi
245 935 389 971 facturn
407 932 457 970 ab
472 931 637 981 regibus,
657 930 727 969 tibi
742 931 915 969 dicatum
930 939 1049 981 atque
1066 933 1313 981 promissum,
1337 946 1405 982 per
1426 946 1490 971 ne—

158 998 295 1036 farium
317 999 443 1036 scelus
465 999 515 1036 de
543 996 725 1035 manibus
752 996 865 1047 regiis
893 996 1063 1043 extorsit,
1086 993 1276 1046 cuiusque
1298 997 1490 1036 sanctissi-

158 1076 265 1100 mum
283 1070 321 1101 et
342 1062 647 1112 pulcherrimum
669 1062 919 1100 simulacrum
938 1061 1137 1111 Syracusis
1158 1062 1339 1109 sustulit;
1359 1056 1490 1112 teque,
1513 1079 1548 1110 15

159 1130 262 1167 Iuno
302 1128 465 1179 Regina,
507 1128 617 1166 cuius
656 1129 736 1166 duo
784 1129 875 1165 fana
912 1127 1068 1165 duabus
1107 1127 1146 1164 in
1187 1127 1323 1165 insulis
1362 1127 1490 1177 posita

158 1194 366 1241 sociorum,
408 1193 570 1232 Melitae
609 1200 646 1232 et
687 1192 804 1239 Sami,
842 1192 1088 1231 sanctissima
1127 1200 1165 1232 et
1203 1193 1485 1243 antiquissima,

157 1259 273 1297 simili
312 1261 457 1298 scelere
505 1259 609 1297 idem
659 1258 731 1297 iste
779 1258 964 1296 omnibus
1012 1258 1127 1297 donis
1167 1258 1489 1308 ornamentisque

158 1325 345 1371 nudavit3
375 1332 503 1374 teque,
529 1324 718 1369 Minerva,
743 1337 861 1373 quam
890 1323 981 1362 item
1015 1324 1173 1362 duobus
1205 1324 1244 1362 in
1266 1323 1488 1361 clarissimis

158 1398 195 1428 et
217 1390 514 1440 religiosissimis
531 1389 687 1439 templis
709 1388 904 1438 expilavit,
926 1389 1103 1435 Athenis,
1128 1403 1217 1427 cum
1239 1389 1321 1427 auri
1342 1390 1489 1438 grande
1510 1406 1550 1427 20

158 1457 326 1505 poriduS,
364 1454 574 1505 SyracusiS‚
596 1468 687 1492 cum
717 1454 851 1492 omnia
882 1462 1033 1505 practer
1068 1462 1214 1493 tectum
1250 1462 1288 1492 et
1323 1453 1488 1504 parietes

157 1520 344 1567 abstulit3
388 1528 516 1570 teque,
548 1522 700 1558 Latona
731 1527 768 1557 et
800 1521 946 1569 Apollo
978 1527 1015 1557 et
1045 1519 1184 1565 Diana,
1219 1533 1386 1569 quorum
1416 1519 1488 1557 isto

163 1586 249 1624 Deli
283 1600 363 1624 non
399 1588 544 1632 fanum,
580 1587 660 1631 sed,
698 1592 739 1622 ut
772 1583 979 1622 hominum
1014 1584 1150 1634 opinio
1175 1592 1211 1622 et
1239 1584 1374 1634 religio
1404 1585 1486 1630 fert,

158 1653 292 1690 sedem
324 1651 527 1700 antiquam
563 1650 820 1699 divinumque
859 1649 1103 1687 domicilium
1145 1657 1338 1687 nocturno
1377 1651 1489 1687 latro-

158 1717 264 1755 cinio
296 1724 415 1766 atque
454 1716 602 1765 impetu
643 1714 895 1764 compilavit,
942 1714 1059 1752 ctiam
1099 1721 1146 1760 to,
1184 1716 1341 1764 Apollo,
1369 1729 1486 1764 quem
1509 1728 1547 1761 25

158 1782 230 1821 istc
257 1782 360 1821 Chio
385 1781 568 1827 sustulit,
597 1788 714 1830 teque
742 1780 859 1818 etiam
889 1787 1008 1829 atque
1038 1779 1167 1826 etiam,
1197 1779 1335 1826 Diana,
1367 1794 1485 1830 quam

160 1850 304 1897 Pergae
336 1846 526 1896 spoliavit,
553 1846 664 1883 cuius
695 1844 945 1883 simulacrum
974 1844 1263 1882 sanctissimum
1292 1846 1486 1894 Segestae,

159 1913 217 1950 bis
245 1914 350 1961 apud
376 1915 610 1960 Segestanos
641 1918 927 1950 consecratum,
949 1911 1068 1948 semel
1091 1909 1264 1959 ipsorum
1286 1910 1483 1959 religione,

157 1977 297 2016 iterum
346 1978 387 2014 l‘.
429 1975 601 2013 Africani
641 1976 811 2021 victoria,
854 1976 1073 2013 tollendum
1121 1977 1484 2024 asportandumque

158 2042 329 2089 curavit,
372 2048 501 2090 toque,
532 2040 714 2085 Mercuri,
748 2054 864 2089 quem
889 2043 1028 2078 Verres
1058 2039 1097 2077 in
1128 2041 1250 2078 domo
1277 2047 1315 2077 et
1345 2039 1382 2076 in
1413 2039 1485 2089 pri·
1505 2053 1546 2083 30

159 2116 246 2146 vata
265 2107 396 2157 aliqua
417 2109 607 2157 palat-stra
629 2106 768 2156 posuit,
796 2108 834 2143 P.
859 2105 1066 2143 Africanus
1097 2105 1136 2142 in
1165 2105 1260 2143 urbe
1287 2104 1483 2143 sociorum

207 2222 239 2248 ¹4
268 2211 419 2241 manibus
439 2211 527 2247 regis
545 2215 585 2249 φλ
608 2210 676 2242 ille.
695 2209 760 2239 cod.
782 2209 919 2240 Laws»
937 2221 942 2239 :
983 2209 1090 2239 manis
1109 2209 1242 2246 regibus
1260 2208 1293 2237 R
1311 2220 1316 2238 :
1357 2208 1486 2245 magnis

161 2256 295 2291 regibus
320 2254 435 2285 SDW:
472 2255 559 2285 rezis
586 2254 704 2288 ironiis
733 2255 764 2281 δι
793 2254 945 2283 manib-is
969 2254 1030 2292 pkss
1168 2263 1204 2290 19
1231 2252 1309 2281 item
1339 2251 1392 2281 R:
1423 2253 1486 2281 istc

162 2292 232 2336 assl·
254 2300 349 2331 iterii)
368 2298 418 2328 S:
444 2299 522 2328 item
542 2299 604 2328 iste
622 2297 705 2327 Dw:
733 2301 796 2327 istc
811 2298 850 2336 [³5
955 2307 996 2335 30
1021 2297 1053 2326 in
1073 2296 1150 2325 vilia
1164 2296 1209 2334 ple
1311 2305 1347 2333 31
1375 2295 1486 2334 aliqua

155 2345 200 2383 ple
217 2355 223 2373 z
247 2344 361 2381 aitqua
377 2342 410 2372 R
430 2354 436 2372 :
460 2342 597 2382 altaque
614 2341 678 2372 SD
767 2340 879 2380 posuit
892 2341 935 2379 [³5
952 2351 958 2370 z
982 2351 1049 2370 om.
1070 2338 1169 2371 RSD
