1715 2734
3 794 9 830 <⁵
66 815 105 837 10

66 1139 101 1170 15

64 1466 104 1487 20

64 1788 102 1819 25

63 2110 104 2141 30

381 108 440 144 ΙΝ
472 106 516 144 C.
548 105 790 142 VERREM
822 102 997 141 ACTIO
1028 102 1212 139 PRIMA
1415 111 1452 140 11
1477 116 1513 146 32

127 216 430 266 diligentiaeque
449 215 601 265 capiam
622 216 804 261 fructum,
826 221 865 252 et
884 214 956 251 lzac
980 212 1231 251 accusatione
1254 212 1452 262 perficiam

127 289 170 320 ut
208 295 325 319 nemo
369 294 555 330 umquam
606 288 695 330 post
743 279 950 317 hominum
999 276 1228 315 memoriam
1273 278 1452 327 paratior,

126 345 354 395 vigilantior,
377 344 634 394 compositior
659 346 711 382 ad
738 343 929 382 iudicium
956 341 1109 380 venisse
1130 341 1316 379 videatur.
1376 343 1454 380 Sed

126 409 164 446 in
199 410 273 447 hac
307 411 423 448 laude
457 409 672 448 industriae
706 423 816 447 meae
850 421 938 446 reus
972 421 1022 445 ne
1051 407 1226 444 elabatur
1256 420 1453 444 summum

125 474 340 524 periculum
376 482 444 512 est.
505 474 614 522 Quid
648 481 706 512 est
740 473 855 523 igitur
889 473 997 522 quod
1032 471 1113 509 fieri
1148 471 1300 521 possit?
1362 473 1453 509 Non

124 540 348 587 obscurum,
389 539 540 590 opinor,
578 553 708 589 neque
746 537 1036 576 absconditum.
1112 538 1297 574 Fructum
1337 536 1453 574 istum

124 604 261 651 laudis,
303 604 370 654 qui
409 618 455 642 ex
495 612 683 654 perpetua
721 603 898 641 oratione
936 601 1083 651 percipi
1123 602 1260 651 potuit,
1302 601 1341 638 in
1380 601 1455 638 alia

124 677 301 718 tempora
331 682 597 707 reservemus:
632 682 738 706 nunc
768 667 973 705 hominem
1003 666 1157 713 tabulis,
1180 667 1356 713 testibus,
1384 666 1455 716 pri-

123 733 220 772 vatis
245 734 494 784 publicisque
515 734 650 771 litteris
671 733 1051 781 auctoritatibusque
1071 745 1312 769 accusemus.
1375 733 1455 769 Res

123 798 252 836 omnis
287 798 383 836 mihi
419 806 549 836 tecum
583 798 664 845 erit,
701 797 902 836 Hortensi.
964 796 1105 834 Dicam
1139 804 1281 846 aperte.
1343 796 1383 835 Si
1417 804 1455 835 te

123 878 279 911 mecum
301 865 475 903 dicendo
500 879 547 903 ac
567 864 766 903 diluendis
793 863 1023 902 criminibus
1054 863 1093 900 in
1123 863 1196 900 hac
1223 875 1342 900 causa
1365 860 1456 900 con-

122 930 283 967 tendere
310 937 499 978 putarem,
523 942 596 979 ego
616 942 777 978 quoque
809 929 849 966 in
875 929 1102 966 accusando
1128 935 1246 977 atque
1274 927 1313 964 in
1340 926 1456 977 expli-

122 993 260 1031 candis
299 994 529 1032 criminibus
568 1007 729 1043 operam
769 1006 1072 1031 consumerem:
1120 1006 1226 1030 nunc
1265 992 1454 1042 quoniam

121 1072 295 1108 pugnare
316 1066 453 1097 contra
482 1072 546 1096 me
574 1058 774 1096 instituisti
802 1072 882 1096 non
905 1065 983 1095 tam
1011 1071 1058 1095 ex
1084 1064 1151 1095 tua
1178 1065 1315 1094 natura
1335 1070 1453 1106 quam

121 1137 169 1161 ex
203 1123 314 1161 istius
346 1130 524 1173 ternpore
558 1131 596 1161 et
630 1137 748 1161 causa
783 1121 1025 1175 [malitiose],
1057 1135 1219 1160 necesse
1253 1130 1311 1160 est
1344 1121 1455 1159 istius

122 1188 231 1226 modi
267 1188 405 1226 rationi
440 1188 573 1238 aliquo
607 1188 774 1226 consilio
807 1188 1010 1225 obsistere.
1068 1188 1156 1224 Tua
1190 1186 1287 1224 ratio
1321 1194 1379 1225 est
1414 1194 1455 1224 ut

123 1254 341 1291 secundum
378 1253 493 1291 binos
528 1254 643 1292 ludos
678 1252 774 1290 mihi
808 1253 1046 1302 respondere
1080 1251 1255 1302 incipias,
1292 1264 1380 1289 mea
1414 1258 1455 1288 ut

122 1326 214 1355 ante
252 1318 399 1367 prim'os
434 1320 550 1356 ludos
584 1317 945 1368 comperendinem.
1012 1319 1073 1355 Ita
1106 1318 1172 1355 fiet
1207 1324 1249 1355 ut
1284 1324 1349 1354 tua
1383 1316 1456 1354 ista

122 1382 222 1420 ratio
251 1383 492 1421 existimetur
515 1391 653 1430 astuta,
678 1390 809 1421 meum
838 1384 913 1420 hoc
940 1382 1148 1420 consilium
1177 1382 1451 1420 necessarium.

177 1448 325 1484 Verum
356 1448 452 1486 illud
483 1449 592 1498 quod
626 1448 870 1486 institueram
902 1447 1044 1494 dicere,
1077 1447 1172 1484 mihi
1207 1460 1288 1484 rem
1323 1455 1453 1485 tecum

123 1525 218 1558 esse,
251 1512 366 1550 huius
397 1513 506 1551 modi
536 1521 604 1552 est.
666 1515 751 1562 Ego
786 1526 876 1550 cum
912 1514 1014 1550 hanc
1043 1526 1202 1550 causam
1235 1512 1454 1551 Siculorum

123 1585 259 1626 rogatu
280 1578 527 1628 recepissem,
551 1578 671 1628 idque
692 1577 788 1615 mibi
813 1579 987 1627 amplum
1010 1585 1047 1615 et
1069 1579 1310 1627 praeclarum
1330 1578 1456 1615 existi-

124 1655 303 1689 massem,
341 1656 408 1681 eos
448 1646 546 1682 velle
592 1658 703 1682 meae
748 1643 839 1681 fidei
884 1642 1188 1692 diligentiaeque
1236 1642 1453 1691 periculum

123 1708 250 1745 facere
279 1708 345 1757 qui
376 1708 626 1746 innocentiae
655 1707 998 1757 abstinentiaeque
1031 1707 1225 1753 fecissent,
1258 1714 1340 1744 tum
1376 1721 1455 1745 sus-

124 1779 240 1821 cepto
267 1772 426 1821 negotio
454 1773 578 1811 maius
600 1773 790 1823 quiddam
820 1772 915 1809 mihi
943 1772 1141 1821 proposui,
1165 1771 1203 1809 in
1225 1786 1304 1821 quo
1325 1785 1453 1809 meam

123 1836 163 1874 in
193 1850 274 1874 rem
305 1838 503 1887 publicam
526 1840 768 1876 voluntatem
798 1838 968 1886 populus
999 1838 1205 1874 Romanus
1236 1836 1454 1886 perspicere

123 1909 266 1950 posset.
340 1904 444 1940 Nam
483 1902 580 1941 illud
620 1902 716 1940 mihi
762 1915 1012 1951 nequaquam
1053 1902 1217 1951 dignum
1264 1902 1455 1940 industria

123 1973 347 2016 conatuque
382 1980 472 2005 meo
507 1967 723 2013 videbatur,
760 1965 876 2003 istum
916 1980 939 2003 a
978 1979 1041 2003 me
1076 1966 1115 2003 in
1151 1966 1339 2004 iudicium
1375 1967 1452 2004 iam

123 2030 300 2068 omnium
323 2031 469 2070 iudicio
490 2033 800 2070 condemnatum
821 2030 961 2077 vocari,
985 2030 1059 2068 nisi
1086 2031 1159 2068 ista
1186 2039 1252 2069 tua
1276 2031 1454 2069 intolera-

123 2094 211 2132 bilis
240 2096 428 2145 potentia,
451 2104 489 2134 et
519 2110 565 2134 ea
593 2095 787 2146 cupiditas
809 2108 886 2144 qua
915 2108 984 2144 per
1007 2097 1126 2133 hosce
1156 2109 1281 2133 annos
1312 2096 1351 2133 in
1373 2096 1453 2145 qui-

170 2208 183 2228 1
211 2204 243 2229 et
270 2199 331 2229 hac
357 2210 467 2230 accus.
496 2200 631 2240 scripsi:
656 2203 689 2229 et
715 2209 758 2228 ex
786 2208 894 2228 accus,
926 2198 1011 2238 DZp
1036 2198 1077 2229 al.
1100 2210 1107 2228 t
1135 2204 1169 2229 et
1194 2209 1308 2229 excus.
1328 2198 1386 2228 K:
1411 2209 1453 2228 ex

124 2251 233 2272 accus.
253 2243 333 2282 (om.
354 2243 403 2281 et)
423 2242 465 2282 G2
483 2255 489 2273 :
514 2249 547 2274 et
565 2254 638 2273 mea
655 2252 764 2272 accus.
786 2241 888 2271 Klotz
1077 2251 1095 2280 5
1121 2242 1224 2280 igitur
1239 2241 1294 2281 Dp
1311 2247 1340 2272 et
1351 2243 1426 2282 pler.
1447 2254 1453 2272 :

125 2295 209 2323 ergo
228 2285 307 2323 G2K
396 2296 435 2316 10
457 2287 574 2326 mihip
590 2287 632 2316 al.
651 2298 658 2317 z
683 2296 749 2315 om.
765 2284 828 2314 ΒΨ
931 2294 969 2323 15
996 2285 1159 2315 malitiose
1176 2285 1242 2316 secl.
1261 2285 1362 2323 Bake,
1382 2285 1449 2315 edd.

125 2330 156 2369 (·
170 2330 336 2360 malitiose
350 2337 417 2370 ·p;
441 2331 477 2368 cf.
496 2331 515 2368 i,
536 2333 572 2368 §§
590 2341 628 2368 91
649 2331 878 2372 <·c0piose·)‚
900 2341 971 2369 139,
991 2331 1066 2370 147)
1220 2331 1258 2359 16
1280 2330 1363 2359 ratio
1384 2329 1449 2358 fert

125 2373 221 2403 malit
234 2374 374 2404 Mueller

1479 552 1515 582 33

1478 1199 1517 1231 34

1478 1458 1519 1485 12

1476 1915 1514 1946 35
