1715 2734
105 44 160 93 67
183 52 239 83 ιω
548 47 606 84 M.
636 46 805 84 TVLLI
837 46 1144 86 CICERONIS

96 160 154 193 162
178 171 246 208 per
266 157 344 196 vim
367 156 630 196 multitudinis
652 158 798 195 facturn
820 170 906 196 esse
926 156 1131 196 videretur.
1193 157 1295 197 Cum
1317 157 1393 196 hoc
1414 170 1504 197 con-

90 1038 150 1077 163

87 1920 145 1961 164

179 222 266 261 silio
287 230 434 261 statuas
451 221 699 272 Centuripini
720 221 878 272 publice
893 222 1150 268 sustulissent,
1169 222 1280 261 audit
1295 223 1481 261 Metellus
1496 237 1506 270 3

175 287 341 337 graviter
380 289 478 335 fert;
517 294 655 326 evocat
693 288 744 326 ad
785 300 827 325 se
867 287 1217 337 Centuripinorum
1258 286 1504 337 magistratus

175 360 213 390 et
247 353 387 391 decern
426 352 597 402 primos;
641 351 715 390 nisi
753 350 1013 391 restituissent
1051 360 1209 398 statuas,
1251 353 1505 391 vehementer

175 416 354 456 minatur.
415 416 476 455 Illi
503 418 554 455 ad
583 424 763 455 senatum
792 416 1040 455 renuntiant:
1072 425 1233 464 statuae,
1263 430 1364 466 quae
1393 416 1504 456 istius
1525 427 1542 460 5

173 495 314 521 causae
345 481 441 520 nihil
471 483 714 532 prodessent,
747 489 1014 532 reponuntur;
1042 482 1199 520 decreta
1229 481 1504 531 Centuripino-

173 561 270 594 rum,
297 561 398 597 quae
427 548 477 585 de
508 545 643 585 statuis
674 554 783 585 erant
813 548 925 593 facta,
957 560 1036 585 non
1065 548 1264 585 tolluntur.
1325 546 1405 584 Hic
1429 560 1503 597 ego

172 611 279 650 aliud
308 611 373 649 alii
402 612 604 649 concedo:
642 611 817 657 Metello,
851 610 1003 649 homini
1032 611 1210 661 sapienti,
1239 624 1396 661 prorsus
1420 625 1501 650 non

171 690 333 727 possum
374 675 575 725 ignoscere
614 675 644 713 si
684 675 780 725 quid
823 677 940 714 stulte
979 675 1079 714 facit.
1140 675 1279 724 Quid?
1321 676 1385 715 ille
1423 677 1500 715 hoc

171 742 335 792 putabat
383 740 493 780 Verri
534 740 790 779 criminosum
833 742 924 788 fore,
969 741 999 779 si
1047 749 1198 780 statuae
1238 740 1322 779 eius
1369 749 1499 780 essent
1521 753 1563 776 10

171 805 359 854 deiectae,
401 806 510 856 quod
549 819 666 856 saepe
703 813 822 844 vento
859 813 927 844 aut
965 805 1098 856 aliquo
1135 818 1227 844 casu
1260 805 1341 844 fieri
1372 807 1501 845 solet?

172 872 265 909 Non
296 878 376 909 erat
406 870 446 908 in
476 872 552 909 hoc
582 883 713 920 neque
742 870 891 909 crimen
920 872 1043 909 ullum
1075 884 1204 921 neque
1233 870 1497 920 reprehensio.

173 938 231 975 Ex
278 950 359 986 quo
404 936 518 987 igitur
566 935 715 975 crimen
759 944 879 986 atque
920 936 1120 975 accusatio
1165 936 1366 974 nascitur?
1440 937 1500 974 Ex

172 1002 378 1040 hominurn
413 1001 561 1041 iudicio
595 1009 633 1041 et
666 1003 879 1041 voluntate.
940 1003 1036 1052 Ego,
1068 1001 1099 1040 si
1136 1002 1321 1040 Metellus
1351 1008 1497 1040 statuas

171 1067 451 1118 Centuripinos
472 1081 662 1118 reponere
682 1081 763 1106 non
787 1066 993 1118 coegisset,
1015 1068 1113 1106 haec
1133 1067 1317 1114 dicerem,
1340 1067 1495 1115 Videte,
1523 1082 1557 1115 15

169 1131 330 1180 iudices,
348 1140 539 1183 quantum
561 1140 599 1171 et
620 1145 739 1183 quam
759 1132 945 1171 acerbum
966 1133 1144 1172 dolorem
1165 1131 1361 1171 sociorum
1381 1140 1499 1182 atque

167 1197 384 1236 amicorum
401 1197 542 1236 animis
563 1196 773 1236 inusserint
793 1196 903 1236 istius
920 1196 1096 1245 iniuriae,
1112 1210 1202 1235 cum
1225 1196 1499 1247 Centuripino-

168 1276 253 1300 rum
285 1262 524 1300 amicissima
554 1275 600 1300 ac
635 1261 864 1300 fidelissima
895 1261 1041 1309 civitas,
1073 1275 1175 1312 quae
1209 1262 1326 1300 tantis
1360 1261 1498 1301 officiis

167 1340 257 1365 cum
298 1328 447 1377 populo
487 1328 672 1365 Romano
710 1326 924 1365 coniuncta
956 1335 1015 1366 est
1053 1335 1095 1365 ut
1133 1340 1214 1365 non
1249 1328 1376 1365 solum
1415 1339 1496 1365 rem

167 1392 366 1442 publicam
406 1399 591 1438 nostram,
633 1392 703 1429 sed
741 1391 858 1429 etiam
899 1391 938 1429 in
971 1391 1110 1442 quovis
1146 1391 1307 1430 homine
1345 1391 1496 1442 privato
1518 1407 1557 1429 20

168 1471 313 1496 nomen
362 1456 491 1507 ipsum
542 1458 769 1495 Romanum
810 1470 965 1507 semper
1012 1456 1199 1504 dilexerit,
1242 1471 1289 1495 ea
1335 1456 1496 1506 publico

167 1523 333 1562 consilio
352 1530 471 1572 atque
495 1522 726 1561 auctoritate
751 1522 931 1560 iudicarit
952 1523 998 1562 C.
1020 1521 1151 1562 Verris
1180 1530 1326 1560 statuas
1350 1535 1435 1561 esse
1456 1522 1494 1560 in

167 1589 263 1627 urbe
284 1602 354 1627 sua
374 1602 454 1627 non
476 1595 665 1638 oportere.
711 1587 933 1626 Recitarem
955 1589 1113 1627 decreta
1129 1587 1476 1638 Centuripinorum
1484 1602 1494 1634 3

166 1656 366 1693 laudarem
415 1654 521 1691 illam
568 1653 777 1700 civitatem,
828 1652 868 1692 id
916 1654 1024 1703 quod
1072 1653 1270 1692 verissime
1314 1666 1496 1703 possem,

167 1732 520 1758 commemorarem
549 1719 689 1757 decem
715 1717 820 1756 milia
848 1717 991 1757 civium
1018 1731 1103 1757 esse
1132 1717 1491 1768 Centuripinorum,
1516 1735 1554 1767 ²5

167 1785 467 1824 fortissimorum
497 1783 896 1834 fidelissimorumque
925 1783 1147 1831 sociorum;
1177 1797 1244 1822 eos
1269 1783 1398 1822 omnis
1419 1785 1495 1822 hoc

167 1850 358 1897 statuisse,
391 1857 694 1888 monumentum
730 1848 840 1887 istius
870 1848 910 1886 in
941 1862 1010 1887 sua
1040 1848 1195 1887 civitate
1227 1850 1378 1887 nullum
1411 1862 1495 1887 esse

167 1923 358 1966 oportere.
422 1916 535 1952 Haec
557 1921 640 1951 tum
672 1913 855 1960 dicerem,
886 1913 916 1952 si
947 1920 1093 1951 statuas
1118 1914 1302 1951 Metellus
1332 1926 1412 1951 non
1442 1927 1496 1952 re-

213 2029 226 2048 1
254 2028 330 2049 esse
350 2017 432 2049 CO:
456 2028 520 2048 om.
542 2017 606 2048 rell.
698 2027 717 2055 3
742 2017 1000 2056 Centuripinum
1019 2016 1249 2056 magistratum
1267 2015 1356 2047 codd.
1370 2020 1499 2056 praefer

169 2062 227 2093 CO
338 2071 357 2100 5
383 2062 527 2092 minatur
545 2059 622 2091 COb
639 2071 646 2090 ε
669 2061 722 2090 his
740 2060 886 2090 minatur
904 2072 924 2089 π
1047 2060 1068 2089 6
1092 2061 1229 2090 decreta
1247 2083 1253 2090 .
1276 2085 1281 2090 .
1307 2084 1313 2090 .
1331 2060 1496 2091 tolluntur

168 2105 228 2137 CO
244 2117 251 2135 ε
275 2116 338 2135 om.
356 2110 378 2145 p
391 2106 455 2136 rell.
630 2114 668 2134 10
691 2109 767 2135 stat.
787 2104 859 2134 eius
878 2103 938 2134 CO
956 2115 962 2134 ε
987 2104 1057 2134 eius
1075 2109 1151 2134 stat.
1168 2104 1210 2143 pb
1226 2103 1296 2134 cdd.
1456 2113 1494 2144 15

168 2150 308 2180 Centur.
329 2158 496 2188 reponere
519 2147 594 2178 CO:
623 2158 692 2186 rep.
713 2148 853 2177 Centur.
870 2147 910 2186 pb
927 2147 1016 2187 vulg.
1168 2147 1250 2176 haec
1272 2146 1338 2187 Cp:
1363 2147 1425 2177 hoc
1445 2147 1495 2177 Ob

173 2194 207 2222 18
232 2203 268 2222 ac
283 2193 370 2233 qu:
394 2203 459 2222 om.
481 2190 540 2222 CO
557 2202 562 2220 z
587 2196 619 2221 et
638 2191 725 2230 vulg.
872 2201 908 2220 21
939 2190 1127 2221 Romanum
1148 2189 1229 2220 CO:
1262 2200 1370 2220 —orum
1384 2195 1409 2230 p
1425 2191 1490 2222 rell.

168 2246 208 2274 24
237 2236 407 2266 laudarem
433 2235 486 2265 illa
510 2236 649 2265 decreta
674 2234 844 2264 civitatem
872 2234 938 2264 C0¹
958 2233 1060 2273 :fort.
1083 2234 1253 2263 laudarem
1273 2233 1328 2263 illa
1345 2234 1491 2272 decreta,

170 2279 338 2309 laudarem
358 2279 448 2309 illam
469 2278 639 2309 civitatem
814 2287 855 2316 25
880 2277 1002 2307 civium
1020 2288 1095 2308 esse
1115 2276 1174 2307 CO
1190 2288 1196 2307 :
1221 2287 1296 2307 esse
1314 2277 1433 2308 civium
1450 2289 1471 2307 π
1487 2288 1495 2308 :

170 2333 244 2353 esse
262 2333 327 2354 om.
346 2323 383 2352 ὁδ
