1715 2734
167 110 434 149 ACTIONIS
457 110 517 148 IN
539 110 582 149 C.
607 111 846 149 VERREM
869 111 1166 150 SECVNDAE
1190 113 1290 149 LIB.
1316 113 1381 149 ΙΙΙ
1434 122 1488 159 59

164 221 258 260 sella
277 234 323 259 ac
343 220 536 267 tribunali,
552 228 594 258 ut
614 228 680 259 aut
701 222 750 259 de
772 234 841 260 suo
863 221 989 272 capite
1010 221 1197 260 iudicium
1220 221 1300 259 fieri
1321 221 1488 271 patiatur

162 299 345 336 praesens
366 300 411 324 ac
432 287 583 332 sedens,
607 293 674 324 aut
694 288 926 325 confiteatur
953 300 993 325 se
1017 286 1201 325 omnibus
1223 286 1377 324 iudiciis
1398 301 1487 325 con-

162 350 264 389 vinci
277 364 437 389 necesse
451 352 564 389 esse?
620 352 789 400 Sponsio
806 359 873 399 est,
894 353 947 390 N1
966 364 1016 389 TE
1029 354 1247 389 APRONIVS
1269 363 1419 389 socivit
1443 364 1486 389 1N

162 427 344 454 DECVMIS
357 427 452 454 ESSE
466 428 590 454 DICAT
606 431 614 463 3
644 417 843 466 provincia
860 425 925 455 tua
946 425 1013 464 est,
1030 418 1134 465 ades,
1151 416 1220 454 abs
1242 424 1279 454 te
1296 416 1486 454 iudicium

121 497 138 528 5
161 482 401 531 postulatur3
431 481 525 531 quid
547 481 651 528 facis,
676 482 771 531 quid
792 482 999 520 decernis?
1057 484 1367 531 Recuperatores
1389 481 1486 519 dicis

159 553 197 583 te
218 547 409 583 daturum.
470 547 578 584 Bene
598 546 702 596 agis;
737 547 889 585 tametsi
912 547 978 596 qui
1000 546 1115 584 tantis
1137 554 1249 584 erunt
1270 546 1485 584 cervicibus

158 617 445 659 recuperatores
477 610 544 659 qui
575 612 745 649 audeant
770 611 809 648 in
837 611 1046 661 provincia,
1071 624 1161 648 cum
1187 618 1340 660 praetor
1370 610 1482 656 adsit,

158 688 238 712 non
259 676 386 713 solum
407 683 542 713 contra
562 676 804 713 voluntatem
825 676 907 714 eius
929 677 998 714 sed
1016 675 1132 714 etiam
1155 683 1290 714 contra
1311 677 1484 713 fortunas

157 739 357 778 iudicare?
394 741 541 776 Verum
566 747 674 787 est03
705 740 910 778 manifesta
931 754 990 778 res
1011 747 1068 778 est
1088 755 1094 784 ς
1123 753 1240 778 nemo
1262 747 1362 778 esset
1389 740 1483 790 quin

101 821 138 842 10
157 805 233 842 hoc
260 817 301 842 se
328 803 483 842 audisse
511 802 661 852 liquido
689 803 860 851 diceret3
890 804 1219 854 locupletissimus
1245 805 1412 855 quisque
1438 819 1484 844 ac

96 1142 132 1171 15

94 1469 134 1490 20

156 868 392 907 certissimus
426 867 532 906 testis
564 875 689 915 esset3
719 881 837 906 nemo
869 877 949 906 erat
982 869 1112 907 Sicilia
1143 878 1224 908 tota
1248 870 1342 919 quin
1370 870 1484 909 sciret

155 935 342 971 decumas
374 947 458 971 esse
486 933 682 983 praetoris,
714 947 831 972 nemo
856 934 950 983 quin
983 934 1156 972 audisset
1188 935 1227 973 id
1262 936 1482 985 Apronium

155 998 378 1045 dictitasse3
418 1006 616 1048 praeterea
655 1006 871 1036 conventus
904 1000 1092 1037 honestus
1126 1000 1334 1048 Syracusis,
1372 1001 1481 1038 multi

154 1063 304 1113 equites
336 1062 517 1110 Romani,
551 1062 618 1099 viri
650 1062 830 1112 primarii,
865 1077 911 1101 ex
941 1078 1019 1113 qua
1049 1064 1162 1114 copia
1191 1073 1481 1114 recuperatores

154 1128 243 1166 reici
265 1135 469 1178 oporteret,
495 1127 561 1177 qui
581 1127 691 1165 aliter
718 1127 888 1166 iudicare
915 1130 1024 1167 nullo
1046 1131 1167 1168 modo
1188 1138 1360 1179 possent.
1421 1132 1482 1167 In-

153 1201 228 1231 stat
267 1193 486 1232 Scandilius
526 1206 687 1242 poscere
726 1200 1026 1242 recuperatores.
1105 1195 1208 1231 Tum
1249 1194 1320 1232 iste
1360 1196 1482 1232 homo

153 1258 354 1305 innocens,
387 1258 453 1308 qui
492 1257 597 1295 illam
626 1257 889 1307 suspicionem
923 1260 1049 1296 levare
1080 1266 1198 1307 atque
1229 1259 1278 1297 ab
1312 1272 1396 1298 sese
1428 1274 1481 1297 re-

153 1338 309 1362 movere
344 1330 513 1374 cuperet,
560 1330 848 1373 recuperatores
888 1322 984 1361 dicit
1023 1337 1064 1361 se
1112 1324 1162 1361 de
1209 1325 1372 1362 cohorte
1411 1338 1479 1362 sua

153 1391 346 1428 daturum.

209 1457 283 1493 Pro
322 1456 440 1493 deum
475 1453 760 1504 hominumque
795 1454 925 1501 fidem,
957 1468 1073 1504 quem
1115 1468 1187 1504 ego
1225 1457 1398 1493 accuso?
1439 1456 1478 1494 in

152 1534 231 1569 quo
263 1533 391 1558 meam
423 1519 653 1557 industriam
685 1533 730 1556 ac
764 1518 1006 1569 diligentiam
1041 1519 1207 1569 spectari
1234 1521 1353 1558 volo?
1382 1520 1477 1570 quid

151 1593 208 1623 est
239 1586 347 1634 quod
379 1598 451 1634 ego
478 1584 649 1622 dicendo
680 1591 746 1621 aut
780 1583 992 1634 cogitando
1027 1585 1177 1622 efficere
1208 1592 1273 1621 aut
1312 1586 1476 1635 adsequi

150 1651 346 1688 debeam?
402 1652 550 1696 Teneo,
594 1657 720 1693 teneo,
758 1649 930 1698 inquam,
963 1649 1002 1686 in
1044 1648 1182 1687 mediis
1222 1649 1475 1699 vectigalibus

149 1715 285 1764 populi
308 1714 489 1761 Romani,
514 1714 552 1751 in
583 1713 675 1763 ipsis
706 1713 894 1751 fructibus
921 1713 1143 1762 provinciae
1170 1713 1323 1751 Siciliae
1351 1716 1473 1752 furem

92 1793 130 1825 25
150 1780 358 1818 manifesto
385 1787 625 1818 avertentem
646 1792 727 1816 rem
755 1777 1045 1816 frumentariam
1071 1791 1241 1825 omnem,
1266 1779 1472 1828 pecuniam

150 1845 556 1892 niaximam‚—teneo,
581 1844 756 1893 inquam,
778 1843 831 1881 ita
851 1851 893 1881 ut
914 1856 1053 1893 negare
1075 1857 1154 1881 non
1176 1843 1307 1892 possit.
1369 1846 1472 1882 Nam

148 1910 244 1960 quid
260 1910 323 1948 hic
344 1909 478 1948 dicet?
535 1908 703 1958 Sponsio
725 1910 826 1946 facta
847 1916 904 1946 est
929 1921 1018 1946 cum
1042 1908 1241 1956 cognitore
1263 1916 1330 1946 tuo
1351 1911 1473 1958 Apro-

147 1974 214 2012 nio
238 1976 288 2013 de
315 1974 478 2013 fortunis
503 1974 578 2012 tuis
606 1973 800 2019 omnibus,
825 1972 863 2010 ni
886 1973 1034 2011 socium
1067 1980 1103 2010 te
1128 1972 1201 2010 sibi
1231 1973 1270 2010 in
1295 1974 1472 2011 decumis

147 2053 232 2077 esse
262 2039 480 2086 dictitaret3
510 2045 735 2089 exspectant
760 2051 897 2075 omnes
919 2046 1088 2086 quantae
1111 2037 1179 2074 tibi
1202 2051 1246 2074 ea
1271 2051 1329 2074 res
1357 2051 1472 2076 curae

187 2152 207 2178 9
233 2151 331 2171 nemo
363 2145 454 2170 esset
477 2145 501 2179 j)
523 2140 601 2173 rell..
621 2140 708 2178 prob.
730 2140 954 2171 Luterbaslzer.
975 2141 1067 2178 Jolm
1086 2141 1121 2170 (l.
1146 2140 1218 2173 ΗΜ
1253 2152 1351 2171 nemo
1370 2146 1421 2172 est
1441 2142 1470 2171 O

147 2193 185 2213 10
209 2184 271 2213 hoc
297 2195 333 2214 se
354 2184 536 2218 audissem)
552 2188 597 2222 p:
622 2182 757 2212 audisse
775 2193 811 2212 se
831 2185 908 2214 (om.
932 2184 1009 2213 hoc*¹
1032 2184 1061 2213 O
1149 2195 1184 2214 ae
1205 2185 1255 2214 O:
1280 2196 1344 2214 0171.
1362 2191 1385 2224 j>
1405 2186 1467 2214 rell.

148 2237 182 2256 11
209 2227 288 2265 quin
308 2227 408 2256 sciret
425 2226 472 2256 cO
492 2237 498 2255 :
522 2226 579 2264 qui
600 2226 780 2264 nescir-etp
798 2226 862 2255 rell.
1044 2237 1080 2255 12
1106 2228 1182 2265 quin
1203 2227 1271 2258 cO:
1295 2228 1434 2266 quinon
1449 2234 1470 2267 j)

144 2269 207 2299 rell.
298 2270 330 2299 id
352 2269 404 2299 O:
429 2269 473 2298 ita
488 2274 510 2308 p
529 2268 593 2300 rell.
698 2279 737 2306 23
763 2273 862 2299 teneo
880 2269 1011 2308 inquam
1032 2270 1100 2300 cO:
1126 2282 1190 2301 om.
1206 2276 1229 2309 p
1247 2271 1310 2301 rell.
1428 2281 1467 2309 25

145 2318 353 2343 averrentem
374 2312 421 2342 cO
441 2311 531 2351 (Div.
557 2315 571 2348 ξ
591 2312 647 2349 57Ἷ
780 2313 820 2341 28
846 2312 906 2342 nisi
928 2313 956 2343 O

1513 126 1570 158 ¹35

1508 748 1566 789 136

1499 1434 1556 1471 60

1505 1500 1560 1533 137
