1715 2734
198 67 466 106 ACTIONIS
498 68 558 105 IN
588 67 633 105 C.
655 67 896 104 VERREM
925 66 1226 105 SECVNDAE
1258 68 1359 104 LIB.
1385 68 1426 105 ΙΙ
1470 76 1521 115 35
1540 75 1581 114 87

101 112 243 190 s

197 181 319 217 Erant
345 178 454 229 signa
473 192 519 217 ex
542 191 630 216 aere
657 180 885 228 complura3
913 178 953 216 in
974 178 1033 216 his
1060 177 1201 216 eximia
1227 177 1519 228 pulchritudine
1540 179 1580 221 87

194 243 279 294 ipsa
300 243 465 281 Himera
485 243 524 280 in
555 242 786 281 muliebrem
808 245 970 293 figuram
1000 243 1260 292 habitumque
1288 245 1453 281 formata
1473 258 1520 282 ex

193 308 329 359 oppidi
361 308 522 346 nomine
551 315 589 346 et
624 308 805 346 fluminis.
867 311 960 346 Erat
988 308 1106 346 etiam
1136 308 1347 347 Stesichori
1379 316 1519 358 poetae

193 380 320 411 statua
348 373 479 411 senilis
508 373 668 411 incurva
687 387 777 410 cum
806 373 905 411 libro
930 387 1096 419 summo,
1121 380 1163 411 ut
1187 380 1337 423 putant,
1355 373 1519 412 artificio

153 450 171 481 5
191 441 301 486 facta,
344 439 411 489 qui
449 439 520 477 fuit
560 439 760 486 Himerae,
794 441 864 477 sed
903 447 941 477 et
972 447 1030 477 est
1063 447 1101 478 et
1133 439 1204 477 fuit
1238 447 1320 478 tota
1354 439 1519 478 Graecia

191 518 348 542 summo
380 512 538 554 propter
568 503 769 553 ingenium
802 506 952 542 honore
991 512 1030 542 et
1064 504 1235 542 nomine.
1297 506 1411 543 Haec
1445 504 1518 544 iste

189 570 240 607 ad
275 568 467 607 insaniam
502 569 790 618 concupiverat.
852 569 993 615 Etiam,
1026 570 1135 619 quod
1165 583 1290 619 paene
1325 569 1514 619 praeterii,

190 636 339 684 capella
377 635 573 684 quaedam
605 641 673 680 est,
706 647 751 671 ea
785 633 947 683 quidem
978 633 1084 680 mire,
1117 642 1159 672 ut
1194 633 1312 671 etiam
1346 647 1419 672 nos
1449 634 1516 684 qui

188 700 304 737 rudes
348 700 485 736 harum
532 711 660 736 rerum
704 711 839 736 sumus
887 698 1111 748 intellegere
1158 711 1379 748 possumus,
1421 698 1516 737 scite

132 775 170 796 10
188 765 290 802 facta
327 771 366 801 et
403 770 577 801 venuste.
638 764 753 801 Haec
791 770 829 800 et
867 762 943 800 alia
981 762 1114 813 Scipio
1149 776 1230 800 non
1266 765 1517 814 neglegenter

186 828 392 875 abiecerat,
424 835 466 866 ut
496 829 618 866 homo
652 827 882 878 intellegens
911 830 1052 866 Verres
1082 829 1232 866 auferre
1264 836 1409 878 posset,
1445 830 1516 867 sed

186 892 450 931 Thermitanis
481 892 709 939 restituerat,
742 906 822 930 non
847 906 928 942 quo
956 892 1039 942 ipse
1070 894 1203 931 hortos
1232 900 1299 931 aut
1329 894 1515 932 suburba-

184 971 279 995 num
318 964 384 996 aut
419 959 552 995 locum
583 957 747 995 omnino
779 957 846 995 ubi
878 971 923 995 ea
954 965 1118 1006 poneret
1153 959 1305 996 nullum
1340 959 1512 1005 haberet,

184 1024 253 1061 sed
280 1023 398 1073 quod,
423 1022 453 1060 si
475 1024 639 1061 domum
667 1021 900 1069 abstulisset,
924 1036 1005 1061 non
1036 1022 1103 1060 diu
1125 1022 1320 1073 Scipionis
1345 1025 1515 1074 appella—

127 1100 163 1133 15
183 1094 324 1133 rentur,
352 1088 421 1125 sed
451 1101 587 1125 eorum
616 1088 667 1125 ad
699 1100 974 1136 quoscumque
1004 1087 1106 1125 illius
1136 1095 1261 1125 morte
1291 1088 1513 1127 venissent:

182 1165 288 1190 nunc
319 1151 364 1189 iis
396 1152 491 1190 locis
526 1151 653 1202 posita
687 1159 777 1190 sunt
811 1160 853 1190 ut
886 1151 980 1189 mihi
1016 1166 1170 1203 semper
1204 1152 1399 1202 Scipionis
1430 1155 1512 1192 fore

180 1215 385 1255 videantur
404 1217 536 1266 itaque
556 1217 746 1255 dicantur.

235 1283 350 1319 Haec
383 1295 473 1320 cum
506 1281 577 1319 iste
612 1289 790 1331 posceret
817 1289 1075 1332 agereturque
1108 1296 1155 1321 ea
1188 1297 1248 1322 res
1282 1282 1323 1321 in
1357 1290 1510 1331 senatu,
1529 1256 1584 1348 ἓξ

180 1346 365 1384 Sthenius
400 1346 744 1385 vehementissime
783 1346 922 1384 restitit
961 1349 1174 1397 multaque,
1215 1355 1257 1385 ut
1296 1348 1336 1386 in
1375 1348 1509 1398 primis

122 1430 161 1450 20
179 1410 399 1449 Siculorum
424 1410 464 1448 in
491 1411 663 1449 dicendo
683 1411 868 1461 copiosus
897 1419 969 1459 est,
991 1412 1340 1451 commemoravit:
1371 1414 1509 1451 urbem

179 1475 396 1525 relinquere
441 1475 707 1514 Thermitanis
757 1490 842 1514 esse
890 1477 1093 1515 honestius
1136 1491 1255 1527 quam
1298 1478 1378 1528 pati
1426 1478 1509 1516 tolli

178 1554 224 1578 ex
258 1540 354 1578 urbe
393 1549 652 1579 monumenta
691 1541 896 1588 maiorum,
938 1541 1063 1591 spolia
1097 1542 1282 1590 hOStium,
1317 1543 1509 1581 beneficia

177 1605 379 1644 clarissimi
421 1606 502 1652 viri,
551 1606 696 1645 indicia
743 1606 940 1645 societatis
988 1607 1125 1657 populi
1170 1608 1341 1646 Romani
1390 1616 1508 1659 atque

176 1670 382 1709 amicitiae.
453 1671 656 1709 Commoti
695 1671 816 1709 animi
860 1679 950 1709 sunt
988 1671 1191 1719 omniumg
1235 1681 1409 1722 repertus
1449 1681 1507 1712 est

119 1753 157 1785 25
177 1748 296 1773 nemo
327 1735 422 1785 quin
457 1735 554 1773 mori
589 1735 737 1774 diceret
776 1737 895 1774 satius
930 1749 1025 1774 esse.
1086 1738 1228 1786 Itaque
1266 1738 1343 1776 hoc
1374 1739 1505 1777 adhuc

176 1799 369 1849 oppidum
408 1801 548 1838 Verres
588 1799 736 1838 invenit
775 1813 898 1850 prope
937 1802 1065 1838 solum
1105 1801 1144 1839 in
1184 1802 1278 1840 orbe
1318 1810 1504 1841 terrarum

175 1865 281 1903 unde
320 1864 417 1902 nihil
456 1865 538 1902 eius
578 1864 687 1903 modi
726 1879 853 1903 rerum
893 1866 943 1903 de
982 1865 1143 1915 publico
1174 1880 1243 1916 per
1275 1866 1365 1914 vim,
1407 1868 1505 1906 nihil

174 1930 337 1975 occulte,
381 1928 477 1966 nihil
521 1929 696 1979 imperio,
742 1929 838 1967 nihil
884 1930 1015 1979 gratia,
1059 1931 1155 1968 nihil
1199 1931 1324 1981 pretio
1371 1941 1504 1981 posset

174 1995 332 2032 auferre.
392 1996 540 2032 Verum
561 1995 679 2032 hasce
703 1993 786 2032 eius
811 1995 1045 2044 cupiditates
1070 2010 1265 2045 exponam
1291 1996 1368 2034 alio
1389 1999 1503 2045 loco3

119 2076 159 2107 30
176 2073 280 2097 nunc
300 2060 351 2098 ad
372 2059 578 2098 Sthenium
600 2067 775 2099 revertar.
823 2062 949 2099 Iratus
970 2060 1042 2099 iste
1062 2063 1315 2100 vehementer
1335 2063 1499 2102 Sthenio
1520 2071 1561 2113 89

217 2172 236 2201 5
260 2163 315 2201 qui
339 2162 403 2193 suit
428 2163 473 2194 H.
500 2163 571 2194 cO:
605 2163 646 2194 ab
669 2174 710 2194 eo
728 2163 783 2202 qui
807 2164 868 2194 suit
893 2164 938 2196 H.
959 2170 982 2205 p
1005 2165 1092 2196 relh:
1127 2165 1181 2204 qui
1200 2166 1310 2196 floruit
1329 2166 1372 2197 H.
1393 2165 1500 2197 Colat:

174 2206 227 2244 qui
246 2205 305 2235 fuit
323 2205 527 2237 Himeraeus
544 2207 644 2239 Bake.
664 2207 794 2247 Kayser
896 2213 930 2238 et
947 2213 999 2238 est
1014 2208 1061 2238 cO
1077 2211 1104 2238 et
1119 2209 1164 2237 sic
1174 2210 1286 2249 primo
1297 2214 1322 2250 p
1337 2221 1344 2240 x
1368 2215 1419 2239 est
1434 2210 1498 2242 rell.

174 2248 315 2279 Graecia
331 2250 401 2280 cO:
426 2250 460 2280 in
478 2250 536 2281 Gr.
557 2251 621 2282 rell.
758 2261 794 2289 14
818 2252 908 2289 quod
926 2250 993 2281 cO:
1018 2262 1084 2281 om.
1106 2252 1171 2281 rell.
1318 2254 1356 2282 18
1381 2259 1500 2292 postea

173 2297 328 2330 posceret
348 2292 378 2322 O
546 2304 583 2323 21
609 2293 838 2324 Thermitanis
855 2294 913 2324 cO¹
931 2306 937 2324 :
960 2305 1013 2325 -os
1031 2295 1098 2325 rell.
1254 2305 1294 2334 25
1311 2296 1366 2335 qui
1383 2307 1448 2327 non
1470 2297 1500 2327 O

176 2337 207 2375 (ᾗ
230 2345 289 2374 149
306 2336 409 2377 iufra)
543 2348 585 2376 29
609 2337 732 2367 Verum
753 2337 819 2367 Ob:
845 2347 961 2368 verum
975 2344 1086 2368 tamen
1100 2343 1125 2379 p
1142 2338 1231 2379 vulg.
