1715 2734
132 74 189 123 46
211 80 272 112 118
578 75 634 111 M.
666 73 836 111 TVLLI
867 73 1176 112 CICERONIS

128 521 189 554 119

130 1313 189 1334 120

132 1831 184 1852 121

207 198 288 223 non
321 186 371 223 de
406 185 614 223 mulierum
645 184 941 223 hereditatibus.
1016 186 1119 222 Nam
1142 184 1182 222 in
1207 193 1378 234 utroque
1397 197 1540 234 genere

207 250 325 289 video
346 264 427 289 non
449 252 572 289 modo
588 258 755 297 ceteros,
781 251 853 288 sed
882 257 920 287 te
948 249 1076 299 ipsum
1098 250 1263 288 totidem
1286 249 1415 287 verbis
1437 250 1541 288 edix-

207 315 283 355 isse
313 323 410 366 quot
438 316 567 355 verbis
596 315 698 353 edici
730 317 884 353 Romae
914 316 1024 353 solet.
1085 316 1200 364 Quae
1223 316 1378 352 Romae
1399 328 1542 364 magna

207 395 298 419 cum
319 380 480 419 infamia
501 380 626 430 pretio
653 388 818 430 accepto
839 379 1029 426 edixeras,
1044 393 1091 418 ea
1112 381 1194 417 sola
1219 387 1269 427 te,
1292 393 1343 417 ne
1363 379 1480 429 gratis
1502 379 1541 416 in

208 445 409 496 provincia
430 447 531 483 male
551 445 719 492 audires,
744 458 790 482 ex
811 444 944 482 edicto
974 443 1165 482 Siciliensi
1187 444 1391 482 sustulisse
1412 444 1540 482 video.
1562 458 1579 490 5

263 513 425 549 Etcum
456 510 630 549 edictum
662 518 788 548 toturn
816 523 953 547 eorum
987 509 1188 556 arbitratu,
1213 523 1334 559 quam
1367 509 1436 548 diu
1472 509 1544 547 fuit

207 575 444 626 designatus,
461 582 719 624 componeret
740 574 806 624 qui
834 574 885 612 ab
915 574 991 612 isto
1018 574 1077 612 ius
1109 575 1160 612 ad
1191 573 1400 612 utilitatem
1430 588 1543 612 suam

208 641 530 686 nundinarentur,
558 648 641 678 tum
666 653 758 677 vero
790 639 829 677 in
858 639 1085 689 magistratu
1111 647 1250 677 contra
1283 639 1381 677 illud
1412 639 1542 689 ipsum

207 706 382 744 edictum
422 720 537 744 suum
568 706 651 744 sine
676 707 755 744 ulla
789 705 978 755 religione
1010 706 1262 743 decernebat.
1325 706 1467 755 Itaque
1498 707 1541 743 L.

208 771 300 809 Piso
331 773 477 810 multos
505 771 663 809 codices
696 770 873 820 implevit
905 784 1038 808 earum
1073 784 1201 808 rerum
1241 770 1282 808 in
1317 770 1461 820 quibus
1492 770 1545 808 ita
1566 785 1606 807 10

207 836 436 883 intercessit,
473 838 582 886 quod
617 836 689 874 iste
715 836 826 874 aliter
852 843 972 885 atque
1007 843 1049 873 ut
1077 835 1250 874 edixerat
1281 836 1520 874 decrevisset
1535 851 1545 883 3

207 903 316 951 quod
337 915 406 940 vos
427 902 572 940 oblitos
588 915 673 940 esse
695 915 776 939 non
797 901 973 948 arbitror,
991 914 1094 951 quae
1114 900 1339 947 multitudo,
1358 900 1425 950 qui
1446 902 1546 939 ordo

206 968 258 1005 ad
290 967 442 1006 Pisonis
465 968 599 1005 sellam
626 966 700 1004 isto
728 974 906 1016 praetore
934 966 1071 1004 solitus
1093 966 1140 1004 sit
1157 965 1394 1014 convenire;
1423 979 1545 1015 quem

208 1032 280 1070 iste
314 1034 520 1082 conlegam
552 1031 625 1069 nisi
657 1031 871 1078 habuisset,
898 1030 1097 1081 lapidibus
1128 1039 1338 1081 coopertus
1372 1038 1474 1069 esset
1504 1031 1544 1069 in

208 1097 304 1134 foro.
338 1098 417 1136 Sed
439 1110 487 1135 eo
509 1096 672 1134 leviores
694 1096 804 1133 istius
826 1095 991 1134 iniuriae
1011 1096 1248 1134 videbantur
1268 1097 1380 1146 quod
1401 1104 1481 1134 erat
1504 1095 1542 1133 in
1568 1113 1604 1146 15

208 1161 406 1211 aequitate
428 1161 716 1211 prudentiaque
734 1160 888 1199 Pisonis
910 1160 1199 1211 paratissimum
1215 1161 1451 1211 perfugium,
1465 1174 1544 1211 quo

208 1226 292 1264 sine
313 1227 457 1274 labore,
488 1226 572 1264 sine
600 1226 791 1273 molestia,
810 1226 895 1265 sine
916 1226 1106 1276 impensa,
1126 1226 1246 1264 etiam
1273 1226 1357 1265 sine
1378 1235 1546 1277 patrono

208 1292 390 1330 homines
430 1299 639 1330 uterentur.
721 1293 837 1339 Nam,
864 1305 1028 1341 quaeso,
1062 1291 1186 1330 redite
1226 1291 1266 1329 in
1298 1291 1542 1338 memoriam,

208 1356 369 1403 iudices,
386 1370 486 1406 quae
500 1356 623 1394 libido
644 1355 753 1394 istius
775 1356 813 1393 in
828 1356 910 1394 iure
930 1356 1107 1394 dicundo
1124 1356 1366 1406 fuerit,quae
1379 1356 1544 1394 varietas

209 1423 467 1466 decretorum,
495 1435 596 1470 quae
630 1421 877 1468 nundinatio,
909 1434 1029 1470 quam
1066 1421 1203 1459 inanes
1233 1423 1377 1459 domus
1406 1435 1543 1459 eorum
1566 1438 1607 1460 20

209 1486 388 1525 omnium
410 1486 476 1536 qui
491 1487 541 1524 de
572 1486 652 1524 iure
673 1486 777 1524 civili
804 1486 957 1524 consuli
979 1488 1118 1533 solent,
1146 1499 1267 1536 quam
1289 1488 1405 1536 plena
1425 1500 1471 1524 ac
1491 1500 1546 1524 re-

210 1554 306 1591 ferta
326 1551 559 1591 Chelidonis
578 1566 588 1599 ;
617 1565 640 1589 a
660 1565 738 1601 qua
755 1551 917 1590 muliere
932 1566 1022 1589 cum
1038 1560 1118 1590 erat
1139 1553 1190 1589 ad
1212 1565 1302 1590 eum
1324 1559 1485 1590 ventum
1507 1560 1546 1590 et

210 1617 249 1655 in
283 1631 416 1655 aurem
447 1617 530 1655 eius
556 1617 851 1664 insusurratum,
878 1617 973 1655 alias
998 1617 1207 1655 revocabat
1232 1630 1300 1655 eos
1326 1617 1425 1655 inter
1445 1631 1545 1667 quos

210 1683 286 1721 iam
319 1684 558 1729 decreverat,
589 1684 872 1732 decretumque
906 1683 1093 1727 mutabat,
1128 1682 1224 1720 alias
1263 1682 1363 1720 inter
1391 1682 1545 1732 aliquos

210 1749 448 1787 contrarium
470 1748 553 1786 sine
575 1750 652 1786 ulla
670 1748 856 1797 religione
878 1748 1117 1786 decernebat
1138 1761 1184 1785 ac
1206 1747 1405 1797 proxumis
1426 1748 1545 1797 paulo
1568 1763 1605 1794 ²5

208 1822 300 1852 ante
321 1815 555 1852 decreverat.
618 1813 725 1851 Hinc
747 1813 799 1850 illi
831 1813 1012 1851 homines
1033 1821 1143 1850 erant
1164 1812 1231 1862 qui
1253 1812 1371 1850 etiam
1393 1812 1545 1850 ridiculi

212 1879 511 1917 inveniebantur
531 1893 577 1917 ex
605 1881 765 1926 dolore3
797 1893 965 1928 quorum
993 1878 1069 1925 alii,
1094 1878 1133 1916 id
1159 1878 1268 1927 quod
1296 1891 1413 1927 saepe
1439 1877 1546 1915 audi—

210 1944 289 1990 stis,
309 1945 505 1994 negabant
524 1945 745 1983 mirandum
765 1958 849 1983 esse
867 1945 926 1982 ius
943 1952 1023 1981 tam
1040 1956 1211 1992 nequam
1229 1956 1314 1980 esse
1331 1942 1525 1980 verrinum
1536 1957 1546 1989 7;

209 2009 273 2046 alii
295 2009 410 2046 etiam
434 2009 650 2059 frigidiores
673 2017 794 2055 erant,
818 2011 887 2047 sed
910 2009 1000 2059 quia
1023 2008 1373 2046 stomachabantur
1393 2007 1545 2045 ridiculi

211 2073 443 2112 videbantur
454 2088 550 2120 esse,
560 2089 651 2113 cum
661 2076 914 2113 Sacerdotem
924 2074 1224 2112 exsecrabantur
1231 2072 1298 2122 qui
1308 2085 1454 2110 verrem
1465 2079 1544 2109 tam
1565 2084 1607 2115 30

257 2188 270 2207 ῐ
298 2178 330 2207 in
351 2184 494 2218 utroque
516 2179 631 2209 Lamli.
652 2178 722 2209 edd.
746 2180 780 2210 si.
805 2183 819 2216 ξ
844 2180 892 2217 15Ν
911 2191 916 2207 :
951 2183 1090 2216 utroque
1109 2176 1195 2207 codd.
1374 2187 1393 2215 3
1418 2177 1506 2215 quod
1520 2182 1544 2216 p

210 2221 331 2261 edicip
350 2222 436 2252 ›·ell.:
463 2234 528 2253 0111.
551 2235 590 2262 qr
698 2224 719 2253 6
743 2233 842 2261 quam
870 2223 925 2252 diu
954 2222 1013 2251 suit
1043 2221 1173 2259 design.
1201 2220 1307 2259 suppl.
1338 2221 1370 2249 in
1396 2231 1462 2259 mg.
1483 2219 1543 2259 p²z

209 2275 275 2294 om.
296 2276 314 2293 ν
384 2276 420 2304 13
445 2276 520 2296 esse
534 2266 655 2296 solitus
674 2267 716 2296 sit
737 2266 826 2296 codd.
921 2275 959 2304 19
983 2265 1128 2295 dicundo
1151 2262 1288 2293 VPm'sc.
1308 2275 1313 2291 :
1340 2264 1488 2293 dicendo
1505 2262 1545 2292 πὸ

210 2318 250 2346 23
275 2314 372 2348 vosp
462 2319 503 2347 24
530 2309 662 2349 aliquos
685 2308 730 2338 V:
756 2309 955 2348 aliosprell.
