1715 2734
224 110 492 149 ACTIONIS
522 110 582 147 IN
614 110 659 147 C.
682 110 922 146 VERREM
952 109 1252 147 SECVNDAE
1283 109 1385 144 LIB.
1408 109 1444 143 V
1486 110 1540 155 67
1564 122 1619 154 171

1561 195 1616 241 67

275 219 316 259 Si
342 221 439 258 haec
468 233 547 257 non
577 220 628 257 ad
657 219 751 257 civis
782 221 996 265 Romanos,
1026 231 1106 255 non
1136 218 1188 256 ad
1215 217 1367 267 aliquos
1392 218 1540 256 amicos
1564 261 1621 294 171

220 292 376 323 nostrae
409 284 585 331 civitatis,
620 297 700 322 non
734 284 785 321 ad
818 296 884 321 eos
922 282 989 331 qui
1022 282 1158 332 populi
1192 282 1365 319 Romani
1393 296 1540 320 nomen

219 349 431 396 audissent,
466 348 638 398 denique
669 347 700 386 si
734 361 814 385 non
847 348 898 385 ad
930 346 1109 384 homines
1138 360 1271 385 verum
1303 349 1353 385 ad
1384 347 1538 394 bestias,

218 421 286 452 aut
312 414 440 461 etiam,
472 420 515 452 ut
543 412 696 462 longius
729 411 963 462 progrediar,
994 411 1025 449 si
1049 411 1088 448 in
1117 411 1248 461 aliqua
1276 412 1539 450 desertissima

180 495 197 525 5
219 478 430 516 solitudine
449 479 500 516 ad
526 491 618 516 saxa
646 484 684 516 et
709 479 760 516 ad
787 478 969 527 scopulos
997 477 1093 514 haec
1123 476 1311 526 conqueri
1339 490 1385 514 ac
1405 479 1538 527 deplo-

218 556 300 581 rare
332 544 483 590 vellem,
518 550 651 580 tamen
689 541 823 580 omnia
862 549 968 579 muta
1000 549 1119 590 atque
1153 540 1325 579 inanima
1359 550 1467 580 tanta
1499 550 1537 580 et

217 615 295 645 tam
322 607 483 658 indigna
508 621 637 645 rerum
662 606 873 645 acerbitate
897 613 1246 644 commoverentur.
1307 608 1344 644 N
1349 621 1425 645 unc
1446 621 1537 646 vero

216 686 306 710 cum
327 674 464 722 loquar
488 673 594 721 apud
624 678 822 709 senatores
849 669 985 720 populi
1015 669 1197 718 Romani,
1219 672 1348 720 legum
1376 679 1414 709 et
1438 671 1536 710 iudi-

215 737 365 775 ciorum
396 744 434 774 et
464 736 555 773 iuris
586 743 776 782 auctores,
808 734 944 773 timere
978 748 1059 772 non
1089 735 1217 773 debeo
1247 749 1296 773 ne
1326 750 1407 774 non
1433 750 1534 774 unus

159 814 195 836 10
214 801 287 840 iste
315 801 409 839 civis
438 803 642 839 Romanus
674 800 739 838 illa
768 814 883 838 cruce
916 799 1069 850 dignus,
1100 800 1217 838 ceteri
1246 815 1384 839 omnes
1419 802 1533 840 simili

214 866 387 917 periculo
434 865 693 915 indignissimi
751 864 984 903 iudicentur.
1053 867 1176 903 Paulo
1222 874 1324 912 ante,
1373 864 1533 917 iudices,
1557 876 1616 911 172

213 930 390 969 lacrimas
414 930 454 968 in
481 938 605 968 morte
632 929 771 968 misera
799 938 916 979 atque
946 929 1106 979 indigna
1135 932 1421 969 nauarchorum
1453 946 1532 970 non

214 996 457 1043 tenebamus,
505 1002 544 1033 et
591 1002 694 1033 recte
740 1009 785 1032 ac
833 994 971 1032 merito
1019 994 1214 1032 sociorum
1262 995 1530 1035 innocentium

213 1060 366 1098 miseria
403 1060 777 1099 commovebamur:
825 1059 921 1109 quid
957 1073 1063 1097 nunc
1102 1058 1142 1096 in
1176 1067 1310 1098 nostro
1344 1062 1531 1111 sanguine

155 1137 192 1169 15
211 1127 371 1163 tandem
426 1127 552 1163 facere
607 1125 831 1162 debemus?
901 1124 1005 1161 Nam
1062 1123 1206 1161 civium
1257 1126 1528 1164 Romanorum

210 1189 387 1227 omnium
417 1190 573 1239 sanguis
602 1189 837 1227 coniunctus
863 1188 1144 1226 existimandus
1173 1197 1243 1236 est,
1274 1190 1461 1239 quoniam
1492 1199 1529 1230 et

209 1253 342 1291 salutis
363 1254 539 1292 omnium
561 1253 657 1292 ratio
686 1261 725 1292 et
747 1253 887 1292 veritas
917 1254 1098 1302 postulat.
1158 1254 1308 1292 Omnes
1338 1256 1414 1293 hoc
1441 1257 1528 1294 loco

208 1317 312 1355 cives
344 1318 526 1365 Romani,
557 1326 595 1356 et
627 1317 691 1366 qui
720 1319 864 1355 adsunt
891 1324 930 1355 et
958 1317 1026 1366 qui
1055 1317 1202 1366 ubique
1231 1326 1332 1365 sunt,
1361 1327 1525 1358 vestram

208 1383 451 1421 severitatem
483 1382 716 1429 desiderant,
751 1390 917 1421 vestram
950 1383 1069 1420 fidem
1104 1382 1323 1432 implorant,
1356 1392 1525 1423 vestrum

147 1465 188 1486 20
206 1448 392 1485 auxilium
431 1447 656 1497 requirunt3
702 1447 836 1485 omnia
879 1461 949 1485 sua
991 1447 1073 1485 iura
1118 1450 1329 1487 commoda
1372 1450 1524 1497 auxilia,

206 1519 327 1550 totam
352 1511 523 1561 denique
549 1512 767 1550 libertatem
795 1511 835 1549 in
864 1511 998 1550 vestris
1028 1512 1230 1551 sententiis
1258 1515 1398 1552 versari
1428 1516 1526 1554 arbi-

204 1583 360 1614 trantur.
419 1579 456 1614 A
487 1590 550 1614 me
584 1575 738 1614 tametsi
769 1576 861 1614 satis
899 1577 1058 1624 habent,
1091 1584 1234 1624 tamen,
1262 1578 1293 1616 si
1327 1593 1385 1617 res
1415 1580 1525 1619 aliter
1547 1597 1607 1631 173

202 1640 398 1687 acciderit,
419 1642 506 1690 plus
526 1640 730 1679 habebunt
754 1642 915 1678 fortasse
942 1654 1061 1690 quam
1090 1644 1300 1691 postulant.
1360 1645 1464 1682 Nam
1491 1646 1521 1683 si

203 1718 281 1754 qua
300 1704 355 1743 vis
376 1704 493 1742 istum
519 1706 570 1743 de
590 1712 716 1743 vestra
741 1704 944 1743 severitate
970 1705 1163 1755 eripuerit,
1185 1706 1225 1745 id
1254 1709 1363 1757 quod
1392 1723 1520 1759 neque

144 1783 183 1815 25
203 1777 347 1817 metuo,
369 1769 528 1817 iudices,
554 1784 683 1820 neque
710 1772 790 1808 ullo
820 1771 942 1808 modo
970 1771 1052 1809 fieri
1079 1785 1194 1821 posse
1214 1772 1467 1820 video‚—sed
1488 1776 1519 1814 si

201 1834 240 1871 in
267 1836 343 1872 hoc
370 1848 433 1872 me
461 1834 558 1872 ratio
587 1834 774 1881 fefellerit,
796 1834 915 1873 Siculi
944 1848 1101 1873 causam
1129 1849 1239 1874 suam
1263 1837 1409 1886 perisse
1429 1852 1519 1888 que-

199 1907 330 1937 rentur
361 1906 399 1936 et
433 1912 588 1937 mecum
622 1899 762 1949 pariter
796 1901 959 1938 moleste
992 1901 1126 1947 ferent,
1157 1903 1325 1950 populus
1357 1903 1516 1952 quidem

200 1965 404 2001 Romanus
429 1963 546 2010 brevi,
571 1964 758 2013 quoniam
788 1963 884 2001 mihi
913 1971 1146 2013 potestatem
1173 1967 1279 2015 apud
1306 1980 1347 2005 se
1375 1969 1516 2017 agendi

198 2027 318 2074 dedit,
351 2027 409 2065 ius
449 2041 562 2065 suum
603 2042 666 2066 me
696 2036 837 2077 agente
871 2028 950 2066 suis
980 2029 1168 2079 suffragiis
1196 2038 1287 2068 ante
1314 2033 1514 2071 Kalendas

141 2107 179 2138 30
199 2092 425 2130 Februarias
450 2092 703 2142 recuperabit.
763 2094 823 2130 Ac
844 2092 873 2130 si
895 2094 945 2131 de
973 2107 1060 2131 mea
1087 2094 1208 2143 gloria
1236 2103 1354 2145 atque
1380 2098 1515 2147 ampli-

196 2156 332 2194 tudine
363 2156 556 2205 quaeritis,
586 2156 746 2203 iudices,
776 2170 856 2195 non
886 2165 944 2195 est
972 2157 1143 2196 alienum
1173 2159 1269 2197 meis
1297 2161 1512 2200 rationibus

238 2260 259 2289 6
281 2259 425 2289 inanima
441 2259 650 2298 Naugerius:
686 2259 865 2290 inanimata
882 2259 974 2290 RSW
993 2271 1000 2290 z
1033 2261 1225 2292 inanimalia
1235 2263 1281 2301 pk
1434 2266 1454 2295 8
1479 2270 1510 2295 et

194 2313 258 2334 om.
279 2304 295 2331 δ
426 2312 446 2340 9
470 2307 503 2332 et
522 2302 603 2333 iuris
620 2300 699 2333 RS:
725 2308 758 2333 et
775 2313 839 2333 om.
862 2303 903 2333 nk
1049 2305 1086 2333 18
1110 2310 1255 2335 vestram
1273 2315 1380 2337 sever.
1401 2307 1503 2338 desid.

194 2347 256 2376 ⁷rk:
281 2356 345 2377 om.
364 2344 457 2376 RSW
