1715 2734
145 105 413 145 ACTIONIS
436 107 495 145 IN
518 107 561 145 C.
585 107 826 145 VERREM
849 107 1147 146 SECVNDAE
1168 108 1271 145 LIB.
1296 108 1361 145 ΙΙΙ
1409 117 1467 154 49

143 231 249 255 nunc
276 218 359 267 lege
383 217 519 256 Verria
547 217 760 256 venierunt.
822 219 934 257 Cedo
964 216 1059 255 mihi
1081 218 1125 257 C.
1149 216 1327 255 Norbani
1352 218 1468 256 decu-

143 295 225 319 mas
246 282 434 320 venditas.
485 283 527 322 C.
546 283 743 321 NORBANI
766 295 965 321 DECVMAE
986 294 1198 320 VENDITAE
1219 294 1316 320 AGRr
1334 284 1468 321 LEON-

141 358 241 384 T1N1.
292 347 414 396 Atqui
436 355 518 385 turn
540 361 669 397 neque
686 347 872 386 iudicium
889 350 938 386 de
960 349 1080 385 modo
1098 347 1272 397 iugerum
1287 348 1463 395 dabatur,

141 425 269 460 neque
301 420 380 449 erat
413 411 684 450 Artemidorus
718 412 924 452 Cornelius
956 420 1212 461 recuperator,
1249 425 1378 461 neque
1416 413 1467 450 ab

103 488 120 518 5
139 484 288 513 aratore
311 475 554 525 magistratus
576 476 729 515 Siculus
752 485 903 515 tantum
925 477 1103 526 exigebat
1130 484 1320 526 quantum
1352 479 1466 516 decu-

140 554 278 578 manus
308 540 494 587 ediderat,
517 554 590 580 nec
621 542 855 580 beneficium
887 542 1092 592 petebatur
1119 555 1142 579 a
1169 543 1401 589 decumano,
1425 550 1467 581 ut

140 604 178 642 in
218 604 348 654 iugera
387 605 537 655 singula
577 606 695 644 ternis
735 607 945 645 medimnis
985 606 1166 645 decidere
1208 606 1351 655 liceret,
1392 621 1465 646 nec

139 683 390 708 nummorum
422 670 689 709 accessionem
721 673 933 721 cogebatur
961 678 1088 709 arator
1117 672 1209 709 dare
1239 685 1311 710 nec
1338 679 1465 710 ternas

140 734 483 784 quinquagesimas
508 736 690 774 frumenti
711 737 857 774 addere
877 752 882 774 :
914 744 951 774 et
965 744 1094 774 tamen
1117 738 1265 786 populo
1281 738 1465 775 Romano

82 813 122 836 10
141 812 304 849 magnus
326 799 510 838 frumenti
533 813 717 838 numerus
740 800 974 838 mittebatur.

194 864 302 912 Quid
332 878 424 903 vero
454 864 548 902 istae
578 864 652 903 sibi
682 865 1040 915 quinquagesimae,
1077 866 1172 915 quid
1207 879 1322 915 porro
1356 880 1465 903 num·
1482 850 1535 889 5⁰

140 942 293 967 morum
342 929 586 967 accessiones
635 932 802 968 volunt?
857 945 937 981 quo
981 932 1021 969 id
1069 930 1150 968 iure
1198 938 1318 980 atque
1365 931 1465 968 adeo

139 1006 219 1043 quo
249 993 289 1031 id
319 1007 426 1032 more
455 994 607 1033 fecisti?
665 997 862 1034 Nummos
884 996 1004 1034 dabat
1028 1003 1164 1034 arator.
1223 997 1316 1044 Quo
1344 996 1465 1033 modo

140 1068 205 1097 aut
236 1061 373 1097 unde?
402 1058 480 1108 qui,
505 1058 535 1096 si
557 1057 793 1108 largissimus
817 1071 901 1095 esse
931 1059 1057 1104 vellet,
1081 1057 1338 1096 cumulatiore
1363 1072 1468 1096 men-

85 1139 118 1170 ¹5
141 1137 227 1161 sura
266 1132 446 1170 uteretur,
479 1131 520 1161 ut
558 1131 674 1161 antea
712 1123 892 1160 solebant
930 1123 1055 1160 facere
1084 1121 1124 1159 in
1156 1122 1344 1169 decumis,
1377 1137 1467 1161 cum

139 1202 265 1237 aequa
299 1190 383 1238 lege
414 1196 451 1226 et
483 1187 719 1226 condicione
753 1186 950 1225 venibant.
1013 1188 1051 1224 Is
1086 1200 1293 1224 nummum
1323 1187 1466 1225 dabat!

140 1255 287 1291 Vnde?
327 1254 376 1291 de
416 1254 644 1290 frumento?
686 1251 796 1301 quasi
837 1250 1038 1289 habuisset
1078 1258 1115 1288 te
1143 1259 1319 1301 praetore
1358 1252 1467 1301 quod

141 1320 337 1357 venderet.
398 1319 459 1356 De
481 1317 569 1355 vivo
591 1316 705 1366 igitur
725 1324 805 1354 erat
825 1315 974 1365 aliquid
1005 1317 1273 1363 resecandum,
1298 1324 1339 1354 ut
1366 1324 1467 1355 esset

141 1385 247 1422 unde
281 1383 458 1433 Apronio
490 1383 540 1420 ad
572 1382 657 1420 illos
687 1384 833 1419 fructus
863 1380 1083 1419 arationum
1114 1382 1190 1418 hoc
1220 1381 1467 1420 corollarium

82 1462 122 1484 20
141 1462 393 1486 nummorum
431 1448 649 1485 adderetur.
711 1448 795 1484 Iam
831 1446 871 1484 id
906 1460 1020 1496 porro
1055 1454 1184 1484 utrum
1220 1445 1386 1485 libentes
1417 1461 1468 1485 an

141 1513 249 1551 inviti
297 1513 473 1552 dabant?
542 1512 760 1550 Libentes?
805 1512 1002 1558 amabant,
1053 1512 1182 1558 credo,
1233 1511 1465 1561 Apronium.

142 1577 292 1616 Inviti?
321 1591 398 1627 qua
418 1591 457 1615 re
479 1576 551 1615 nisi
573 1576 609 1614 vi
630 1584 668 1614 et
690 1577 794 1614 malo
815 1577 1089 1625 cogebantur?
1147 1577 1230 1613 Iam
1254 1575 1325 1614 iste
1346 1577 1468 1615 homo

140 1642 430 1681 amentissimus
463 1641 502 1679 in
533 1641 755 1680 vendundis
795 1640 972 1679 decumis
1012 1655 1264 1680 nummorum
1300 1641 1467 1680 faciebat

140 1707 385 1745 accessiones
412 1707 462 1744 ad
490 1706 660 1756 singulas
686 1707 884 1753 decumas,
908 1719 1037 1756 neque
1058 1708 1253 1754 multum,
1283 1704 1375 1744 bina
1400 1714 1467 1744 aut

82 1786 120 1817 25
141 1779 250 1810 terna
272 1771 377 1809 milia
403 1784 609 1809 nummum
630 1771 829 1817 addebat3
859 1771 955 1808 fiunt
984 1784 1051 1820 per
1072 1770 1280 1809 triennium
1305 1772 1375 1809 HS
1396 1771 1468 1808 for-

141 1845 243 1875 tasse
265 1849 291 1874 D
313 1836 428 1874 milia.
490 1837 583 1874 Hoc
613 1849 742 1884 neque
767 1836 948 1885 exemplo
976 1834 1207 1885 cuiusquam
1233 1849 1362 1885 neque
1386 1837 1467 1873 ullo

141 1901 221 1940 iure
242 1901 343 1949 fecit,
368 1914 496 1951 neque
517 1914 602 1939 eam
625 1899 832 1950 pecuniam
855 1900 1024 1947 rettulit3
1054 1914 1183 1950 neque
1204 1901 1279 1938 hoc
1304 1914 1466 1950 parvum

140 1966 287 2005 crimen
318 1980 435 2016 quem
468 1966 519 2004 ad
559 1966 722 2003 modum
753 1966 983 2003 defensurus
1015 1965 1062 2003 sit
1106 1967 1227 2004 homo
1257 1965 1466 2015 quisquam

140 2045 327 2082 umquam
358 2030 602 2080 excogitabit.

1491 120 1550 155 117

1489 903 1547 933 118

81 2110 121 2140 30
194 2098 315 2146 Quod
345 2110 435 2134 cum
464 2096 515 2133 ita
545 2095 603 2140 sit,
627 2096 748 2133 audes
779 2095 909 2134 dicere
931 2103 968 2133 te
989 2109 1133 2145 magno
1163 2097 1349 2134 decumas
1376 2108 1464 2133 ven·
1489 2109 1548 2142 119

139 2161 295 2207 didisse,
319 2174 408 2199 cum
431 2160 478 2198 sit
505 2159 754 2210 perspicuum
784 2167 820 2198 te
851 2161 955 2198 bona
985 2162 1239 2209 fortunasque
1269 2168 1463 2198 aratorum

183 2275 201 2301 4
227 2273 334 2302 neque
351 2266 439 2300 rante
455 2263 540 2292 erati
564 2262 594 2291 O
615 2272 622 2291 :
646 2272 754 2301 neque
773 2261 858 2292 enim
872 2267 896 2301 p
914 2262 977 2293 rell.
1092 2264 1112 2292 6
1136 2263 1177 2292 ab
1195 2263 1323 2292 decum.
1346 2262 1375 2292 O
1393 2261 1460 2294 cdd.

143 2317 179 2346 13
205 2307 236 2337 id
254 2306 365 2345 potius
385 2317 475 2335 more
490 2305 590 2343 codd„
607 2306 673 2335 nisi
690 2305 825 2344 quodid
844 2316 909 2337 om.
932 2306 979 2336 O:
1005 2307 1116 2345 potius
1136 2317 1193 2347 ego
1209 2307 1315 2345 delevi,
1335 2307 1462 2341 Ernest.

138 2355 166 2380 et
182 2349 313 2390 Zumpt.
340 2354 369 2379 et
385 2349 569 2379 Hartman.
591 2352 717 2378 seculus
903 2360 995 2379 more
1013 2350 1078 2381 cod.
1099 2350 1250 2380 Francis:
1275 2361 1334 2381 ore
1354 2357 1378 2391 p
1396 2352 1462 2382 rell.

143 2394 180 2424 18
203 2394 325 2432 aliquid
345 2399 417 2423 erat
437 2392 466 2422 O
556 2402 596 2430 25
622 2402 791 2422 nummum
812 2390 877 2422 cO:
905 2403 970 2424 om.
992 2393 1058 2422 rell.
1150 2394 1294 2424 fortasse
1313 2395 1354 2424 -d-
1374 2395 1463 2425 milia

135 2443 159 2478 p
177 2437 243 2468 rell.
259 2449 266 2467 :
291 2437 331 2467 ·d⁴
351 2436 441 2466 milia
455 2436 598 2466 fortasse
613 2435 643 2465 O
733 2437 775 2465 26
801 2436 870 2465 iure
885 2435 952 2466 ullo
969 2436 998 2466 O
1087 2446 1128 2476 29
1152 2438 1358 2477 excogitavit
1371 2438 1460 2470 codd.
