1715 2734
109 97 170 145 69
191 105 252 145 178
562 99 620 135 M.
651 98 818 136 TVLLI
850 98 1158 138 CICERONIS

109 583 163 622 70

102 644 162 677 179

99 1393 160 1423 180

186 223 278 249 cum
299 216 425 249 vestra
444 209 613 260 dignitas
634 211 886 249 vehementer
910 211 1147 257 adversetur,
1169 209 1279 249 istius
1304 223 1392 260 spes
1417 211 1514 250 falsa.

186 278 225 314 et
255 274 416 325 insignis
448 274 695 324 impudentia
734 275 902 314 maxime
934 276 1173 325 suffragatur.
1235 275 1316 314 Hic
1347 276 1378 314 si
1416 276 1513 326 quid

185 340 256 378 erit
277 339 533 378 commissum
553 353 576 378 a
605 353 806 390 quoquam
828 348 999 379 vestrum
1026 341 1136 389 quod
1160 341 1425 390 reprendatur,
1446 349 1513 380 aut

185 406 354 454 populus
386 406 592 443 Romanus
619 404 809 443 iudicabit
833 406 882 443 de
909 418 957 443 eo
984 404 1146 443 homine
1171 417 1290 454 quern
1318 404 1394 443 iam
1422 414 1513 445 ante

184 469 338 508 iudiciis
370 469 576 520 indignum
610 469 764 519 putarit,
798 477 865 507 aut
899 470 934 509 ei
966 469 1033 520 qui
1065 477 1224 520 propter
1252 470 1511 517 offensionem

183 534 416 573 iudiciorum
450 537 500 574 de
530 534 726 573 veteribus
760 535 956 574 iudicibus
990 536 1075 585 lege
1104 548 1207 573 nova
1238 535 1329 573 novi
1363 535 1512 574 iudices

183 608 296 638 erunt
335 599 547 639 constituti.
615 599 717 638 Mihi
756 613 882 650 porro,
922 607 964 638 ut
1003 614 1075 650 ego
1124 614 1204 638 non
1244 600 1385 648 dicam,
1425 600 1512 650 quis

183 665 360 703 omnium
390 664 611 703 mortalium
642 678 722 703 non
752 664 940 715 intellegit
969 679 1087 715 quam
1116 667 1232 715 longe
1256 665 1436 715 progredi
1464 665 1511 703 sit

182 733 374 769 necesse?
432 732 575 769 Potero
599 729 722 777 silere,
746 730 948 777 Hortensi,
977 738 1114 780 potero
1139 730 1395 777 dissimulare,
1421 744 1510 768 cum

182 804 335 834 tantum
359 809 418 834 res
446 795 605 846 publica
625 797 766 833 vulnus
785 795 980 845 acceperit
1001 803 1042 833 ut
1063 795 1254 846 expilatae
1274 794 1510 845 provinciae,

181 860 307 900 vexati
337 860 445 908 socii,
470 860 511 899 di
543 860 784 898 immortales
815 860 982 910 spoliati,
1013 860 1117 898 cives
1147 859 1319 898 Romani
1351 859 1510 898 cruciati

182 934 219 965 et
251 925 379 964 necati
412 925 574 976 impune
602 939 665 964 me
698 932 831 964 actore
865 939 949 963 esse
984 925 1221 963 videantur?
1268 932 1407 975 potero
1438 938 1511 974 ego

181 992 258 1030 hoc
285 1005 385 1030 onus
412 998 566 1029 tantum
595 997 663 1029 aut
692 990 732 1028 in
759 992 834 1029 hoc
864 989 1012 1028 iudicio
1047 991 1245 1040 deponere
1275 998 1341 1028 aut
1370 989 1510 1028 tacitus

181 1056 402 1095 sustinere?
459 1057 552 1095 Non
583 1055 769 1106 agitanda
802 1069 861 1094 res
900 1055 982 1102 erit,
1016 1069 1096 1093 non
1131 1055 1171 1093 in
1211 1055 1387 1094 medium
1426 1069 1511 1106 pro-

181 1122 353 1168 ferenda,
378 1134 459 1159 non
484 1120 621 1170 populi
652 1119 824 1159 Romani
855 1121 952 1158 fides
978 1119 1236 1170 imploranda,
1265 1133 1346 1158 non
1371 1133 1509 1158 omnes

181 1186 248 1236 qui
282 1193 393 1224 tanto
423 1200 464 1224 se
491 1186 637 1224 scelere
661 1185 953 1223 obstrinxerunt
980 1193 1021 1223 ut
1048 1192 1115 1223 aut
1143 1186 1262 1223 fidem
1288 1198 1400 1223 suam
1429 1198 1509 1223 cor-

181 1251 309 1301 rumpi
336 1258 562 1300 paterentur
590 1257 658 1289 aut
688 1249 878 1289 iudicium
908 1258 1204 1300 corrumperent
1234 1250 1274 1288 in
1298 1250 1508 1289 discrimen

179 1324 246 1355 aut
267 1316 457 1355 iudicium
478 1316 677 1355 vocandi?

234 1383 407 1431 Quaeret
422 1381 562 1432 aliquis
579 1384 752 1430 fortasse,
769 1384 776 1402 ‘
793 1384 1019 1421 Tantumne
1040 1382 1153 1433 igitur
1173 1383 1360 1430 laborem,
1382 1389 1509 1420 tantas

179 1448 402 1486 inimicitias
423 1455 481 1486 tot
502 1447 709 1486 hominum
730 1456 981 1498 suscepturus
1009 1451 1079 1486 es?
1095 1450 1103 1466 ’
1162 1450 1255 1486 Non
1276 1447 1408 1486 studio
1428 1447 1510 1497 qui-

177 1515 270 1552 dem
291 1515 449 1552 hercule
469 1515 550 1552 ullo
571 1527 700 1563 neque
721 1515 922 1552 voluntate
941 1528 951 1561 3
980 1514 1049 1552 sed
1071 1527 1152 1552 non
1174 1513 1279 1552 idern
1300 1513 1391 1552 licet
1413 1512 1508 1551 mihi

176 1580 285 1629 quod
315 1579 360 1617 iis
387 1578 454 1629 qui
479 1578 602 1617 nobili
632 1592 772 1628 genere
800 1579 880 1617 nati
910 1587 1011 1626 sunt,
1035 1579 1178 1629 quibus
1209 1578 1343 1617 onmia
1372 1576 1508 1628 populi

177 1643 350 1683 Romani
370 1644 563 1682 beneficia
584 1644 871 1683 dormientibus
892 1646 1144 1691 deferuntur3
1173 1646 1289 1694 longe
1309 1643 1384 1682 alia
1414 1642 1509 1681 mihi

175 1711 260 1759 lege
281 1709 320 1747 in
341 1710 415 1747 hac
436 1708 591 1747 civitate
613 1717 650 1747 et
667 1710 902 1749 condicione
919 1710 1131 1749 vivendum
1154 1717 1221 1748 est.
1273 1708 1392 1747 Venit
1414 1707 1509 1745 mihi

176 1774 215 1813 in
251 1782 424 1813 mentem
462 1775 516 1812 M.
554 1774 730 1821 Catonis,
764 1774 936 1813 hominis
973 1774 1250 1825 sapientissimi
1282 1781 1320 1812 et
1352 1773 1509 1823 vigilan-

175 1839 313 1878 tissimi
330 1855 339 1887 ;
386 1839 453 1890 qui
484 1853 575 1878 cum
610 1853 650 1878 se
680 1840 821 1879 virtute
851 1854 931 1879 non
966 1854 1108 1890 genere
1142 1841 1292 1891 populo
1324 1840 1508 1877 Romano

175 1904 445 1944 commendari
474 1912 637 1954 putaret,
672 1919 762 1944 cum
799 1905 882 1956 ipse
917 1905 976 1944 sui
1010 1905 1162 1956 generis
1193 1905 1346 1943 initium
1372 1917 1418 1942 ae
1442 1916 1509 1941 no-

176 1970 292 2009 minis
317 1971 368 2009 ab
393 1984 434 2009 se
463 1970 567 2020 gigni
599 1978 636 2009 et
667 1971 869 2021 propagari
900 1973 1027 2019 vellet,
1050 1970 1255 2009 hominum
1289 1968 1509 2020 potentissi-

177 2049 331 2074 morum
352 2035 522 2085 suscepit
545 2035 779 2083 inimicitias,
803 2043 841 2074 et
863 2035 1040 2074 maximis
1062 2035 1261 2074 laboribus
1283 2033 1362 2073 suis
1383 2047 1509 2084 usque

221 2151 241 2181 3
266 2141 489 2180 reprendatur
507 2139 539 2169 R
561 2150 567 2169 :
593 2139 864 2178 reprehendatur
878 2137 958 2180 SWp
1079 2150 1098 2178 4
1125 2150 1165 2170 eo
1182 2139 1258 2178 Rp:
1283 2138 1402 2169 eodem
1420 2136 1449 2167 5
1464 2135 1506 2168 al.

178 2195 198 2224 5
223 2186 348 2224 putarit
366 2184 474 2213 Halm
490 2195 496 2214 ε
522 2183 651 2222 putavit
667 2182 768 2222 SDp&
784 2194 789 2212 z
818 2188 949 2222 putaret
964 2182 996 2212 R
1014 2182 1047 2221 (ξ
1069 2183 1127 2222 187
1147 2183 1180 2212 in
1198 2184 1249 2212 ra*
1350 2186 1405 2212 aut
1423 2185 1456 2211 et
1474 2180 1508 2210 hi

179 2228 272 2261 RSW
430 2229 451 2257 6
476 2228 518 2258 de
536 2226 707 2257 veteribus
726 2226 892 2257 iudicibus
913 2227 1059 2259 judiciis
1076 2226 1109 2266 δ)
1129 2225 1187 2258 del.
1204 2225 1306 2265 Kays.
1470 2234 1508 2254 10

179 2273 349 2311 expilatae
376 2271 572 2311 provinciae
598 2273 661 2311 pb:
687 2281 720 2300 -a
738 2282 770 2300 -a
789 2270 937 2310 <evexati
955 2269 1001 2309 R)
1022 2269 1121 2300 RSD
1291 2279 1328 2299 12
1353 2278 1416 2307 ego
1444 2267 1508 2297 hoc

179 2315 315 2355 RSDq:
343 2316 406 2345 hoc
425 2325 489 2352 ego
503 2316 543 2353 pS
563 2314 624 2351 (iii,
648 2317 662 2349 ,δ
682 2314 716 2351 4δ
864 2323 902 2352 13
926 2318 983 2343 aut
1002 2313 1126 2343 diutius
1145 2313 1266 2343 tacitus
1286 2314 1323 2342 πδ
1471 2310 1509 2340 18

179 2371 216 2390 ac
235 2361 250 2388 δ
403 2369 441 2397 19
465 2362 593 2388 tantum
613 2357 672 2387 tibi
691 2357 753 2387 lab.
774 2355 834 2389 ΞΨ
990 2366 1032 2387 20
1057 2367 1094 2387 es
1109 2367 1175 2388 om.
1200 2368 1220 2386 π
1373 2365 1415 2393 29
1438 2354 1508 2384 suis

181 2414 284 2443 usque
303 2401 415 2434 SDW:
441 2401 577 2440 suisque
595 2399 628 2430 R
644 2411 650 2429 ι
676 2409 781 2439 usque
791 2401 835 2439 ρδ

1533 486 1550 517 5

1535 810 1572 831 10

1531 1465 1570 1486 20

1531 1789 1569 1822 25
