1715 2734
142 85 410 124 ACTIONIS
433 87 493 123 IN
516 86 559 124 C.
583 87 823 124 VERREM
846 87 1143 124 SECVNDAE
1166 87 1268 123 LIB.
1294 87 1359 124 III
1408 94 1463 132 79
1486 91 1547 130 183

141 194 208 233 illo
228 195 375 242 ordine,
398 196 573 245 patribus
593 198 770 244 familias,
793 199 882 236 viris
905 198 1018 236 bonis
1038 205 1156 247 atque
1173 197 1359 244 honestis,
1383 211 1465 247 per-

142 260 357 298 contamini
378 260 474 310 quid
491 260 564 299 sibi
585 260 681 299 istae
698 261 1045 311 quinquagesimae
1065 261 1187 299 velint
1206 278 1212 300 :
1242 261 1320 299 iam
1342 262 1465 300 omni-

141 324 214 362 bus
242 325 473 375 intellegetis
503 339 647 364 novam
677 340 757 364 rem
791 334 913 364 totam
945 334 1064 376 atque
1096 325 1298 376 indignam
1328 326 1461 366 videri.

140 390 205 427 Ad
232 403 299 428 eos
328 403 390 429 me
417 389 562 428 scribas
594 404 742 437 revoca,
767 390 797 429 si
819 392 956 441 placet,
979 390 1059 428 noli
1085 391 1156 429 hos
1182 391 1373 441 colligere,
1397 392 1464 442 qui

102 468 119 499 5
140 454 354 492 nummulis
383 455 594 505 corrogatis
616 457 666 494 de
688 464 878 506 nepotum
899 455 1013 494 donis
1040 469 1086 494 ac
1114 457 1163 494 de
1193 456 1462 495 scaenicorum

141 519 366 567 corollariis,
386 533 477 558 cum
504 521 705 558 decuriam
730 528 918 566 emerunt,
943 535 989 559 ex
1018 521 1144 570 primo
1172 521 1310 559 ordine
1337 523 1465 571 explo-

141 596 272 621 sorum
304 584 343 622 in
378 587 597 624 secundum
633 586 810 624 ordinem
850 586 1015 624 civitatis
1054 599 1096 624 se
1126 585 1280 625 venisse
1314 586 1461 624 dicunt.

142 649 222 686 Eos
242 649 387 688 scribas
408 658 538 688 tecum
567 651 847 701 disceptatores
875 650 989 689 huius
1020 650 1191 689 criminis
1218 651 1376 689 habebo
1398 651 1464 700 qui

141 711 234 751 istos
262 714 407 752 scribas
438 729 523 753 esse
554 717 717 754 moleste
739 717 875 753 ferunt.
935 715 1111 754 Tametsi
1140 729 1229 754 cum
1260 716 1299 754 in
1331 730 1378 754 eo
1408 729 1465 754 or-

82 794 122 818 10
141 778 234 816 dine
254 779 457 818 videamus
478 794 562 819 esse
584 783 728 819 multos
750 795 829 819 non
851 781 1027 828 idoneos,
1045 781 1111 831 qui
1132 783 1230 820 ordo
1250 781 1465 819 industriae

139 844 362 893 propositus
401 853 459 883 est
498 854 535 884 et
575 845 763 895 dignitati,
802 845 1030 884 mirabimur
1064 846 1185 896 turpis
1223 846 1376 896 aliquos
1410 846 1465 884 ibi

1488 400 1546 439 184

139 922 224 946 esse
245 922 325 958 quo
345 909 467 947 cuivis
489 910 613 960 pretio
634 910 724 948 licet
744 910 975 960 pervenire?
1032 913 1094 948 Tu
1125 924 1171 949 ex
1201 912 1369 960 pecunia
1397 924 1464 961 pu·
1485 912 1539 949 80

140 973 241 1011 blica
263 975 333 1012 HS
356 975 573 1013 terdeciens
595 975 762 1013 scribam
783 983 893 1013 tuum
916 976 1106 1025 permissu
1128 983 1197 1013 tuo
1218 989 1308 1013 cum
1335 976 1465 1014 abstu-

139 1039 229 1076 lisse
259 1040 412 1085 fateare,
436 1040 625 1089 reliquam
656 1040 727 1078 tibi
757 1042 876 1078 ullam
901 1040 1173 1078 defensionem
1204 1048 1318 1090 putas
1348 1042 1465 1079 esse?

83 1118 120 1149 15
139 1104 216 1141 hoc
246 1117 485 1154 quemquam
509 1106 605 1143 ferre
635 1118 761 1154 posse,
785 1106 860 1142 hoc
885 1118 1126 1154 quemquam
1157 1105 1329 1155 denique
1359 1119 1464 1143 nunc

139 1174 296 1206 tuorum
316 1169 597 1207 advocatorum
619 1169 752 1207 animo
778 1182 906 1218 aequo
936 1169 1072 1207 audire
1099 1169 1297 1213 arbitrare,
1318 1183 1396 1219 qua
1425 1169 1464 1207 in

139 1232 294 1271 civitate
333 1235 377 1273 C.
409 1234 562 1280 Catoni,
596 1234 790 1272 consulari
830 1233 990 1279 homini,
1024 1234 1238 1272 clarissimo
1267 1234 1359 1280 viro,
1394 1236 1465 1273 HS

139 1298 216 1335 VII—1
239 1298 284 1336 lis
313 1298 518 1337 aestimata
546 1299 604 1346 sit,
628 1298 667 1336 in
695 1300 835 1337 eadem
867 1298 1023 1337 civitate
1045 1299 1255 1349 apparitori
1287 1307 1355 1337 tuo
1380 1313 1465 1338 esse

140 1375 372 1401 concessum
394 1371 436 1402 ut
457 1365 528 1401 HS
550 1364 767 1402 terdeciens
788 1377 869 1402 uno
889 1363 1050 1402 nomine
1071 1365 1267 1402 auferret?

81 1442 121 1464 20
195 1428 303 1467 Hinc
337 1428 402 1467 ille
435 1436 493 1467 est
526 1431 666 1467 anulus
697 1442 836 1466 aureus
872 1442 951 1478 quo
986 1437 1026 1466 tu
1060 1429 1178 1466 istum
1208 1429 1247 1466 in
1278 1429 1465 1467 contione

139 1493 294 1531 donasti
310 1508 319 1541 3
349 1507 450 1543 quae
471 1501 536 1532 tua
557 1494 719 1532 donatio
736 1493 917 1543 singulari
935 1493 1181 1542 impudentia
1202 1507 1304 1531 nova
1325 1493 1464 1531 Siculis

139 1559 334 1605 omnibus,
371 1559 467 1597 mibi
500 1573 591 1597 vero
625 1559 742 1596 etiam
778 1559 1018 1596 incredibilis·
1051 1559 1266 1596 videbatur.
1340 1560 1466 1608 Saepe

139 1626 243 1661 enim
273 1627 394 1663 nostri
425 1625 678 1675 imperatores
710 1624 900 1673 superatis
932 1623 1121 1669 hostibus,
1156 1624 1305 1673 optime
1335 1637 1374 1662 re
1400 1637 1466 1673 pu—

140 1689 243 1727 blica
261 1698 378 1740 gesta,
403 1690 548 1728 scribas
569 1703 660 1728 suos
681 1689 807 1727 anulis
827 1688 953 1727 aureis
975 1688 1013 1725 in
1035 1688 1219 1726 contione
1241 1690 1438 1726 donarunt
1458 1704 1465 1726 :

81 1768 120 1799 25
141 1761 182 1792 tu
202 1768 294 1793 vero
324 1756 466 1805 quibus
494 1756 609 1794 rebus
638 1755 766 1805 gestis,
790 1767 870 1804 quo
891 1755 1003 1792 hoste
1025 1762 1207 1803 superato
1237 1753 1464 1791 contionem

138 1820 315 1859 donandi
347 1834 464 1858 causa
497 1822 688 1858 advocare
726 1833 843 1858 ausus
883 1819 954 1857 es?
1012 1819 1153 1867 Neque
1191 1817 1296 1855 enim
1336 1819 1463 1855 solum

138 1885 305 1924 scribam
336 1894 446 1923 tuum
476 1887 606 1931 anulo,
641 1886 710 1923 sed
740 1885 857 1923 etiam
892 1884 1014 1922 virum
1048 1882 1301 1921 fortissimum
1332 1896 1377 1920 ac
1407 1882 1464 1921 tui

138 1950 453 1997 dissimillimum,
478 1952 526 1999 Q.
552 1950 761 1997 Rubrium,
782 1951 1037 1988 excellentem
1063 1948 1203 1986 virtute
1232 1947 1463 1986 auctoritate

138 2016 271 2065 copiis,
296 2029 441 2054 corona
465 2023 502 2054 et
522 2014 690 2065 phaleris
718 2023 755 2053 et
781 2022 919 2064 torque
947 2014 1113 2060 donasti,
1139 2015 1194 2051 M.
1220 2012 1460 2059 Cossutium,

184 2130 196 2150 1
225 2119 360 2150 familiis
375 2117 465 2149 codd.
480 2121 611 2157 praeter
627 2117 656 2147 O
719 2128 737 2146 2
761 2117 917 2147 omnibus
939 2116 1019 2147 VO:
1046 2126 1162 2145 omnes
1175 2121 1199 2155 p
1216 2115 1281 2146 rell.
1349 2126 1368 2154 3
1393 2126 1461 2146 rem

139 2173 257 2193 novam
278 2163 307 2192 O
455 2172 476 2200 9
500 2160 640 2191 moleste
658 2161 767 2190 serunt
784 2170 859 2190 esse
881 2160 911 2189 V
1064 2170 1075 2189 1
1087 2171 1097 2190 1
1126 2160 1169 2190 ibi
1187 2170 1262 2190 esse
1275 2159 1322 2190 cO
1338 2171 1344 2189 ;
1369 2160 1401 2188 in
1421 2170 1461 2190 eo

139 2217 213 2237 esse
225 2207 300 2246 qu.
319 2205 427 2245 Habet
447 2204 567 2243 unid
585 2203 781 2233 mirabimur
797 2203 903 2234 turbis
920 2213 996 2234 esse
1013 2203 1144 2242 aliquos
1291 2213 1329 2232 12
1353 2203 1462 2241 pretio

139 2250 217 2280 licet
238 2249 297 2279 VO
314 2261 320 2279 ι
345 2249 421 2278 licet
439 2248 583 2287 pretiop
601 2247 663 2277 rell.
789 2257 826 2285 14
850 2247 951 2277 ullam
968 2258 1033 2277 om.
1055 2246 1084 2276 O
1198 2255 1235 2285 15
1260 2256 1460 2286 quemquam

139 2293 227 2323 serre
252 2292 334 2322 VO:
371 2292 459 2321 serre
483 2300 683 2329 quemquam
703 2294 728 2329 p
750 2290 814 2320 rell.
842 2290 920 2329 (hoc
943 2300 1143 2329 quemquam
1169 2289 1316 2328 denique
1339 2290 1387 2319 .s.l.
1406 2290 1459 2328 p'·')

139 2345 178 2366 21
204 2335 367 2375 singulari
386 2334 591 2373 impudentia
610 2334 640 2363 O
657 2345 662 2362 ε
687 2333 772 2371 sing.
793 2333 869 2372 imp.
891 2334 1045 2373 praedita
1066 2333 1135 2373 Vp2'
1148 2332 1212 2364 rell.
1233 2345 1239 2363 ε
1264 2344 1289 2363 s.
1307 2334 1327 2364 i.
1341 2333 1461 2363 donata

132 2384 159 2420 p
290 2379 331 2409 28
356 2378 576 2409 excellentem
599 2376 674 2406 VcO
693 2388 700 2407 ε
725 2378 800 2416 -tip
817 2377 881 2407 rell.

1488 1433 1546 1472 185
