1715 2734
197 112 246 151 37

193 383 244 428 38

201 444 239 472 82

189 1593 230 1630 83

175 2099 230 2135 39

189 2152 229 2189 84

269 111 286 140 8
295 119 307 140 1
637 104 693 141 M.
726 103 896 141 TVLLI
928 103 1237 143 CICERONIS

267 214 510 261 miserorum,
534 215 628 254 odio
649 213 920 263 improborum
938 229 948 262 3
978 228 1080 265 quae
1106 215 1291 266 cognatio
1320 215 1541 255 studiorum
1561 224 1600 256 et

265 279 407 317 artium
436 292 559 329 prope
590 279 755 317 modum
785 292 867 317 non
897 279 1028 318 minus
1058 288 1116 319 est
1145 281 1360 320 coniuncta
1386 295 1505 332 quam
1527 280 1600 321 ista

265 358 343 394 qua
363 358 432 383 vos
453 344 706 382 delectamini
727 344 881 394 generis
902 352 939 383 et
962 344 1146 384 nominis.

320 411 475 459 Repeto
527 409 598 446 abs
652 416 700 456 te,
752 410 905 456 Verres,
963 418 1269 449 monumentum
1318 413 1361 449 P.
1411 411 1595 451 Africani.

266 476 437 514 Causam
476 474 696 512 Siculorum
743 487 863 523 quam
894 475 1049 526 suscepi
1084 475 1276 526 relinquo,
1314 475 1504 514 iudicium
1547 478 1635 524 de5

262 539 441 589 pecuniis
490 538 718 588 repetundis
769 553 818 577 ne
858 540 906 578 sit
946 541 1022 578 hoc
1063 548 1249 591 tempore,
1292 542 1597 591 Segestanorum

262 604 424 643 iniuriae
453 606 731 654 neglegantur:
764 603 867 642 basis
890 607 930 643 P.
957 604 1152 655 Scipionis
1181 606 1416 653 restituatur,
1449 620 1595 645 nomen

261 669 393 707 invicti
416 669 662 719 imperatoris
693 669 900 716 incidatur,
923 669 1078 720 signum
1106 671 1415 720 pulcherrimum
1437 672 1597 711 Cartha—

259 735 348 784 gine
378 743 536 785 captum
568 742 790 785 reponatur.
855 737 971 774 Haec
1001 736 1071 773 abs
1103 744 1140 774 te
1168 750 1248 775 non
1279 736 1499 775 Siculorum
1531 738 1596 776 de-

260 803 401 848 fensor,
433 814 514 838 non
545 808 634 838 tuus
663 808 879 847 accusator,
904 814 985 838 non
1007 801 1210 851 Segestani
1238 803 1449 851 postulant,
1474 804 1543 841 sed
1564 802 1596 841 is
1619 816 1654 838 10

258 866 326 916 qui
360 867 518 905 laudem
551 865 796 915 gloriamque
836 868 877 903 P.
913 865 1088 905 Africani
1135 867 1323 905 tuendam
1364 880 1595 905 conservan-

257 933 431 981 damque
470 930 653 981 suscepit.
716 932 808 969 Non
849 944 985 970 vereor
1023 944 1073 970 ne
1122 932 1198 970 hoc
1247 931 1420 970 officium
1461 946 1594 971 meum

258 999 298 1035 P.
325 997 487 1036 Servilio
516 996 636 1035 iudici
667 1010 748 1035 non
780 997 958 1047 probem,
991 996 1059 1046 qui
1089 1010 1179 1035 cum
1212 1010 1270 1035 res
1299 997 1487 1035 maximas
1513 1011 1594 1047 ges-

256 1062 346 1101 serit
369 1069 709 1112 monumentaque
734 1075 893 1100 suarum
924 1075 1053 1100 rerum
1082 1070 1279 1112 gestarum
1310 1076 1398 1101 curn
1424 1062 1592 1102 maxime

255 1128 469 1167 constituat
502 1134 622 1177 atque
656 1127 695 1165 in
741 1127 787 1166 iis
818 1128 992 1166 elaboret
1022 1129 1199 1178 profecto
1239 1129 1345 1167 volet
1379 1129 1476 1166 haec
1511 1142 1591 1166 non
1615 1143 1650 1174 15

256 1196 384 1233 solum
415 1193 494 1232 suis
525 1193 690 1244 posteris
715 1207 850 1231 verum
882 1193 999 1232 etiam
1030 1192 1217 1231 omnibus
1244 1193 1333 1231 viris
1364 1193 1528 1231 fortibus
1554 1201 1591 1231 et

254 1259 368 1298 bonis
399 1258 551 1297 civibus
581 1259 848 1305 defendenda,
881 1271 961 1297 non
983 1257 1190 1308 spolianda
1211 1257 1401 1308 improbis
1424 1259 1586 1296 tradere.

254 1327 346 1364 Non
368 1338 503 1363 vereor
524 1337 573 1362 ne
594 1323 676 1371 tibi,
697 1323 744 1370 Q.
765 1324 920 1371 Catule,
935 1322 1151 1374 displiceat,
1171 1323 1282 1361 cuius
1302 1322 1590 1373 amplissimum

252 1390 337 1429 orbi
386 1398 572 1428 terrarum
622 1388 963 1438 clarissimumque
1006 1396 1311 1427 monumentum
1359 1395 1429 1435 est,
1470 1401 1589 1438 quam

252 1455 440 1506 plurimos
480 1467 565 1493 esse
597 1455 783 1492 custodes
825 1461 1173 1492 monumentorum
1204 1461 1242 1491 et
1290 1460 1426 1503 putare
1460 1451 1588 1491 omnis
1610 1467 1649 1489 20

254 1522 381 1559 bonos
411 1519 562 1558 alienae
592 1518 738 1568 gloriae
769 1518 1043 1558 defensionem
1072 1520 1123 1557 ad
1145 1518 1318 1557 officium
1340 1531 1454 1556 suum
1477 1517 1589 1567 perti-

251 1599 355 1624 nere.
418 1583 617 1634 Equidem
667 1583 805 1622 ceteris
855 1583 965 1621 istius
1014 1583 1124 1621 furtis
1172 1591 1291 1633 atque
1340 1582 1493 1633 flagitiis
1537 1582 1589 1621 ita

252 1663 411 1689 moveor
432 1657 473 1687 ut
495 1663 540 1687 ea
560 1649 888 1699 reprehendenda
910 1656 1062 1686 tantum
1084 1656 1220 1698 putem
1240 1662 1251 1695 3
1280 1647 1343 1686 hic
1364 1661 1456 1686 vero
1478 1655 1588 1686 tanto

250 1717 386 1754 dolore
407 1713 570 1753 adficior
587 1721 627 1752 ut
646 1713 742 1751 nihil
762 1713 857 1751 mihi
880 1713 1087 1763 indignius,
1107 1705 1203 1751 nihil
1226 1712 1355 1751 minus
1377 1714 1583 1751 ferendum

250 1794 335 1820 esse
362 1779 550 1818 videatur.
609 1781 750 1817 Verres
780 1778 954 1817 Africani
987 1778 1254 1818 monumentis
1280 1780 1445 1817 domurn
1473 1791 1584 1816 suam
1605 1791 1642 1823 25

250 1848 407 1896 plenam
438 1844 570 1895 stupri,
606 1846 764 1895 plenam
800 1843 929 1894 flagiti,
968 1845 1126 1894 plenam
1161 1843 1368 1883 dedecoris
1400 1843 1584 1882 ornabit?

251 1914 390 1951 Verres
425 1909 770 1961 temperantissimi
810 1909 1125 1959 sanctissimique
1160 1909 1229 1947 viri
1265 1916 1579 1956 monumentum,

253 1977 404 2016 Dianae
432 1976 684 2015 simulacrum
706 1974 875 2025 virginis,
899 1974 938 2013 in
964 1988 1009 2013 ea
1036 1976 1158 2013 domo
1183 1974 1408 2013 conlocabit
1437 1973 1476 2011 in
1507 1987 1584 2024 qua

251 2055 404 2092 semper
427 2040 674 2080 meretricum
698 2041 970 2089 lenonumque
993 2039 1136 2090 flagitia
1157 2040 1390 2077 versantur?

307 2109 356 2145 At
392 2108 467 2145 boc
507 2107 633 2143 solum
667 2105 839 2142 Africani
877 2112 1177 2143 monumentum
1211 2103 1373 2142 violasti.
1446 2103 1641 2152 Quid?3o

249 2186 271 2210 a
305 2170 581 2220 Tyndaritanis
621 2182 700 2207 non
739 2168 915 2207 eiusdem
957 2168 1151 2219 Scipionis
1184 2168 1378 2206 beneficio
1412 2167 1583 2217 positum

249 2236 500 2275 simulacrum
544 2233 713 2272 Mercuri
754 2233 1017 2283 pulcherrime
1059 2235 1203 2272 factum
1254 2233 1475 2271 sustulisti?
1532 2234 1583 2270 At

297 2350 334 2378 15
360 2340 487 2369 laboret
506 2338 554 2369 Srr
580 2337 626 2376 cs
648 2347 677 2368 v.
703 2339 738 2373 §S
764 2338 833 2370 126,
861 2338 927 2375 158,
954 2337 1026 2367 1885
1156 2340 1192 2368 16
1217 2337 1285 2368 suis
1303 2347 1366 2368 om.
1385 2341 1429 2376 pq
1545 2337 1582 2365 18

251 2383 290 2421 Q.
312 2394 376 2413 0111.
392 2388 435 2422 pq
572 2391 609 2419 19
635 2381 665 2410 in
684 2380 765 2410 orbe
779 2381 822 2420 p&
946 2391 988 2420 29
1013 2381 1238 2420 lenonumque
1253 2382 1314 2420 pfl:
1342 2380 1498 2410 lenonum
1519 2378 1582 2410 RS

250 2437 287 2466 31
318 2436 430 2457 nonne
451 2425 512 2465 Lg.
531 2435 571 2463 42
591 2427 644 2461 ⁴,§§
669 2434 715 2463 19,
738 2426 794 2464 93)
