1715 2734
77 791 114 812 10

73 1439 112 1461 20

72 1764 108 1795 25

139 83 405 122 ACTIONIS
428 83 487 120 IN
510 83 553 121 C.
573 83 814 120 VERREM
836 83 1134 121 SECVNDAE
1157 84 1261 120 LIB.
1286 84 1350 121 III
1408 85 1461 131 65
1485 100 1544 132 153

137 194 358 244 Apronium
397 195 620 232 absolutum
661 194 703 232 iri
749 202 911 244 putaret,
944 194 1040 232 nihil
1078 203 1158 233 erat
1193 197 1300 245 quod
1339 197 1461 234 ullum

136 259 420 308 praeiudicium
458 266 676 303 vereretur3
719 259 865 298 deinde
903 259 934 297 si
975 261 1241 298 condemnato
1285 260 1462 310 Apronio

136 323 387 361 coniunctam
427 337 516 361 cum
556 337 603 361 eo
642 324 772 362 Verris
810 338 969 362 causam
1014 338 1152 362 omnes
1191 333 1299 362 erant
1338 325 1461 363 existi-

137 388 289 435 maturi,
323 390 507 426 Metellus
542 388 702 437 quidem
735 396 839 427 certe
870 389 947 427 iarn
979 390 1055 427 hoc
1087 389 1296 435 iudicabat,
1326 403 1461 427 eorum

135 466 216 490 rem
237 466 475 501 causamque
496 466 580 490 esse
601 453 863 499 coniunctam,
887 453 953 502 qui
975 460 1158 491 statueret
1175 453 1351 503 Apronio
1373 467 1463 492 con-

135 518 322 554 demnato
343 519 393 555 de
420 516 495 554 isto
525 517 808 566 praeiudicium
831 519 1014 556 futurum.
1076 520 1126 555 Et
1149 519 1263 556 simul
1295 532 1373 556 una
1402 533 1461 557 res

135 581 288 631 utrique
322 582 374 619 rei
405 589 463 620 est
497 590 739 631 argumento,
770 590 807 620 et
837 590 1007 621 aratores
1032 583 1067 620 vi
1099 590 1136 621 et
1166 591 1272 621 metu
1303 591 1460 622 coactos

134 646 311 696 Apronio
339 647 463 684 multo
490 648 577 696 plus
607 660 725 696 quam
756 647 963 685 debuerint
991 647 1157 693 dedisse,
1181 656 1218 686 et
1239 648 1459 698 Apronium

134 710 243 749 istius
263 725 345 749 rem
367 724 438 748 suo
459 711 620 749 nomine
641 711 774 761 egisse,
794 726 883 749 cum
908 714 949 750 L.
976 714 1162 750 Metellus
1183 713 1358 750 statuerit
1380 727 1459 751 non

134 789 248 825 posse
283 775 503 826 Apronium
543 776 797 814 condemnari
828 776 922 826 quin
953 777 1067 815 simul
1097 779 1147 815 de
1177 777 1286 815 istius
1316 780 1460 816 scelere

132 848 250 890 atque
280 840 530 890 improbitate
560 840 807 879 iudicaretur.

185 905 315 943 Venio
353 919 458 943 nunc
496 907 547 943 ad
582 905 788 955 epistulam
819 906 1074 953 Timarchidi,
1108 907 1234 945 liberti
1274 907 1383 945 istius
1422 915 1459 945 et
1482 881 1541 969 5356

131 970 310 1018 accensi3
340 972 390 1009 de
412 984 488 1020 qua
509 984 599 1008 cum
620 970 763 1016 dixero,
782 978 906 1008 totum
928 972 1004 1009 hoc
1026 971 1172 1009 crimen
1194 973 1458 1010 decumanum
1503 952 1540 978 Α

131 1048 323 1084 peroraro.
384 1037 498 1073 Haec
530 1035 696 1084 epistula
727 1044 795 1081 est,
823 1035 983 1082 iudices,
1014 1049 1131 1086 quam
1157 1050 1229 1074 nos
1261 1038 1459 1086 Syracusis

131 1099 170 1136 in
199 1099 364 1137 aedibus
392 1099 540 1149 Aproni
575 1113 665 1137 curn
696 1099 841 1138 litteras
872 1100 1193 1150 conquireremus
1224 1102 1455 1141 invenimus.

131 1163 255 1202 Missa
275 1172 343 1211 est,
367 1172 409 1201 ut
430 1164 514 1214 ipsa
539 1164 742 1213 significat,
775 1178 821 1202 ex
851 1164 999 1212 itinere,
1027 1179 1117 1204 cum
1140 1168 1279 1205 Verres
1306 1167 1383 1205 iarn
1409 1169 1458 1206 de

130 1229 330 1278 provincia
368 1229 609 1276 decessisset,
651 1229 895 1268 Timarchidi
935 1244 1054 1268 manu
1095 1231 1247 1281 scripta.
1305 1233 1455 1272 Recita,

132 1296 337 1332 EPISTVLA
372 1297 650 1332 TIMARCHIDL
718 1306 1016 1332 TIMARCHIDES
1046 1298 1207 1334 VERffls
1251 1309 1457 1336 ACCENSVS

131 1371 318 1397 SALVTEM
355 1371 478 1397 DiciT.
540 1361 625 1397 Iam
656 1361 732 1398 hoc
762 1359 922 1409 quidem
954 1374 1033 1398 non
1066 1363 1310 1411 reprehendo
1349 1366 1457 1413 quod

131 1425 337 1462 adscribit*
354 1438 543 1463 accensus
561 1427 567 1441 ⁷
589 1441 595 1468 ;
626 1439 693 1463 cur
714 1425 818 1463 enim
837 1426 909 1464 sibi
927 1427 1003 1464 hoc
1025 1427 1174 1465 scribae
1196 1428 1267 1466 soli
1289 1438 1455 1476 sumant,

133 1491 198 1526 ‘L.
224 1491 419 1528 PAPIRIVS
450 1492 645 1528 scmffl'?
701 1491 805 1528 Volo
836 1504 907 1540 ego
938 1492 1013 1529 hoc
1043 1505 1128 1529 esse
1160 1506 1372 1531 commune
1399 1508 1457 1532 ac-

130 1567 348 1601 censorum,
365 1554 556 1601 lictorum,
573 1555 777 1593 viatorum.
830 1557 912 1593 FAC
933 1568 1213 1594 DILIGENTIAM
1236 1571 1453 1605 ADHIHEAS,

130 1630 241 1662 QVOD
258 1631 312 1656 AD
330 1631 558 1658 PRAETORIs
572 1632 938 1658 EXISTtMATIONEM
956 1634 1146 1660 ΑΤΤΙΝΕΤ.
1190 1624 1455 1663 Commendat

130 1684 308 1733 Apronio
329 1686 501 1727 Verrem,
526 1692 563 1722 et
585 1686 760 1723 hortatur
781 1693 821 1723 ut
845 1685 1010 1724 inimicis
1034 1687 1115 1725 eius
1131 1688 1290 1726 resistat.
1343 1692 1457 1728 Bono

130 1748 325 1798 praesidio
346 1749 519 1786 munitur
543 1749 776 1788 existimatio
806 1758 882 1797 tua,
907 1751 1100 1800 siquidem
1133 1753 1170 1789 in
1193 1754 1342 1802 Aproni
1367 1768 1458 1792 con—

131 1813 301 1851 stituitur
338 1814 539 1864 diligentia
577 1823 694 1864 atque
733 1815 974 1854 auctoritate.
1044 1819 1188 1855 HAssEs
1229 1831 1452 1866 νΙΗΤνΤΕΜ,

129 1890 440 1923 ELOQVENTIAM.
501 1881 630 1928 Quam
662 1880 822 1929 copiose
843 1882 1022 1919 laudatur
1042 1883 1239 1932 Apronius
1260 1897 1282 1920 a
1309 1884 1457 1922 Timar·
1479 1901 1537 1931 155

130 1943 255 1989 chide,
286 1957 403 1993 quam
426 1944 656 1993 magnifice!
715 1945 789 1983 Cui
811 1959 882 1995 ego
905 1946 1013 1984 illum
1034 1961 1114 1985 non
1143 1956 1277 1997 putem
1303 1950 1455 1999 placere

176 2057 188 2076 r
216 2048 378 2086 putabant
395 2047 475 2078 Vil.
496 2047 649 2086 141'137771)
781 2057 799 2086 5
825 2054 986 2081 statueret
1006 2051 1035 2081 O
1054 2063 1060 2082 ε
1087 2052 1161 2091 -itp
1179 2052 1240 2082 rell.
1265 2053 1412 2091 (praeter
1429 2053 1460 2082 V

129 2091 306 2125 statuerat)
443 2101 491 2127 12,
510 2100 545 2128 17
572 2091 773 2121 Timarchidi
795 2092 841 2122 cO
861 2105 867 2123 :
893 2094 934 2123 -is
955 2094 1002 2133 Vp
1020 2095 1083 2125 rell.
1231 2106 1268 2133 14
1293 2106 1454 2134 peroraro

129 2133 199 2163 cO:
223 2135 303 2164 -abo
326 2133 373 2173 l'p
390 2134 454 2163 rell.
616 2144 651 2172 17
678 2133 806 2166 Recita.
852 2136 1008 2175 Epistula
1025 2138 1227 2169 Timarchidi
1250 2139 1298 2169 V:
1334 2139 1454 2170 Recita

129 2177 319 2215 epistolam.
343 2177 574 2207 Timarchides
613 2176 746 2217 Zumpt.
778 2178 872 2209 edd.:
911 2191 975 2211 om.
1007 2181 1037 2211 O
1061 2186 1089 2211 el
1108 2183 1141 2211 in
1169 2183 1225 2213 lac.
1255 2194 1276 2211 π
1417 2193 1454 2221 19

127 2220 281 2250 Apronio
316 2224 390 2250 ante
429 2221 567 2250 salutem
598 2220 672 2251 add.
718 2221 785 2252 edd.
944 2225 1032 2263 quod
1069 2226 1229 2255 adscribit
1258 2226 1326 2256 rO:
1363 2227 1452 2265 quod

128 2264 341 2303 adscripsitp
359 2264 421 2294 rell.
440 2275 446 2293 :
472 2274 544 2293 cum
562 2264 684 2294 scribat
708 2264 739 2293 V
875 2277 917 2296 20
942 2268 1004 2298 hoc
1021 2269 1083 2298 sibi
1106 2269 1137 2297 V
1232 2275 1403 2300 assumant
1422 2270 1452 2299 O

128 2316 165 2336 21
192 2307 255 2336 hoc
273 2317 350 2336 esse
372 2306 421 2337 V:
447 2317 522 2337 esse
541 2308 603 2337 hoc
622 2307 684 2338 nh:
712 2308 774 2338 hoc
792 2319 856 2338 om.
879 2310 908 2341 O
1064 2322 1102 2350 27
1130 2312 1215 2350 eloq.
1242 2312 1301 2342 VO
1320 2324 1327 2342 τ
1352 2318 1452 2352 atque
1484 2323 1490 2327 ¹

127 2349 213 2388 eloq.
230 2355 253 2389 p
271 2351 335 2380 rell.
