1715 2734
174 81 190 106 1
210 86 224 106 2
574 73 630 109 M.
661 72 830 109 TVLLI
862 71 1170 111 CICERONIS

208 181 386 219 omnium
411 182 617 220 nationum
645 190 862 221 exterarum
889 182 1072 233 princeps
1103 182 1235 222 Sicilia
1260 196 1301 221 se
1328 184 1379 222 ad
1407 183 1539 222 amici-

207 245 300 284 tiam
322 247 523 296 fidemque
545 247 679 297 populi
707 246 879 285 Romani
903 247 1126 298 adplicavit.
1189 248 1320 286 Prima
1343 248 1535 296 omnium,

206 310 245 350 id
277 313 386 361 quod
421 320 698 350 ornamentum
729 312 868 362 imperi
898 320 967 359 est,
999 313 1201 363 provincia
1230 321 1288 351 est
1318 315 1538 364 appellata;

205 376 330 426 prima
351 377 485 416 docuit
508 377 674 415 maiores
695 385 849 416 nostros
871 390 989 426 quam
1012 379 1253 427 praeclarum
1275 386 1377 417 esset
1398 378 1537 417 exteris

204 441 387 491 gentibus
422 442 639 491 imperare,
672 443 756 480 sola
783 442 854 480 suit
885 456 931 480 ea
961 443 1039 481 fide
1070 443 1418 493 benivolentiaque
1448 457 1537 494 erga
1559 456 1576 487 5

204 508 395 556 populum
423 508 651 545 Romanum
673 515 715 544 ut
742 506 918 545 civitates
940 507 1023 545 eius
1043 506 1204 554 insulae,
1228 521 1328 557 quae
1354 510 1476 546 semel
1497 509 1537 546 in

202 571 415 609 amicitiam
449 580 623 610 nostram
651 571 861 618 venissent,
891 585 1110 622 numquam
1142 581 1279 622 postea
1310 574 1537 620 deficerent,

203 638 413 686 pleraeque
442 644 575 675 autern
602 644 639 675 et
670 636 840 675 maxime
867 636 1049 675 inlustres
1077 637 1116 674 in
1146 637 1317 675 amicitia
1346 645 1537 687 perpetuo

166 708 416 743 3manerent.
480 703 620 751 Itaque
660 701 876 739 maioribus
911 701 1053 740 nostris
1086 701 1125 739 in
1165 701 1339 740 Africam
1378 716 1424 740 ex
1464 703 1537 741 hac

202 766 404 815 provincia
430 768 573 817 gradus
600 765 739 817 imperi
770 767 895 804 factus
923 773 1006 813 est3
1035 780 1166 816 neque
1191 767 1296 805 enim
1318 775 1397 805 tam
1425 767 1536 806 facile
1561 782 1597 804 ro

202 844 297 881 opes
333 831 582 882 Carthaginis
615 839 747 870 tantae
779 831 1047 870 concidissent
1079 831 1152 870 nisi
1185 832 1282 870 illud
1312 840 1349 870 et
1380 832 1433 870 rei
1464 834 1536 870 fru-

203 897 415 935 mentariae
463 897 685 936 subsidium
730 904 769 935 et
816 898 1110 947 receptaculum
1159 896 1350 935 classibus
1394 898 1537 936 nostris

159 974 183 1000 2
202 969 361 1011 pateret.
423 963 556 1010 Quare
585 964 625 1000 P.
653 962 863 1000 Africanus
892 961 1131 1012 Carthagine
1161 963 1289 1000 deleta
1315 962 1535 1001 Siculorum

202 1026 309 1065 urbis
353 1026 472 1077 signis
515 1027 863 1077 monumentisque
907 1026 1179 1076 pulcherrimis
1223 1027 1433 1073 exornavit,
1481 1035 1533 1074 ut,

202 1105 302 1141 quos
332 1091 493 1130 victoria
525 1091 661 1142 populi
694 1091 867 1130 Romani
899 1091 1067 1130 maxime
1097 1091 1229 1130 laetari
1261 1092 1533 1139 arbitrabatur,
1559 1108 1594 1138 15

162 1171 181 1200 4
200 1159 307 1207 apud
321 1171 389 1196 eos
411 1166 669 1196 monumenta
685 1157 869 1196 victoriae
886 1157 1053 1208 plurima
1069 1159 1305 1196 conlocaret.
1352 1158 1535 1209 Denique

201 1222 264 1261 ille
296 1222 379 1273 ipse
420 1225 474 1261 M.
512 1224 735 1269 Marcellus,
773 1222 884 1261 cuius
917 1222 956 1260 in
996 1222 1128 1261 Sicilia
1166 1223 1349 1261 virtutem
1390 1225 1533 1270 hostes,

201 1288 509 1327 misericordiam
541 1288 642 1335 victi,
676 1289 795 1326 fidem
829 1287 947 1326 ceteri
979 1287 1098 1326 Siculi
1129 1296 1421 1338 perspexerunt,
1454 1302 1534 1327 non

200 1355 328 1392 solum
356 1353 472 1393 sociis
503 1353 542 1391 in
573 1367 621 1392 eo
650 1354 755 1392 bello
785 1352 999 1399 consuluit,
1029 1366 1165 1391 verum
1197 1353 1314 1391 etiam
1342 1354 1533 1404 superatis

200 1419 379 1458 hostibus
432 1417 673 1469 temperavit.
749 1419 898 1456 Vrbem
953 1417 1257 1468 pulcherrimam
1309 1420 1530 1467 Syracusas,
1556 1433 1594 1454 zo

200 1498 354 1535 —quae
375 1498 465 1523 cum
498 1498 617 1522 manu
648 1483 912 1522 munitissima
933 1490 1045 1529 esset,
1070 1491 1152 1521 tum
1176 1483 1251 1522 loci
1274 1492 1411 1522 natura
1433 1492 1533 1522 terra

197 1564 242 1588 ac
265 1549 359 1588 mari
374 1551 782 1595 clauderetur,—cum
799 1548 834 1587 vi
849 1547 1095 1598 consilioque
1111 1548 1289 1598 cepisset,
1306 1563 1386 1587 non
1404 1551 1531 1587 solum

198 1616 437 1653 incolumem
463 1628 600 1665 passus
622 1622 679 1652 est
701 1627 797 1659 esse,
821 1614 891 1651 sed
913 1613 966 1651 ita
991 1613 1145 1663 reliquit
1168 1622 1345 1651 ornatam
1368 1622 1409 1652 ut
1430 1623 1532 1654 esset

197 1681 302 1719 idem
329 1688 632 1719 monumentum
659 1679 855 1724 victoriae,
890 1678 1215 1725 mansuetudinis,
1249 1678 1529 1726 continentiae,

196 1759 286 1784 cum
332 1745 514 1784 homines
562 1745 741 1783 viderent
782 1751 819 1782 et
859 1743 955 1793 quid
995 1752 1255 1794 expugnasset
1300 1751 1337 1782 et
1385 1744 1530 1793 quibus
1552 1759 1589 1789 25

196 1811 434 1862 pepercisset
483 1818 521 1849 et
569 1824 671 1860 quae
720 1809 963 1860 reliquisset:
1023 1817 1175 1847 tantum
1225 1809 1288 1863 ille
1337 1810 1528 1848 honorem

196 1877 427 1916 habendum
449 1876 603 1915 Siciliae
628 1875 777 1926 putavit
800 1883 841 1913 ut
863 1889 912 1913 ne
934 1874 1106 1913 hostium
1137 1874 1299 1924 quidem
1325 1875 1460 1913 urbem
1483 1888 1529 1913 ex

158 1962 175 1991 5
197 1942 394 1981 sociorum
420 1942 546 1980 insula
577 1942 793 1979 tollendam
824 1939 1084 1978 arbitraretur.
1148 1941 1288 1989 Itaque
1318 1941 1368 1978 ad
1399 1940 1527 1979 omnis

196 2021 255 2046 res
277 2007 331 2045 sic
357 2007 421 2045 illa
441 2006 642 2056 provincia
670 2018 825 2055 semper
846 2005 903 2043 usi
927 2018 1062 2043 sumus
1083 2012 1136 2051 ut,
1160 2003 1350 2054 quicquid
1375 2018 1421 2042 ex
1442 2018 1527 2044 sese

196 2081 327 2122 posset
360 2073 506 2118 efferre,
543 2070 583 2109 id
615 2084 694 2108 non
729 2071 835 2120 apud
868 2082 939 2107 nos
975 2068 1093 2114 nasci,
1125 2070 1194 2107 sed
1230 2069 1338 2107 domi
1372 2077 1526 2108 nostrae
1547 2081 1587 2111 30

195 2138 400 2176 conditum
431 2137 508 2175 iam
544 2145 780 2187 putaremus.
842 2137 1017 2184 Quando
1048 2135 1111 2173 illa
1141 2136 1381 2173 frumentum
1417 2137 1525 2184 quod

245 2251 290 2271 11.
317 2251 352 2279 ¹3
377 2241 492 2271 Carth.
530 2239 630 2280 COp:
672 2239 792 2270 Karth.
827 2237 896 2269 edd.
1068 2248 1108 2268 22
1133 2237 1345 2267 clauderetur
1378 2236 1524 2278 COqu:

196 2284 411 2314 claudebatur
429 2296 446 2313 r
462 2283 524 2314 rell.
660 2293 702 2321 29
726 2283 774 2313 sic
792 2282 846 2312 illa
865 2281 959 2312 Cobet
975 2293 980 2310 z
1005 2281 1111 2311 sicilia
1129 2281 1215 2311 codd.
1350 2290 1392 2318 30
1417 2291 1479 2311 nos
1499 2281 1528 2312 C

197 2326 260 2366 (cl.
279 2328 358 2358 Rev.
378 2327 469 2367 xviii,
482 2333 514 2368 p.
536 2328 589 2365 23χ
609 2338 615 2358 ;
642 2337 700 2357 eos
717 2326 781 2357 rell.
916 2335 953 2363 31
982 2325 1046 2355 iam
1067 2323 1154 2354 CO¹:
1183 2334 1248 2354 om.
1268 2324 1331 2353 rell.
