1715 2734
153 432 170 463 5

134 754 171 776 10

130 1405 168 1426 20

194 46 463 85 ACTIONIS
496 46 556 84 IN
588 45 633 85 C.
656 46 897 82 VERREM
929 44 1229 83 SECVNDAE
1260 44 1364 80 LIB.
1387 44 1424 79 V
1458 43 1512 88 36
1531 55 1574 88 94

192 170 327 195 verum
348 156 466 195 etiam
486 157 560 194 hac
586 169 626 194 re
652 155 810 206 publica
830 154 1081 204 dignissimus
1102 153 1351 192 existimetur.
1412 155 1515 193 Con·
1534 166 1574 198 95

193 223 347 259 firmant
377 221 449 271 ipsi
480 234 531 267 se,
563 234 653 258 cum
684 220 747 258 hic
777 219 893 258 etiam
924 226 1006 256 tum
1037 218 1300 257 semisomnus
1330 225 1513 268 stuperet,

191 299 299 324 arma
325 286 495 335 capiunt,
519 292 645 323 totum
676 286 802 323 forum
831 291 950 334 atque
979 284 1166 329 Insulam,
1191 296 1292 332 quae
1322 290 1380 321 est
1409 282 1515 321 urbis

193 364 333 400 magna
353 364 451 400 pars,
475 351 685 399 complent.

246 417 375 453 Vnam
397 416 500 454 illam
527 424 684 454 noctem
713 417 835 453 solam
863 415 1082 464 praedones
1109 414 1159 452 ad
1188 415 1383 452 Helorum
1411 427 1516 452 com-

192 479 340 526 morati,
383 494 473 518 cum
512 479 697 518 fumantis
745 479 863 518 etiam
906 486 1057 516 nostras
1102 479 1210 516 navis
1254 478 1512 528 reliquissent,

190 545 378 583 accedere
399 544 591 594 incipiunt
613 546 821 593 Syracusas
838 558 848 591 3
877 542 943 592 qui
965 542 1147 581 videlicet
1172 556 1289 592 saepe
1313 542 1516 581 audissent

191 609 287 647 nihil
317 622 401 648 esse
431 609 629 659 pulchrius
650 622 767 659 quam
799 610 1075 657 Syracusarum
1106 601 1263 646 moenia
1291 621 1337 646 ac
1367 616 1512 658 portus,

191 681 405 712 statuerant
426 687 477 721 se,
501 674 531 712 si
553 688 598 712 ea
618 675 739 712 Verre
766 680 943 723 praetore
971 686 1050 710 non
1073 672 1272 720 vidissent,
1296 687 1515 723 numquam

191 752 276 777 esse
296 738 455 776 visuros.
514 740 573 776 Ac
600 738 727 788 primo
753 739 804 776 ad
832 737 896 775 illa
921 737 1068 776 aestiva
1094 737 1281 786 praetoris
1306 739 1513 784 accedunt,
1534 720 1584 802 32

190 803 314 854 ipsam
345 803 450 841 illam
480 803 532 841 ad
560 810 709 853 partem
740 802 860 840 litoris
892 802 959 840 ubi
990 802 1061 840 iste
1092 816 1160 852 per
1186 816 1253 841 eos
1278 802 1363 841 dies
1393 803 1516 841 taber-
1534 783 1553 813 9

190 868 338 906 naculis
371 867 506 918 positis
541 874 666 905 castra
695 867 867 905 luxuriae
897 869 1133 905 conlocarat.
1198 869 1328 916 Quem
1364 876 1515 917 postea-

190 946 308 982 quam
343 932 499 970 inanem
534 933 666 970 locum
696 932 944 969 offenderunt
974 939 1012 969 et
1042 938 1261 981 praetorem
1291 946 1514 971 commosse

190 1012 236 1035 ex
257 1010 304 1036 eo
325 998 413 1035 loco
434 1004 558 1035 castra
578 1004 792 1042 senserunt,
817 995 947 1034 statim
976 995 1058 1034 sine
1085 998 1165 1034 ullo
1193 1004 1299 1034 metu
1324 997 1363 1034 in
1384 997 1513 1047 ipsum

156 1082 166 1088 -
191 1070 348 1112 portum
363 1070 565 1112 penetrare
582 1068 807 1111 coeperunt.
839 1062 942 1100 Cum
959 1060 998 1098 in
1015 1069 1172 1110 portum
1187 1061 1514 1109 dico‚iudices,—

190 1128 480 1176 explanandum
511 1134 568 1164 est
597 1125 702 1164 enim
729 1125 954 1174 diligentius
982 1138 1118 1163 eorum
1146 1139 1263 1163 causa
1284 1126 1351 1175 qui
1381 1128 1512 1165 locum

188 1190 475 1240 ignorant‚——in
501 1190 638 1228 urbem
668 1189 759 1228 dico
787 1196 906 1239 atque
940 1189 979 1227 in
1014 1189 1120 1228 urbis
1153 1190 1331 1228 intimam
1363 1199 1512 1241 partem

188 1255 340 1294 venisse
371 1255 537 1305 piratas,
570 1269 651 1293 non
681 1254 786 1293 enim
816 1262 930 1305 portu
960 1253 1057 1292 illud
1085 1255 1277 1305 oppidum
1305 1256 1510 1303 clauditur,

188 1321 258 1359 sed
293 1321 388 1359 urbe
421 1327 555 1370 portus
586 1319 669 1369 ipse
708 1319 874 1370 cingitur
907 1327 945 1358 et
977 1319 1211 1367 continetur,
1249 1328 1291 1358 ut
1329 1334 1409 1359 non
1448 1323 1513 1360 ad-

188 1387 343 1424 luantur
360 1385 454 1423 mari
476 1385 631 1423 moenia
652 1392 833 1432 extrema,
850 1386 919 1423 sed
940 1384 1023 1435 ipse
1045 1384 1181 1423 influat
1203 1385 1241 1423 in
1259 1386 1364 1424 urbis
1381 1386 1510 1425 sinum

187 1458 331 1500 portus.
397 1450 476 1488 Hic
515 1458 553 1488 te
592 1457 767 1499 praetore
808 1451 1005 1488 Heracleo
1043 1450 1166 1499 pirata
1200 1463 1291 1488 cum
1327 1459 1511 1500 quattuor
1531 1463 1572 1497 97

187 1514 492 1565 myoparonibus
534 1514 659 1564 parvis
692 1515 742 1552 ad
779 1513 981 1552 arbitrium
1018 1528 1132 1552 suum
1169 1515 1373 1565 navigavit.
1435 1518 1511 1555 Pro

186 1580 226 1619 di
272 1580 532 1617 immortales!
581 1578 764 1629 piraticus
810 1592 1009 1628 myoparo,
1050 1592 1140 1616 cum
1191 1579 1327 1629 imperi
1377 1581 1511 1630 populi

189 1644 360 1682 Romani
381 1657 526 1682 nomen
553 1657 598 1682 ac
626 1645 749 1681 fasces
777 1651 907 1681 essent
935 1644 1147 1692 Syracusis,
1168 1658 1292 1694 usque
1313 1646 1362 1683 ad
1384 1647 1511 1684 forum

155 1728 165 1734 -
189 1712 518 1758 Syracusanorum
547 1716 584 1746 et
610 1710 660 1746 ad
690 1708 818 1746 omnis
849 1707 1069 1758 crepidines
1099 1709 1205 1746 urbis
1234 1709 1408 1756 accessit,
1432 1724 1512 1760 quo

188 1788 316 1824 neque
351 1772 730 1822 Carthaginiensium
764 1773 1065 1823 gloriosissimae
1100 1776 1253 1821 classes,
1290 1788 1379 1813 curn
1416 1776 1511 1814 mari

186 1838 396 1889 plurimum
429 1845 617 1887 poterant,
658 1838 788 1876 multis
823 1838 934 1877 bellis
971 1852 1088 1888 saepe
1122 1847 1287 1877 conatae
1321 1854 1510 1890 umquam

184 1904 353 1954 aspirare
385 1910 606 1953 potuerunt,
640 1917 769 1953 neque
802 1904 937 1954 populi
975 1905 1148 1942 Romani
1180 1905 1323 1943 invicta
1351 1913 1443 1944 ante
1472 1913 1510 1945 te

232 2019 245 2037 1
273 2008 373 2038 etiam
392 2007 452 2038 hac
475 2007 563 2047 szs:
588 2007 649 2038 hac
667 2008 765 2038 etiam
785 2007 905 2039 RSD:
933 2008 1090 2049 [etiam]?
1237 2019 1255 2039 2
1280 2014 1432 2048 stuperet
1450 2010 1513 2042 RS

185 2051 250 2082 rell.
267 2062 273 2081 ε
298 2051 404 2090 stupri
424 2050 545 2089 plenus
562 2055 714 2090 stuperet
736 2050 767 2080 V
781 2052 815 2091 (l.
834 2062 870 2090 14
888 2053 1004 2092 supra)
1098 2062 1116 2091 5
1146 2051 1302 2083 Pelorum
1321 2053 1409 2084 codd.
1492 2064 1509 2092 7

187 2094 373 2133 Syracusas
391 2093 507 2124 RSW:
530 2095 572 2124 ad
592 2094 667 2133 Syr.
693 2094 759 2134 szs
828 2095 883 2135 qui
901 2106 967 2126 om.
990 2107 1011 2124 π
1126 2106 1164 2126 10
1187 2097 1228 2126 ad
1247 2108 1312 2126 om.
1340 2096 1371 2126 V
1472 2108 1509 2136 13

185 2148 372 2168 commosse
390 2136 494 2177 RSp:
519 2137 741 2168 commovisse
763 2137 808 2167 V&
974 2149 1012 2177 19
1038 2139 1217 2169 adluantur
1238 2139 1306 2179 Vp:
1332 2140 1510 2171 abluantur

186 2180 279 2211 RSW
411 2191 453 2210 22
478 2181 589 2220 parvis
607 2190 720 2220 myop.
744 2180 776 2210 V
940 2191 980 2219 23
1008 2192 1170 2220 myoparo
1196 2183 1283 2222 Vpa:
1308 2193 1504 2224 myoparon,

186 2234 371 2263 muoparon
398 2223 489 2254 RSW
647 2224 777 2263 imperii
807 2223 913 2264 RSp:
947 2225 1026 2264 imp.
1062 2225 1092 2254 V
1130 2225 1370 2265 (imperatoris,
1398 2227 1504 2268 Klotz,

185 2267 314 2306 Nolzl):
354 2268 530 2306 imperium
563 2269 579 2296 δ
710 2277 751 2306 25
777 2267 1067 2307 Syracusanorum
1102 2268 1194 2298 RSW
1227 2270 1281 2308 (ἐξ
1316 2271 1367 2309 84,
1407 2272 1506 2312 140):

186 2310 434 2350 Syracusanum
457 2311 504 2341 V:
530 2321 595 2341 om.
611 2312 654 2350 p6
763 2311 804 2340 28
829 2316 1006 2350 potuerant
1023 2324 1042 2341 π
