1715 2734
0 474 3 516 l

70 473 87 504 5

48 794 86 817 10

45 1117 80 1150 ¹5

34 1771 71 1803 ²5

142 87 411 126 ACTIONIS
443 86 504 125 IN
535 88 578 126 C.
602 88 843 126 VERREM
874 88 1173 127 SECVNDAE
1204 89 1307 126 LIB.
1332 89 1349 125 I
1393 98 1444 134 23

115 203 314 243 steterunt,
339 196 460 235 habes
482 210 561 246 quo
582 198 704 235 modo
731 196 881 243 emeris,
905 198 1013 243 haec,
1037 196 1211 246 inquam,
1234 198 1314 235 duo
1343 211 1444 247 quae

113 261 153 299 in
183 261 346 300 aedibus
378 261 454 300 tuis
486 263 568 301 sola
599 262 676 299 iam
709 269 810 309 sunt,
845 275 945 312 quae
980 270 1171 300 sectorem
1202 269 1439 312 exspectant,

112 326 245 365 relicta
264 340 310 364 ac
331 327 518 365 destituta
537 341 560 365 a
580 327 717 365 ceteris
739 327 868 376 signis.

165 393 227 438 At,
251 393 380 438 credo,
404 392 443 429 in
465 392 572 430 hisce
593 392 685 430 solis
702 393 817 431 rebus
839 392 1050 430 indomitas
1067 391 1302 441 cupiditates
1322 399 1440 441 atque

109 457 314 495 effrenatas
335 457 530 496 habebat:
562 465 713 495 ceterae
735 457 917 496 libidines
945 457 1027 496 eius
1049 457 1198 495 ratione
1219 456 1350 506 aliqua
1373 465 1440 495 aut

109 523 230 560 modo
255 522 568 560 continebantur.
631 524 762 571 Quam
794 522 925 560 multis
956 522 1073 560 istum
1104 522 1295 572 ingenuis,
1319 535 1438 571 quarn

109 587 240 625 multis
263 587 451 625 matribus
474 587 637 625 familias
660 588 699 625 in
721 588 785 625 illa
801 595 922 625 taetra
938 595 1055 637 atque
1076 587 1228 637 impura
1244 587 1438 636 legatione

107 651 184 689 vim
205 651 380 690 attulisse
402 652 659 690 existimatis?
709 654 848 702 Ecquo
878 652 917 689 in
951 652 1100 702 oppido
1132 653 1275 702 pedem
1307 652 1437 702 posuit

106 716 173 754 ubi
212 730 292 755 non
332 718 441 766 plura
481 725 704 767 stuprorum
753 717 1065 766 flagitiorumque
1112 730 1271 754 suorum
1317 730 1436 766 quam

105 782 296 820 adventus
319 782 377 820 sui
394 782 555 832 vestigia
576 781 804 831 reliquerit?
845 783 923 819 Sed
945 795 1017 831 ego
1039 781 1172 819 omnia
1189 795 1290 831 quae
1304 782 1435 832 negari

104 853 287 895 poterunt
309 846 614 897 praetermittam
632 861 640 893 ς
669 846 786 885 etiam
808 847 906 884 haec
927 860 1027 896 quae
1048 846 1263 884 certissima
1285 855 1375 886 sunt
1397 855 1434 887 et

104 911 315 950 clarissima
336 912 552 962 relinquam
570 927 579 959 3
608 925 730 949 unum
751 911 911 961 aliquod
933 913 982 950 de
1010 911 1164 950 nefariis
1192 911 1301 951 istius
1322 915 1434 953 factis

102 977 254 1025 eligam,
292 990 371 1026 quo
406 976 555 1015 facilius
594 978 645 1015 ad
676 976 847 1015 Siciliam
878 976 1025 1025 possim
1064 976 1292 1026 aliquando,
1331 993 1432 1029 quae

102 1040 198 1078 mihi
220 1042 295 1080 hoc
317 1041 445 1080 oneris
467 1041 678 1092 negotique
699 1041 896 1091 imposuit,
920 1041 1132 1091 pervenire.

155 1106 359 1156 Oppidum
394 1114 451 1145 est
490 1106 529 1144 in
569 1108 834 1156 Hellesponto
874 1108 1147 1156 Lampsacum,
1189 1107 1348 1156 iudices,
1390 1109 1429 1148 in

98 1170 232 1220 primis
258 1171 375 1210 Asiae
402 1171 626 1222 provinciae
652 1173 799 1210 clarum
827 1178 865 1209 et
890 1171 1047 1218 nobile,
1088 1172 1268 1211 homines
1297 1182 1427 1213 autem

98 1235 171 1285 ipsi
214 1237 473 1286 Lampsaceni
513 1250 602 1275 cum
649 1249 802 1274 summe
841 1236 881 1274 in
920 1236 1049 1273 omnis
1088 1236 1182 1274 civis
1223 1239 1428 1278 Romanos

97 1301 271 1348 officiosi,
287 1309 369 1340 tum
392 1309 590 1353 praeterea
612 1301 779 1340 maxime
793 1301 917 1339 sedati
939 1309 976 1339 et
993 1301 1124 1351 quieti,
1142 1315 1263 1352 prope
1277 1312 1428 1352 praeter

96 1373 246 1404 ceteros
280 1368 331 1405 ad
370 1380 568 1404 summum
604 1368 844 1405 Graecorum
884 1366 1007 1403 otium
1048 1366 1177 1416 potius
1218 1381 1336 1416 quam
1374 1371 1425 1408 ad

38 1443 77 1466 20
96 1431 215 1469 ullam
237 1432 314 1470 vim
344 1440 410 1470 aut
431 1433 642 1470 tumultum
672 1431 979 1470 adcommodati.
1040 1431 1207 1478 Accidit,
1232 1445 1322 1470 cum
1352 1434 1423 1473 iste

94 1509 116 1533 a
146 1497 218 1535 Cn.
253 1498 460 1536 Dolabella
490 1497 736 1546 efflagitasset
767 1504 808 1534 ut
838 1510 878 1534 se
912 1498 963 1535 ad
996 1510 1125 1546 regem
1159 1497 1421 1537 Nicomedem

94 1575 303 1612 regemque
333 1564 515 1601 Sadalam
538 1563 716 1607 mitteret,
741 1575 912 1612 cumque
939 1562 1010 1600 iter
1034 1564 1110 1600 hoc
1132 1562 1205 1600 sibi
1227 1564 1349 1614 magis
1370 1567 1421 1604 ad

92 1635 297 1676 quaestum
313 1641 427 1666 suum
441 1642 559 1678 quam
573 1629 624 1666 ad
639 1627 691 1666 rei
705 1628 886 1678 publicae
901 1635 1054 1677 tempus
1068 1629 1419 1667 adcommodatum

92 1692 458 1742 depoposcisset5ut
479 1693 545 1730 illo
566 1692 702 1731 itinere
716 1692 864 1730 veniret
883 1694 1145 1742 Lampsacum
1167 1706 1256 1730 cum
1279 1707 1420 1744 magna

91 1757 312 1796 calamitate
341 1766 379 1796 et
408 1772 530 1808 prope
561 1758 732 1809 pernicie
763 1757 939 1796 civitatis.
1015 1758 1234 1796 Deducitur
1264 1758 1336 1796 iste
1366 1761 1417 1798 ad

93 1822 304 1861 Ianitorem
337 1825 537 1873 quendam
564 1823 772 1873 hospitem,
801 1822 1044 1872 comitesque
1075 1822 1157 1860 eius
1187 1822 1279 1861 item
1309 1827 1416 1874 apud

89 1895 238 1926 ceteros
258 1888 434 1938 hospites
460 1890 726 1926 conlocantur.
786 1889 840 1925 Vt
868 1901 952 1925 mos
983 1895 1063 1925 erat
1084 1887 1204 1934 istius,
1226 1895 1344 1938 atque
1374 1898 1415 1928 ut

89 1965 178 1990 eum
213 1966 305 1990 suae
344 1952 528 1991 libidines
559 1952 773 2002 flagitiosae
803 1953 930 1990 facere
968 1952 1249 1999 admonebant,
1282 1953 1413 1992 statim

88 2017 288 2067 negotium
310 2019 377 2056 dat
397 2017 471 2055 illis
493 2017 571 2056 suis
589 2017 810 2063 comitibus,
829 2016 1079 2066 nequissimis
1101 2017 1413 2068 turpissimisque

134 2132 146 2151 1
173 2121 277 2152 habes
293 2121 405 2151 dicere
427 2121 561 2159 Lamb.,
583 2121 682 2160 Kays.
802 2121 821 2150 8
846 2131 952 2159 ecquo
968 2120 1024 2150 D:
1049 2121 1180 2159 hecquo
1193 2126 1217 2161 p
1235 2133 1240 2150 :
1265 2126 1298 2151 et
1315 2132 1380 2161 quo
1396 2124 1412 2152 δ

86 2175 106 2204 9
130 2175 226 2204 quam
252 2175 316 2195 om.
342 2165 376 2195 D
399 2165 442 2195 αῖ.
464 2171 509 2205 p:
533 2170 638 2204 stupr.
669 2165 745 2202 flag.
769 2174 857 2194 suor.
882 2175 981 2203 quarn
1002 2163 1061 2194 del.
1085 2164 1187 2204 Kays.
1285 2175 1322 2194 10
1347 2176 1410 2204 ego

88 2208 272 2248 relinquam
302 2219 341 2248 qr
516 2210 554 2238 16
577 2214 687 2238 autern
713 2207 834 2238 owr:
861 2219 926 2239 om.
946 2213 992 2247 pq
1150 2218 1184 2246 17
1210 2208 1274 2248 ipsi
1292 2220 1356 2240 om.
1376 2209 1413 2239 K

89 2251 309 2291 Lampsaceni
326 2252 392 2282 secl.
409 2252 507 2290 Bake,
525 2251 627 2290 Kays.
703 2261 741 2289 19
765 2250 1014 2282 GraecorumD
1032 2251 1094 2282 rell.
1116 2251 1202 2282 Non.
1221 2263 1227 2281 ε
1254 2253 1386 2292 om.pq¹
1403 2264 1410 2283 ε

86 2295 152 2326 secl.
169 2295 270 2334 Kays.
363 2306 403 2333 24
428 2297 459 2325 in
477 2296 534 2325 illo
546 2295 604 2335 Lg.
620 2305 660 2332 42
677 2294 771 2334 Kays
782 2295 819 2334 (i,
839 2298 853 2332 ξ
877 2298 929 2333 15¹¹
1035 2297 1076 2325 28
1101 2295 1263 2333 flagitiose
1276 2295 1331 2336 Dp
1344 2296 1406 2326 rell.

86 2339 310 2369 admonebant
337 2338 466 2379 prr:
501 2338 761 2369 commonebant
785 2338 841 2368 K:
877 2337 1059 2368 monebant
1085 2348 1105 2377 q

1463 93 1502 124 61

1459 375 1511 412 24

1459 426 1497 456 62

1449 1117 1490 1156 63
