1715 2734
164 107 218 145 44
239 103 280 143 98
600 97 657 134 M.
688 97 859 135 TVLLI
889 96 1195 135 CICERONIS

235 206 342 255 riem,
367 209 437 247 sed
457 209 508 247 ad
530 215 713 246 ornatum
738 209 920 246 fanorum
947 215 1067 258 atque
1086 208 1324 259 oppidorum
1345 223 1431 249 esse
1451 212 1563 258 sacta,

233 276 300 314 †ut
321 273 486 324 posteris
508 273 650 312 nostris
672 281 932 312 monumenta
951 273 1131 323 religiosa
1150 287 1235 312 esse
1256 274 1497 315 videantur†.

159 315 214 354 45
287 339 434 378 Audite
455 339 572 378 etiam
601 339 837 389 singularem
858 338 956 386 eius,
976 337 1136 385 iudices,
1157 338 1429 388 cupiditatem,
1447 340 1566 378 auda-

170 377 212 410 99
231 403 343 451 ciam,
367 404 592 452 amentiam,
610 403 648 441 in
670 403 715 442 iis
735 403 963 453 praesertim
984 403 1101 441 sacris
1122 403 1346 453 polluendis
1363 418 1463 454 quae
1483 418 1564 443 non

231 470 353 508 modo
374 469 556 507 manibus
576 468 726 519 attingi,
750 469 820 507 sed
841 482 891 508 ne
911 468 1149 519 cogitatione
1169 469 1331 519 quidem
1352 470 1486 508 violari
1508 472 1564 509 fas
1586 485 1603 516 5

232 533 313 572 fuit.
374 533 593 572 Sacrarium
626 532 779 573 Cereris
810 541 868 571 est
903 534 1011 583 apud
1046 532 1270 572 Catinensis
1303 535 1443 572 eadem
1481 534 1564 572 reli-

229 598 346 649 gione
375 612 452 648 qua
484 600 648 645 Romae,
681 611 760 648 qua
788 597 826 635 in
855 597 993 636 ceteris
1018 597 1125 645 locis,
1149 611 1226 648 qua
1256 611 1378 648 prope
1408 598 1447 636 in
1478 606 1562 637 toto

228 665 323 703 orbe
353 672 551 702 terrarum.
613 665 661 702 In
692 677 740 702 eo
770 662 936 701 sacrario
958 662 1098 701 intimo
1125 662 1278 713 signum
1309 663 1379 701 fuit
1411 663 1562 702 Cereris

226 729 515 780 perantiquum,
539 730 648 780 quod
670 729 738 767 viri
769 742 849 767 non
875 729 996 767 modo
1024 728 1134 766 cuius
1155 728 1263 766 modi
1285 736 1386 767 esset
1416 730 1486 767 sed
1513 743 1563 767 ne

227 808 311 833 esse
332 794 495 845 quidem
517 794 719 841 sciebant3
749 794 879 832 aditus
900 793 1006 832 enim
1032 793 1071 831 in
1100 793 1139 832 id
1167 793 1375 831 sacrarium
1402 807 1482 831 non
1503 802 1561 832 est
1586 809 1620 830 10

227 859 340 907 viris3
370 873 478 898 sacra
507 873 576 910 per
606 859 788 897 mulieres
817 872 863 897 ac
894 858 1061 909 virgines
1096 859 1239 897 confici
1269 861 1406 899 solent.
1469 861 1561 898 Hoc

226 924 381 975 signum
411 932 533 963 noctu
563 926 664 963 clam
692 924 802 963 istius
830 923 929 962 servi
957 938 1003 962 ex
1030 923 1097 962 illo
1121 923 1413 974 religiosissimo
1441 932 1560 975 atque

224 991 499 1042 antiquissimo
521 992 611 1029 loco
631 991 882 1028 sustulerunt.
941 988 1136 1036 Postridie
1163 991 1386 1027 sacerdotes
1407 989 1560 1029 Cereris

224 1064 343 1107 atque
363 1056 464 1095 illius
486 1055 566 1094 fani
587 1055 800 1103 antistitae,
816 1055 983 1093 maiores
1005 1062 1109 1101 natu,
1130 1055 1318 1104 probatae
1338 1069 1383 1093 ac
1405 1055 1558 1094 nobiles

224 1121 416 1168 mulieres,
458 1136 540 1161 rem
579 1122 630 1159 ad
670 1120 917 1171 magistratus
957 1133 1049 1158 suos
1089 1121 1280 1158 deferunt.
1360 1120 1557 1159 Omnibus
1581 1135 1614 1167 15

143 1200 203 1223 100
222 1188 421 1236 acerbum,
456 1187 675 1238 indignum,
711 1188 937 1224 luctuosum
972 1185 1146 1235 denique
1177 1185 1392 1224 videbatur.
1452 1187 1557 1224 Tum

224 1251 298 1291 iste
324 1260 525 1302 permotus
556 1251 620 1290 illa
648 1251 852 1290 atrocitate
882 1250 1026 1301 negoti,
1048 1258 1089 1289 ut
1119 1250 1170 1288 ab
1199 1263 1240 1288 se
1271 1250 1426 1289 sceleris
1456 1250 1557 1290 illius

223 1317 394 1367 suspicio
424 1318 710 1364 demoveretur,
733 1318 800 1355 dat
829 1315 974 1366 hospiti
1002 1329 1074 1354 suo
1099 1316 1256 1354 cuidam
1287 1316 1490 1366 negotium
1515 1325 1555 1355 ut

219 1382 392 1432 aliquem
422 1382 605 1433 reperiret
635 1395 754 1432 quem
785 1381 881 1420 illud
912 1381 1050 1420 fecisse
1080 1381 1333 1429 insimularet,
1366 1383 1556 1433 daretque

220 1460 379 1496 operam
419 1454 463 1485 ut
499 1447 530 1484 is
569 1460 617 1485 eo
656 1442 820 1484 crimine
858 1447 1120 1493 damnaretur,
1158 1460 1208 1484 ne
1247 1446 1330 1496 ipse
1374 1454 1475 1485 esset
1514 1447 1552 1485 in
1575 1462 1613 1483 20

218 1511 392 1550 crimine.
453 1512 533 1549 Res
560 1524 641 1549 non
672 1510 986 1561 procrastinatur.
1048 1512 1152 1548 Nam
1185 1525 1275 1549 cum
1308 1511 1380 1550 iste
1413 1512 1553 1551 Catina

218 1578 416 1626 profectus
445 1584 558 1623 esset,
591 1576 690 1615 servi
720 1576 926 1615 cuiusdam
957 1590 1105 1615 nomen
1136 1577 1333 1624 defertur;
1376 1576 1407 1615 is
1441 1591 1551 1616 accu-

218 1649 332 1689 satur,
370 1642 449 1680 ficti
481 1650 599 1681 testes
632 1641 671 1680 in
706 1655 797 1680 eum
833 1642 986 1680 dantur.
1061 1643 1163 1679 Rem
1195 1650 1362 1680 cunctus
1394 1651 1550 1681 senatus

218 1706 491 1745 Catinensium
524 1706 675 1757 legibus
711 1706 922 1745 iudicabat.
984 1707 1217 1745 Sacerdotes
1247 1715 1461 1756 vocantur;
1504 1722 1551 1746 ex

216 1770 261 1809 iis
281 1771 480 1821 quaeritur
509 1779 660 1810 secreto
681 1771 720 1809 in
742 1771 848 1809 curia
869 1771 965 1822 quid
986 1784 1071 1810 esse
1093 1772 1238 1810 factum
1259 1771 1547 1819 arbitrarentur,
1570 1787 1607 1819 ²5

215 1848 333 1885 quem
363 1838 414 1875 ad
444 1838 608 1875 modum
631 1836 786 1886 signum
807 1844 909 1875 esset
930 1836 1117 1874 ablatum.
1179 1838 1441 1887 Respondent
1461 1837 1549 1876 illae

214 1901 402 1950 praetoris
424 1902 462 1940 in
484 1916 532 1941 eo
552 1904 642 1940 loco
663 1916 795 1940 servos
821 1916 906 1941 esse
928 1901 1041 1940 visos.
1103 1903 1195 1949 Res,
1219 1915 1321 1952 quae
1348 1910 1450 1941 esset
1470 1902 1546 1941 iam

213 1974 329 2004 antea
358 1980 438 2004 non
469 1967 646 2013 obscura,
680 1968 930 2006 sacerdotum
962 1966 1189 2005 testimonio
1222 1969 1427 2018 perspicua
1461 1981 1546 2007 esse

213 2030 353 2080 coepit.
416 2033 499 2070 Itur
529 2031 567 2069 in
598 2031 836 2079 consilium3
875 2045 1007 2071 servus
1038 2031 1102 2070 ille
1134 2031 1325 2071 innocens
1360 2033 1544 2072 omnibus

212 2095 415 2134 sententiis
471 2095 836 2146 absolvitur,-—quo
884 2096 1033 2134 facilius
1080 2109 1150 2135 vos
1198 2098 1304 2135 hunc
1360 2098 1544 2137 omnibus
1565 2116 1602 2147 30

255 2209 274 2228 2
300 2204 333 2228 ut
353 2201 496 2238 posteris
516 2224 522 2230 .
544 2224 551 2230 .
573 2224 580 2231 .
600 2199 779 2230 videantur
796 2200 854 2230 del.
871 2200 984 2231 Eherla.
1005 2200 1090 2231 edd:
1107 2201 1301 2241 ficripolest
1318 2206 1354 2231 ut
1363 2207 1441 2242 post
1458 2203 1542 2234 sacta

211 2252 276 2271 mm
293 2243 386 2272 nulla
398 2245 491 2274 verba
505 2244 685 2277 ercidersnl,
699 2255 723 2274 ι’.
733 2255 768 2283 g.
783 2244 943 2282 vosface'le
957 2249 993 2274 ul
1023 2255 1047 2274 S.
1060 2255 1115 2274 vos
1127 2256 1229 2274 severe
1243 2246 1438 2276 vindecando
1444 2247 1544 2285 factte

212 2289 263 2319 ut)
281 2310 288 2316 .
310 2309 316 2315 .
337 2310 343 2316 .
362 2287 538 2318 videantur
553 2287 721 2327 (Madw‘g‘f
848 2299 867 2325 4
893 2288 932 2317 iis
951 2287 1069 2318 Lamb.
1088 2288 1158 2318 edd.
1179 2299 1184 2317 :
1211 2289 1262 2318 his
1278 2289 1365 2319 codd.
1505 2301 1539 2328 14

210 2330 382 2359 antistitae
405 2335 429 2369 p
458 2329 598 2360 Gellius:
633 2331 783 2361 antistite
809 2330 934 2361 DHZ:
971 2330 1164 2360 antististite
1192 2332 1241 2362 S:
1278 2333 1457 2363 antistatae
1488 2333 1540 2362 R:

209 2373 377 2403 antistites
390 2375 405 2402 δ
499 2384 533 2411 17
560 2375 635 2415 iste]
654 2373 708 2403 ille
725 2385 745 2402 π
834 2379 1005 2412 permotus
1019 2398 1026 2404 .
1050 2398 1056 2404 .
1077 2397 1084 2405 .
1103 2375 1215 2413 negoti
1235 2375 1292 2405 del.
1310 2376 1440 2408 Ehem„
1454 2375 1543 2405 Nohl
