1715 2734
177 78 228 119 37
247 87 289 118 97
618 74 675 110 Μ.
706 73 875 110 TVLLI
907 73 1215 112 CICERONIS

245 191 464 234 praetorem
485 184 608 235 gloria
627 184 692 223 illa
713 183 859 223 navalis
887 197 1075 234 umquam
1104 190 1162 222 tot
1190 184 1349 223 Punicis
1369 185 1576 225 Siciliensi-

245 249 399 299 busque
426 249 538 288 bellis
567 258 770 300 penetrare
798 249 950 299 potuit;
981 249 1048 299 qui
1076 251 1187 288 locus
1214 249 1297 288 eius
1324 250 1434 289 modi
1455 258 1513 289 est
1532 258 1575 290 ut

242 322 334 352 ante
365 314 596 364 Syracusani
627 314 666 352 in
699 314 907 352 moenibus
938 313 1027 361 suis,
1051 314 1090 352 in
1119 315 1226 362 urbe,
1250 314 1289 352 in
1314 316 1399 353 foro
1419 316 1574 354 hostem

241 386 435 417 armatum
457 394 502 418 ac
525 379 710 417 victorem
734 393 852 429 quam
882 379 919 417 in
948 387 1063 429 portu
1091 381 1209 418 ullam
1238 380 1412 418 hostium
1433 394 1574 419 navem

178 454 220 494 98
241 444 420 482 viderint.
483 444 573 491 Hic,
612 452 649 483 te
685 452 872 494 praetore,
915 446 1160 494 praedonum
1201 445 1404 484 naviculae
1444 460 1610 496 perva-5

240 517 354 559 gatae
385 517 475 548 sunt
507 523 586 559 quo
617 509 921 547 Atheniensium
955 509 1088 547 classis
1124 511 1206 548 sola
1241 518 1330 560 post
1365 510 1572 549 hominum

241 574 472 613 memoriam
513 574 696 612 trecentis
737 574 902 612 navibus
941 573 977 611 vi
1023 588 1068 612 ac
1118 574 1370 613 multitudine
1408 575 1573 624 invasit3

240 652 341 689 quae
372 639 410 677 in
445 653 493 677 eo
528 639 614 689 ipso
649 647 763 689 portu
796 639 871 677 loci
907 638 1028 688 ipsius
1058 646 1273 689 portusque
1304 647 1441 677 natura
1470 640 1572 679 victa

238 711 357 754 atque
378 711 559 753 superata
580 711 648 741 est.
711 703 790 741 Hic
821 703 991 753 primum
1020 717 1114 753 opes
1142 703 1244 741 illius
1273 703 1439 742 civitatis
1465 718 1571 742 com-

240 768 413 806 minutae
447 770 737 818 depressaeque
771 776 886 806 sunt:
928 768 967 806 in
1003 769 1078 816 hoc
1113 775 1227 818 portu
1264 768 1568 807 Atheniensium
1593 782 1630 804 ιο

239 833 468 881 nobilitatis,
497 833 649 883 imperi,
677 833 822 883 gloriae
858 833 1100 883 naufragium
1137 834 1283 870 facturn
1315 833 1566 872 existimatur.

167 902 217 948 38
241 901 352 938 Eone
377 898 500 949 pirata
528 898 745 948 penetravit
767 912 847 948 quo
875 898 990 936 simul
1018 906 1137 948 atquc
1164 898 1310 936 adisset
1338 912 1419 936 non
1447 901 1569 938 modo

236 979 259 1002 a
294 966 412 1003 latere
447 965 518 1002 sed
552 965 669 1002 etiam
705 978 727 1002 a
760 971 868 1013 tergo
905 977 1087 1013 magnam
1128 971 1276 1014 partem
1318 964 1424 1002 urbis
1458 964 1569 1003 relin-

237 1031 402 1080 queret?
461 1031 637 1067 Insulam
669 1036 791 1067 totam
826 1037 1114 1079 praetervectus
1145 1037 1216 1077 est,
1246 1043 1348 1079 quae
1382 1036 1441 1068 est
1475 1030 1566 1068 urbs

236 1094 436 1145 Syracusis
466 1108 539 1132 suo
569 1093 730 1132 nomine
760 1108 806 1132 ac
837 1094 1062 1141 moenibus,
1088 1107 1168 1144 quo
1198 1093 1237 1132 in
1268 1095 1358 1133 loco
1386 1093 1569 1142 maiores,
1592 1108 1627 1139 ¹5

235 1167 277 1198 ut
314 1167 406 1198 ante
440 1159 531 1207 dixi,
565 1161 852 1209 Syracusanum
888 1158 1065 1198 habitare
1099 1165 1320 1207 vetuerunt,
1348 1159 1470 1209 quod,
1499 1158 1566 1209 qui

235 1225 340 1262 illam
371 1232 520 1274 partem
551 1224 657 1262 urbis
688 1231 876 1272 tenerent,
904 1224 943 1261 in
975 1237 1111 1262 eorum
1142 1231 1378 1275 potestatem
1408 1230 1565 1274 portum

174 1304 215 1336 99
235 1291 407 1327 futurum
448 1289 739 1339 intellegebant.
801 1291 854 1327 At
889 1302 1007 1339 quem
1047 1290 1098 1327 ad
1138 1289 1304 1327 modum
1342 1296 1402 1327 est
1434 1301 1567 1338 perva-

232 1357 369 1404 gatus!
438 1355 608 1393 Radices
658 1356 875 1404 palmarum
925 1353 1150 1405 agrestium,
1189 1367 1286 1404 quas
1334 1353 1374 1392 in
1423 1355 1564 1392 nostris

232 1420 397 1458 navibus
419 1420 658 1466 invenerant,
684 1420 892 1465 iactabant,
917 1428 958 1457 ut
979 1433 1117 1458 omnes
1139 1419 1249 1457 istius
1270 1419 1562 1470 improbitatem
1584 1433 1624 1455 20

231 1493 269 1524 et
313 1485 576 1524 calamitatem
627 1485 782 1523 Siciliae
833 1495 994 1535 possent
1037 1498 1285 1535 cognoscere.
1358 1484 1564 1523 Siculosne

231 1551 387 1599 milites,
417 1559 665 1589 aratorumne
696 1550 854 1597 liberos,
885 1564 1052 1600 quorum
1084 1558 1211 1601 patres
1242 1557 1394 1588 tantum
1429 1550 1563 1588 labore

229 1631 301 1655 suo
329 1617 511 1655 frumenti
541 1617 751 1655 exarabant
781 1624 821 1654 ut
853 1618 1002 1666 populo
1035 1618 1217 1653 Romano
1245 1615 1396 1665 totique
1426 1615 1562 1653 Italiae

229 1683 480 1733 suppeditare
520 1690 691 1732 possent,
735 1696 854 1720 eosne
894 1682 932 1719 in
973 1682 1100 1719 insula
1140 1681 1292 1719 Cereris
1333 1689 1456 1727 natos,
1494 1680 1561 1719 ubi

229 1747 398 1798 primum
435 1749 562 1797 fruges
596 1747 776 1785 inventae
811 1761 896 1785 esse
925 1747 1121 1793 dicuntur,
1153 1761 1201 1785 eo
1231 1746 1322 1784 cibo
1352 1760 1436 1784 esse
1469 1759 1560 1784 usos
1583 1759 1620 1790 ²5

227 1827 250 1851 a
289 1827 370 1863 quo
412 1813 576 1851 maiores
616 1826 751 1851 eorum
793 1820 943 1851 ceteros
979 1826 1138 1862 quoque
1178 1812 1352 1862 frugibus
1392 1811 1560 1850 inventis

228 1882 501 1917 removerunt!
560 1880 619 1916 Te
652 1886 829 1928 praetore
865 1877 983 1916 Siculi
1017 1877 1159 1916 milites
1190 1879 1407 1928 palmarum
1439 1877 1562 1927 stirpi-

148 1965 208 1986 100
228 1943 312 1989 bus,
350 1943 497 1993 piratae
533 1943 664 1981 Siculo
700 1944 897 1981 frumento
931 1943 1162 1981 alebantur!
1221 1943 1258 1981 O
1291 1943 1559 1992 spectaculum

228 2008 412 2047 miserum
462 2016 580 2058 atque
628 2009 839 2046 acerbum!
889 2007 1060 2046 ludibrio
1104 2022 1189 2046 esse
1233 2007 1340 2046 urbis
1383 2006 1560 2058 gloriam,

226 2074 363 2124 populi
387 2073 558 2112 Romani
583 2087 740 2119 nomen,
760 2074 929 2110 munium
951 2072 1158 2111 hominum
1178 2080 1419 2111 conventum
1440 2080 1558 2121 atque
1580 2083 1620 2112 30

270 2186 288 2215 5
311 2177 466 2206 viderent
490 2176 534 2205 11⁷5
626 2186 642 2214 7
668 2175 831 2206 trecentis
850 2175 990 2205 navibus
1009 2174 1066 2206 del.
1087 2174 1244 2206 Zielinski
1329 2176 1349 2205 8
1374 2179 1558 2214 portusque

228 2219 330 2259 RSp:
370 2231 435 2250 om.
474 2220 523 2249 V:
563 2219 632 2249 sr’cl.
667 2219 787 2257 Halm,
823 2219 936 2249 Muell.
1092 2229 1129 2258 17
1155 2223 1356 2259 potestatem
1395 2218 1456 2248 VR
1486 2218 1529 2248 al.
1552 2228 1559 2248 :

225 2268 392 2302 potestate
407 2265 550 2303 p6,f0rl.
572 2267 647 2293 recte
810 2274 851 2293 20
876 2264 1051 2293 invenerat
1071 2263 1213 2293 iaciebat
1235 2263 1300 2302 Vp&
1457 2272 1496 2292 21
1522 2267 1555 2292 et

224 2318 289 2336 om.
310 2319 330 2335 π
445 2317 486 2344 30
510 2307 657 2337 omnium
675 2306 798 2339 addidi.
821 2311 867 2336 tot
886 2306 1051 2339 Zielinski.
1072 2311 1199 2336 tantum
1221 2305 1342 2345 MuclL,
1363 2310 1553 2337 nostrorum

225 2348 268 2380 K.
286 2350 431 2381 Busche:
460 2350 633 2380 hominum
656 2350 972 2381 honestissimorum
990 2350 1105 2381 Eberlz.
1128 2352 1160 2389 (ξ
1183 2354 1256 2388 107*
