1715 2734
231 110 259 147 6
286 114 324 145 16
653 109 707 146 M.
735 108 904 146 TVLLI
935 108 1243 148 CICERONIS

277 231 365 257 sum
389 218 612 270 inquirendi
638 232 756 257 causa
783 219 981 268 profectus
997 233 1007 266 3
1035 232 1116 268 quo
1135 218 1175 257 in
1196 219 1356 269 negotio
1377 219 1609 259 industriam

277 297 406 322 meam
433 283 609 322 celeritas
637 282 852 331 reditionis,
876 282 1120 333 diligentiam
1152 283 1366 323 multitudo
1395 283 1608 323 litterarum

274 356 312 386 et
347 348 504 388 testium
537 347 759 395 declaravit,
795 349 989 398 pudorem
1022 361 1114 386 vero
1145 361 1191 386 ac
1225 348 1454 399 religionem
1487 351 1609 399 quod,

273 427 363 452 cum
390 413 584 452 venissem
613 420 769 451 senator
793 413 845 451 ad
873 412 1002 451 socios
1029 412 1166 462 populi
1198 413 1385 461 Romani,
1406 412 1473 462 qui
1498 413 1538 450 in
1563 427 1610 451 ea

272 478 471 528 provincia
491 486 675 528 quaestor
697 477 869 523 fuissem,
893 478 943 516 ad
970 477 1145 527 hospites
1171 491 1279 516 meos
1300 491 1346 516 ac
1367 477 1608 516 necessarios
1627 491 1645 522 5

271 557 411 582 causae
439 542 662 582 communis
689 543 873 581 defensor
898 542 1046 581 deverti
1076 541 1206 593 potius
1227 556 1346 592 quarn
1374 544 1424 581 ad
1452 556 1520 581 eos
1541 542 1608 592 qui

269 622 292 645 a
322 622 385 647 me
413 608 600 647 auxilium
631 607 871 658 petivissent.
933 607 1095 646 Nemini
1124 621 1235 646 meus
1261 608 1456 646 adventus
1483 608 1608 647 labori

269 682 335 711 aut
370 673 543 724 sumptui
580 687 709 723 neque
745 673 903 723 publice
940 686 1070 723 neque
1106 672 1286 723 privatim
1322 672 1416 710 fuit:
1455 672 1534 710 vim
1567 672 1606 710 in

269 738 506 789 inquirendo
545 747 695 777 tantam
734 739 856 777 habui
892 746 1081 788 quantam
1121 737 1217 776 mihi
1256 739 1317 776 lex
1355 737 1487 786 dabat,
1524 751 1605 776 non

269 812 457 854 quantam
485 805 630 843 habere
656 812 834 855 poteram
866 803 1029 842 istorum
1060 803 1192 843 studio
1213 817 1313 854 quos
1343 802 1416 842 iste
1436 811 1602 842 vexarat.
1627 818 1666 840 10

212 877 247 910 Ι7
270 871 441 907 Romam
477 877 519 908 ut
553 883 599 908 ex
634 869 765 908 Sicilia
800 868 908 915 redii,
943 882 1034 907 curn
1069 868 1141 907 iste
1175 876 1294 918 atque
1329 867 1440 907 istius
1474 868 1602 916 amici,

267 934 447 973 homines
477 935 571 973 lauti
602 942 640 974 et
670 934 820 982 urbani,
849 947 1050 973 sermones
1082 934 1164 973 eius
1196 934 1305 972 modi
1334 934 1604 985 dissipassent,

265 1013 346 1049 quo
374 999 527 1038 animos
559 999 717 1038 testium
748 1000 1000 1046 retardarent,
1025 1013 1088 1038 me
1114 1012 1256 1050 magna
1279 998 1448 1048 pecunia
1471 1013 1493 1037 a
1514 1013 1604 1038 vera

263 1065 515 1103 accusatione
559 1078 644 1103 esse
684 1065 914 1111 deductum,
958 1064 1113 1104 tametsi
1161 1064 1400 1115 probabatur
1441 1064 1601 1112 nemini,

263 1131 372 1180 quod
407 1138 444 1169 et
479 1144 524 1168 ex
556 1129 688 1169 Sicilia
719 1137 838 1168 testes
873 1137 983 1169 erant
1017 1129 1043 1168 ii
1075 1129 1143 1180 qui
1179 1137 1428 1180 quaestorem
1465 1142 1528 1168 me
1563 1130 1602 1168 in
1626 1143 1662 1174 15

262 1194 463 1245 provincia
494 1202 770 1245 cognoverant,
799 1202 838 1233 et
868 1194 961 1233 hinc
994 1195 1176 1234 homines
1207 1194 1375 1233 maxime
1406 1194 1599 1242 inlustres,

261 1259 338 1309 qui,
364 1268 404 1298 ut
434 1259 507 1310 ipsi
538 1259 619 1298 noti
652 1267 753 1307 sunt,
777 1259 831 1298 sic
864 1268 1042 1299 nostrum
1074 1274 1198 1298 unum
1221 1274 1421 1310 quemque
1452 1259 1601 1310 optime

261 1332 418 1372 norunt,
440 1332 573 1362 tamen
605 1338 730 1374 usque
761 1338 809 1363 eo
840 1324 952 1362 timui
983 1339 1032 1364 ne
1057 1325 1144 1375 quis
1175 1326 1225 1364 de
1257 1338 1343 1363 mea
1374 1326 1452 1364 fide
1481 1332 1600 1375 atque

260 1389 479 1440 integritate
501 1388 698 1428 dubitaret
721 1390 851 1428 donec
872 1391 922 1427 ad
945 1389 1168 1428 reiciundos
1189 1389 1340 1428 iudices
1361 1389 1550 1428 venimus.

216 1463 239 1502 7
313 1454 495 1494 Sciebam
536 1454 574 1492 in
617 1454 828 1493 reiciundis
870 1454 1066 1493 iudicibus
1111 1469 1191 1493 non
1239 1457 1368 1493 nullos
1409 1455 1599 1493 memoria
1619 1472 1660 1494 20

259 1528 391 1559 nostra
436 1519 629 1570 pactionis
678 1519 944 1570 suspicionem
990 1533 1070 1558 non
1110 1520 1263 1566 vitasse,
1305 1533 1395 1558 cum
1436 1519 1474 1557 in
1515 1519 1598 1570 ipsa

203 1594 237 1624 18
257 1583 509 1624 accusatione
537 1597 673 1623 eorum
706 1583 897 1623 industria
928 1598 973 1622 ac
1004 1584 1206 1634 diligentia
1236 1584 1474 1634 probaretur.
1537 1586 1598 1622 Ita

258 1650 373 1689 reieci
394 1649 544 1688 iudices
566 1657 607 1687 ut
629 1650 705 1688 hoc
728 1656 893 1696 constet,
919 1657 1007 1699 post
1030 1651 1136 1688 hunc
1161 1657 1306 1688 statum
1335 1649 1387 1688 rei
1415 1649 1597 1699 publicae

258 1730 338 1766 quo
372 1729 478 1754 nunc
512 1715 658 1754 utimur
689 1714 804 1753 simili
846 1717 1056 1766 splendore
1091 1724 1129 1754 et
1163 1715 1352 1765 dignitate
1387 1714 1595 1753 consilium

258 1784 409 1820 nullum
450 1780 579 1820 fuisse.
643 1782 775 1830 Quam
821 1780 893 1820 iste
937 1782 1094 1820 laudem
1135 1794 1390 1820 communem
1431 1779 1504 1819 sibi
1543 1779 1596 1818 ait
1618 1795 1656 1827 25

257 1861 343 1886 esse
391 1860 573 1894 mecum;
621 1846 688 1896 qui
732 1860 822 1885 cum
869 1849 910 1884 P.
955 1847 1123 1886 Galbam
1168 1846 1340 1885 iudicem
1386 1845 1593 1892 reiecisset,

260 1915 315 1950 M.
348 1912 574 1951 Lucretium
606 1911 776 1958 retinuit,
806 1918 843 1950 et
873 1925 964 1949 cum
995 1911 1078 1950 eius
1108 1919 1296 1962 patronus
1328 1925 1374 1949 ex
1403 1924 1451 1949 eo
1479 1923 1595 1960 quae-

258 1986 355 2016 reret
392 1991 460 2016 cur
494 1990 586 2015 suos
621 1975 952 2023 familiarissimos,
990 1978 1075 2015 Sex.
1111 1978 1375 2022 Peducaeum,
1409 1976 1458 2023 Q.
1491 1976 1595 2014 Con-

259 2042 413 2088 sidium,
439 2043 488 2090 Q.
514 2041 673 2080 Iunium
704 2040 795 2079 reici
826 2055 963 2091 passus
994 2049 1109 2089 esset,
1130 2040 1332 2091 respondit
1364 2041 1494 2089 ‘quod
1525 2053 1592 2078 eos

301 2157 387 2185 9-10
412 2157 478 2176 non
497 2150 655 2185 quantam
675 2167 682 2175 .
703 2168 709 2175 .
731 2168 737 2175 .
757 2150 896 2175 vexarat
908 2144 944 2185 ρ’
960 2145 994 2175 in
1012 2155 1079 2185 mg.
1205 2155 1243 2174 10
1267 2144 1404 2174 istorum
1423 2142 1479 2182 Dp
1495 2142 1562 2173 rell.
1582 2154 1588 2172 :

258 2190 389 2221 illorum
414 2189 483 2220 edd.
505 2201 511 2220 z
538 2190 685 2228 ipsorum
712 2188 824 2218 Mucll.
920 2198 954 2219 11
982 2199 1056 2219 cum
1083 2188 1221 2219 comites
1245 2187 1339 2217 istius
1363 2192 1463 2226 atque
1491 2187 1588 2216 amici

257 2233 387 2264 Nonius
461 2244 498 2263 12
523 2233 595 2263 eius
611 2231 699 2262 modi
712 2230 796 2262 Dal.
810 2244 831 2260 π
849 2243 855 2262 :
880 2233 976 2262 huius
997 2232 1084 2263 modi
1096 2231 1114 2261 b
1128 2231 1190 2262 rell.
1205 2230 1299 2271 (Div.
1313 2233 1328 2268 ξ
1344 2231 1408 2269 38;
1430 2230 1464 2262 ii.
1481 2232 1519 2266 §§
1533 2231 1584 2268 56,

258 2279 315 2317 60)
434 2287 470 2316 13
488 2287 554 2316 quo
566 2275 667 2316 pbK:
692 2285 775 2314 quos
794 2275 928 2313 DG,Z:
954 2286 1015 2315 per
1032 2285 1116 2315 quos
1134 2274 1175 2312 G,
1308 2285 1350 2304 20
1374 2273 1590 2313 reiciendisp

259 2331 296 2350 21
325 2321 397 2360 ipsa
415 2319 447 2350 in
467 2331 486 2359 q
575 2329 616 2358 23
639 2324 761 2349 statum
777 2321 806 2359 ἶ).
822 2321 846 2350 ῑ“.
860 2319 898 2348 πὸ
998 2329 1037 2358 25
1063 2319 1126 2349 sibi
1143 2319 1188 2349 ait
1206 2328 1281 2348 esse
1298 2316 1407 2348 Dru:
1433 2317 1494 2347 subi
1513 2326 1588 2347 esse

259 2365 305 2394 ait
321 2364 375 2394 K:
403 2365 447 2394 ait
465 2363 527 2393 sibi
547 2373 621 2393 esse
640 2363 677 2392 ὁδ
