1715 2734
167 74 217 122 85
238 82 299 123 198
600 77 656 114 M.
688 77 857 114 TVLLI
889 75 1198 116 CICERONIS

156 517 210 554 86

146 854 207 885 ¹99

141 1835 204 1857 200

233 189 465 236 cogeretur?
523 189 709 236 Quonam
746 201 787 225 se
821 189 1016 225 verteret?
1045 202 1091 225 ex
1118 200 1198 237 quo
1226 188 1353 225 fructu
1380 200 1565 226 nummos

232 265 332 302 quos
367 252 438 291 tibi
470 254 580 292 daret
620 252 840 291 inveniret?
910 254 1176 291 Decumarum
1210 252 1372 291 nomine
1411 261 1565 291 tantum

232 324 313 355 erat
338 317 514 356 ablatum
542 325 735 368 quantum
761 319 942 356 voluntas
967 319 1106 356 tulerat
1127 318 1278 368 Aproni
1299 334 1305 356 :
1336 331 1407 367 pro
1435 318 1565 356 alteris

232 382 410 421 decumis
441 390 657 433 emptoque
689 384 886 421 frumento
917 390 984 421 aut
1015 383 1112 421 nihil
1146 384 1284 421 datum
1315 391 1382 421 aut
1411 391 1564 421 tantum

231 448 368 486 datum
389 455 582 497 quantum
604 447 742 498 reliqui
770 447 921 486 scribae
949 449 1134 495 fecerant,
1153 455 1220 486 aut
1244 449 1347 486 ultro
1371 448 1501 495 etiam,
1525 448 1565 487 id
1585 467 1601 497 ς.

232 515 341 563 quod
369 512 574 560 didicistis,
605 513 792 551 ablatum.
852 514 1054 561 Cogantur
1083 513 1201 551 etiam
1231 513 1383 551 nummi
1412 513 1463 551 ab
1486 526 1565 551 ara-

231 579 343 616 tore?
381 591 462 627 quo
502 578 633 623 modo,
675 591 755 627 quo
794 577 890 624 iure,
928 590 1008 627 quo
1046 580 1259 628 exemplo?
1330 579 1434 615 Nam
1473 591 1562 615 curn

229 643 376 680 fructus
418 641 704 692 diripiebantur
745 649 941 680 aratorum
980 649 1099 691 atque
1136 642 1245 680 omni
1294 642 1565 681 lacerabantur

229 707 378 754 iniuria,
401 706 607 746 videbatur
634 706 674 745 id
704 708 867 757 perdere
893 714 1021 745 arator
1047 708 1156 757 quod
1183 715 1309 746 aratro
1337 707 1419 757 ipse
1449 720 1565 757 quae-

228 772 350 819 sisset,
376 772 414 810 in
437 786 516 821 quo
538 773 787 818 elaborasset,
811 773 920 821 quod
956 771 1034 821 agri
1057 779 1287 821 segetesque
1308 771 1563 820 extulissent;

228 838 372 888 quibus
389 837 536 876 iniuriis
552 837 788 887 gravissimis
803 845 934 876 tamen
949 837 1045 876 illud
1059 846 1139 876 erat
1157 837 1342 876 miserum
1358 837 1560 884 solacium,

228 904 338 952 quod
372 903 413 941 id
444 904 608 953 perdere
637 903 844 941 videbatur
875 904 984 952 quod
1022 902 1100 940 alio
1134 910 1312 951 praetore
1343 903 1485 941 eodem
1516 916 1562 941 ex

226 982 319 1018 agro
340 981 517 1019 reparare
537 975 681 1018 posset.
742 969 939 1006 Nummos
960 981 1053 1006 vero
1073 975 1114 1005 ut
1131 969 1197 1006 det
1217 975 1344 1005 arator
1360 980 1460 1017 quos
1480 980 1561 1005 non

227 1041 369 1080 exarat,
392 1046 492 1083 quos
521 1046 601 1071 non
621 1040 748 1071 aratro
768 1046 814 1071 ac
842 1046 962 1070 manu
988 1032 1148 1082 quaerit,
1173 1033 1294 1071 boves
1324 1040 1362 1071 et
1390 1040 1561 1071 aratrum

227 1098 355 1148 ipsum
380 1106 501 1148 atque
522 1111 640 1136 omne
662 1097 967 1135 instrumentum
989 1098 1134 1135 vendat
1155 1111 1317 1136 necesse
1338 1105 1407 1136 est.
1468 1099 1561 1136 Non

226 1163 332 1202 enim
354 1163 508 1202 debetis
529 1165 605 1201 hoc
622 1162 792 1212 cogitare
812 1178 818 1200 :
849 1163 968 1201 habet
990 1162 1095 1201 idem
1118 1162 1156 1199 in
1178 1162 1364 1209 nummis,
1380 1162 1500 1201 habet
1520 1162 1559 1200 in

226 1229 385 1268 urbanis
406 1230 586 1281 praediis.
648 1231 752 1268 Nam
773 1243 864 1267 cum
885 1229 1026 1268 aratori
1058 1229 1208 1279 aliquid
1230 1228 1455 1279 imponitur,
1478 1242 1559 1267 non

226 1294 397 1333 hominis
432 1294 464 1333 si
495 1309 597 1345 quae
636 1302 727 1333 sunt
766 1302 965 1344 praeterea
1006 1295 1223 1341 facultates,
1265 1295 1335 1332 sed
1375 1293 1560 1332 arationis

226 1359 347 1410 ipsius
369 1359 425 1398 vis
445 1373 491 1398 ac
512 1359 609 1398 ratio
630 1359 918 1398 consideranda
944 1366 1017 1406 est,
1037 1358 1134 1408 quid
1163 1372 1209 1397 ea
1239 1358 1441 1406 sustinere,
1463 1358 1560 1409 quid

226 1425 320 1475 pati,
340 1425 435 1475 quid
457 1426 609 1464 efficere
639 1425 761 1475 possit
781 1438 827 1462 ac
848 1425 991 1463 debeat
1010 1439 1019 1471 ;
1048 1437 1290 1473 quamquam
1321 1423 1375 1461 illi
1399 1437 1560 1474 quoque

226 1490 407 1528 homines
424 1498 514 1528 sunt
534 1491 585 1528 ab
606 1489 681 1527 isto
702 1488 810 1527 omni
828 1488 978 1526 ratione
992 1488 1176 1526 exinaniti
1194 1502 1239 1526 ac
1254 1488 1407 1538 perditi,
1426 1497 1558 1527 tamen

225 1556 301 1593 hoc
331 1555 442 1593 vobis
472 1563 530 1593 est
561 1555 827 1600 statuendum,
862 1553 958 1603 quid
988 1561 1180 1592 aratorem
1209 1553 1338 1603 ipsum
1372 1553 1558 1591 arationis

225 1620 387 1658 nomine
418 1619 588 1657 muneris
611 1619 649 1657 in
671 1633 751 1658 rem
774 1619 972 1668 publicam
1004 1618 1109 1668 fungi
1135 1632 1180 1656 ac
1206 1619 1398 1657 sustinere
1418 1618 1554 1656 velitis.

226 1686 435 1735 Imponitis
470 1687 674 1729 decumas,
708 1685 932 1735 patiuntur3
965 1686 1119 1731 alteras,
1150 1684 1393 1734 temporibus
1421 1684 1557 1723 vestris

224 1751 473 1789 serviendum
509 1759 649 1800 putant
671 1765 680 1797 ;
719 1752 814 1789 (lent
849 1758 1027 1799 emptum
1062 1758 1260 1799 praeterea
1278 1764 1288 1797 3
1327 1750 1495 1797 dabunt,
1526 1749 1556 1788 si

225 1816 371 1854 voletis.
434 1818 547 1854 Haec
572 1829 689 1865 quam
719 1815 795 1853 sint
815 1815 957 1864 gravia,
978 1823 1015 1853 ct
1036 1814 1132 1864 quid
1154 1814 1213 1852 his
1235 1816 1351 1853 rebus
1372 1815 1557 1854 detractis

224 1881 347 1932 possit
376 1883 427 1919 ad
457 1881 642 1920 dominos
672 1881 757 1930 puri
787 1894 832 1918 ac
863 1879 1000 1929 reliqui
1032 1880 1247 1930 pervenire,
1268 1882 1386 1918 credo
1413 1894 1482 1919 vos
1509 1894 1556 1919 ex

222 1946 358 1986 vestris
380 1946 582 1996 impensis,
601 1960 647 1984 ex
668 1945 802 1984 vestris
824 1946 939 1983 rebus
961 1945 1112 1983 rusticis
1143 1945 1369 1983 coniectura
1391 1945 1554 1995 adsequi

267 2062 285 2089 4
309 2055 365 2081 aut
384 2055 513 2080 tantum
532 2050 647 2080 ddum
665 2060 730 2080 0111.
750 2061 769 2077 π
786 2060 792 2079 :
818 2050 929 2079 <latum
949 2059 1013 2079 om.
1037 2049 1067 2078 Ο
1215 2057 1234 2086 5
1258 2048 1387 2078 scribae
1406 2047 1554 2078 fecerant

221 2094 270 2125 cO
285 2107 291 2125 ε
317 2094 423 2124 scriba
441 2094 566 2124 fecerat
582 2099 604 2133 p
618 2093 681 2123 wll.
781 2103 818 2131 ¹3
843 2094 898 2123 det
915 2092 1031 2122 Lamb.
1050 2093 1082 2122 in
1101 2102 1166 2131 mg.
1188 2092 1286 2130 1584:
1313 2092 1410 2121 daret
1425 2097 1447 2131 s>
1461 2091 1549 2123 codd.

227 2148 263 2177 14
289 2143 405 2168 exarat
423 2137 491 2168 cO:
516 2143 672 2167 exararat
693 2136 743 2165 V:
769 2146 852 2175 quos
871 2147 937 2166 non
956 2141 1074 2166 exarat
1092 2146 1156 2165 om.
1175 2141 1197 2174 p
1216 2135 1277 2165 rell.
1391 2137 1428 2165 16
1452 2135 1552 2165 habet

224 2182 321 2222 (post
337 2181 497 2217 nummis)
515 2180 563 2211 cO
579 2193 585 2212 ε
612 2180 711 2210 habet
733 2180 821 2211 idem
845 2180 876 2209 V
889 2182 940 2219 (ut
956 2179 1106 2212 videtur).
1125 2183 1147 2218 p
1165 2178 1227 2208 rell.
1365 2188 1401 2217 17
1427 2179 1550 2218 aliquid

223 2226 292 2256 cO:
320 2236 406 2255 onus
431 2225 565 2264 aliquod
588 2230 610 2265 p
629 2227 657 2254 et
677 2224 774 2264 plaz:
805 2224 855 2253 ius
878 2224 1013 2262 aliquod
1037 2223 1084 2252 V:
1099 2223 1181 2261 sort.
1199 2222 1386 2252 aratoribus
1403 2221 1550 2261 aliquid?

229 2269 265 2298 18
291 2269 436 2299 hominis
456 2268 552 2298 VcO:
577 2269 731 2298 homines
744 2268 843 2307 prcll.
932 2277 974 2296 20
998 2276 1133 2305 quoque
1151 2266 1239 2296 hom.
1256 2270 1334 2295 sunt
1353 2265 1399 2295 V:
1417 2275 1551 2304 quoque

223 2317 303 2342 sunt
320 2313 408 2342 hom.
424 2317 448 2351 p
463 2312 524 2343 rell.
541 2316 670 2352 praeter
680 2312 710 2339 ()
729 2313 829 2345 thom.
844 2321 898 2350 qu.
921 2311 1014 2347 sunt)
1115 2318 1155 2347 25
1181 2309 1261 2338 dent
1279 2313 1427 2347 emptum
1441 2314 1465 2348 p
1483 2308 1546 2339 rell.

225 2356 413 2396 (demptum
434 2355 504 2396 O):
529 2357 607 2386 dent
626 2365 690 2385 0111.
717 2354 747 2384 V
851 2364 891 2391 27
918 2363 960 2384 ex
977 2353 1098 2383 vestris
1117 2352 1149 2382 in
1170 2352 1285 2391 pensis
1306 2351 1351 2383 V:
1377 2362 1443 2383 om.
1460 2351 1526 2383 rell.

1588 790 1622 812 10

1582 1441 1619 1462 20
