1715 2734
139 51 193 80 20
216 57 257 87 50
582 43 637 80 M.
671 43 839 81 TVLLI
871 42 1178 82 CICERONIS

152 363 187 394 51

148 1467 188 1498 52

212 153 467 203 fortunasque
500 160 696 192 aratorum
732 151 861 191 omnis
894 151 1003 191 istius
1038 151 1156 191 fuisse
1186 151 1288 199 dico,
1319 151 1542 202 Apronium

211 217 484 268 Veneriosque
514 217 824 266 servos‚—quod
852 216 928 256 isto
949 224 1125 266 praetore
1146 216 1218 256 fuit
1246 229 1394 256 novum
1417 229 1542 267 genus

212 283 817 333 publicanorum,—ceterosque
851 282 1094 321 decumanos
1124 289 1396 333 procuratores
1432 281 1542 319 istius

212 355 397 397 quaestus
418 355 456 385 et
477 346 729 385 administros
751 345 974 396 rapinarum
996 345 1114 385 fuisse
1134 346 1236 385 dico.
1284 350 1292 366 ‘
1306 348 1398 396 Quo
1420 346 1542 384 modo

212 413 287 450 hoc
326 414 496 451 doces?’
554 414 647 460 Quo
686 412 808 449 modo
847 425 893 449 ex
932 410 996 448 illa
1034 411 1230 450 locatione
1268 412 1541 449 columnarum

210 477 328 516 docui
359 477 475 515 istum
502 490 587 515 esse
615 477 870 526 praedatum:
906 475 1056 525 opinor,
1090 490 1136 514 ex
1161 489 1209 514 eo
1237 475 1406 513 maxime
1433 476 1542 524 quod

210 542 385 593 iniquam
419 544 543 592 legem
586 555 809 591 novamque
848 540 1018 579 dixisset.
1080 540 1180 589 Quis
1215 540 1319 579 enim
1352 553 1541 589 umquam

210 615 374 646 conatus
395 615 453 645 est
475 606 557 644 iura
584 605 718 643 omnia
740 613 777 643 et
799 604 1126 643 consuetudinem
1158 604 1336 643 omnium
1367 618 1542 642 commu-

209 681 290 711 tare
311 686 402 711 cum
423 671 709 722 vituperatione
738 670 821 708 sine
843 672 1039 719 quaestu?
1111 672 1273 719 Pergam
1300 677 1419 719 atque
1444 668 1542 707 inse-

210 751 306 787 quar
335 736 499 786 longius.
562 735 705 785 Iniqua
734 736 818 784 lege
848 734 1058 781 vendebas,
1082 748 1161 783 quo
1191 733 1310 783 pluris
1338 735 1537 772 venderes.

211 804 292 842 Cur
310 801 480 840 addictis
502 800 577 839 iam
600 807 638 839 et
659 799 827 838 venditis
852 799 1044 846 decumis,
1064 813 1153 837 cum
1176 799 1251 837 iam
1273 801 1324 837 ad
1345 813 1540 838 summam

210 868 466 906 decumarum
514 865 623 912 nihil,
673 866 724 903 ad
772 872 883 902 tuum
932 872 1139 914 quaestum
1194 865 1360 902 multum
1410 871 1542 914 posset

209 933 408 979 accedere,
428 931 560 970 subito
580 938 698 980 atque
719 943 765 968 ex
786 937 964 979 tempore
985 943 1087 967 nova
1107 930 1370 967 nascebantur
1390 929 1542 968 edicta?

212 1000 314 1037 Nam
344 1005 385 1036 ut
406 995 676 1036 vadimonium
705 997 943 1041 decumano,
965 1008 1219 1044 quocumque
1241 994 1271 1032 is
1300 996 1426 1041 vellet,
1458 1008 1542 1045 pro-

211 1063 436 1109 mitteretur,
457 1070 499 1100 ut
520 1076 567 1100 ex
586 1074 686 1108 area,
710 1059 784 1098 nisi
805 1067 943 1109 pactus
965 1067 1077 1106 esset,
1100 1067 1227 1097 arator
1248 1073 1297 1098 ne
1319 1061 1480 1105 tolleret,
1499 1067 1542 1097 ut

208 1136 300 1167 ante
337 1129 539 1167 Kalendas
573 1125 727 1166 Sextilis
761 1126 949 1164 decumas
983 1126 1208 1174 deportatas
1240 1125 1412 1172 haberet,
1445 1126 1542 1163 haec

209 1193 343 1232 omnia
368 1193 445 1231 iam
473 1191 642 1231 venditis
672 1189 852 1230 decumis
882 1202 988 1228 anno
1017 1189 1132 1228 tertio
1162 1197 1200 1228 te
1230 1189 1396 1228 edixisse
1426 1190 1542 1238 dico3

209 1272 312 1309 quae
350 1258 381 1297 si
421 1257 474 1296 rei
513 1256 695 1308 publicae
733 1269 852 1295 causa
890 1256 1047 1302 faceres,
1085 1254 1124 1293 in
1156 1256 1374 1293 vendundo
1412 1264 1542 1294 essent

209 1323 462 1374 pronuntiata
477 1338 485 1371 3
510 1322 602 1373 quia
623 1330 689 1360 tua
709 1335 826 1360 causa
846 1320 1028 1368 faciebas,
1047 1321 1155 1370 quod
1176 1328 1256 1359 erat
1277 1320 1542 1371 imprudentia

209 1388 539 1439 praetermissum,
580 1387 619 1425 id
659 1393 824 1436 quaestu
862 1399 908 1424 ac
942 1393 1119 1436 tempore
1156 1385 1384 1424 admonitus
1418 1400 1542 1437 repre-

210 1454 392 1493 hendisti.
445 1454 549 1491 Illud
571 1466 662 1491 vero
684 1450 745 1490 cui
769 1449 921 1502 probari
944 1458 1084 1500 potest,
1108 1458 1146 1489 te
1167 1450 1250 1489 sine
1272 1458 1340 1488 tuo
1361 1460 1537 1501 quaestu,

209 1533 254 1557 ac
277 1518 448 1556 maximo
473 1525 649 1567 quaestu,
673 1524 822 1555 tantam
851 1524 956 1553 tuam
986 1515 1198 1561 infamiam,
1223 1523 1375 1554 tantum
1403 1516 1540 1566 capitis

210 1584 264 1622 tui
305 1586 627 1633 fortunarumque
661 1590 815 1620 tuarum
855 1581 1071 1630 periculum
1106 1580 1321 1630 neglexisse
1360 1589 1412 1627 ut,
1448 1595 1538 1619 curn

211 1649 330 1687 totius
379 1648 532 1687 Siciliae
581 1647 726 1686 cotidie
767 1645 935 1696 gemitus
984 1644 1329 1695 querimoniasque
1371 1646 1536 1693 audires,

211 1727 313 1756 cum,
348 1721 389 1752 ut
428 1713 511 1763 ipse
542 1712 683 1759 dixisti,
725 1725 834 1749 reum
867 1719 904 1749 te
940 1711 1020 1748 fore
1052 1718 1218 1760 putares
1254 1724 1344 1748 cum
1377 1711 1540 1750 huiusce
1563 1727 1576 1747 2

211 1778 330 1817 iudici
355 1778 565 1817 discrimen
594 1778 644 1816 ab
675 1776 863 1827 opinione
888 1783 955 1814 tua
985 1789 1064 1814 non
1095 1776 1332 1822 abhorreret,
1367 1784 1540 1825 paterere

211 1852 343 1882 tamen
386 1851 556 1882 aratores
604 1841 885 1892 indignissimis
934 1840 1081 1878 iniuriis
1130 1840 1254 1878 vexari
1304 1854 1350 1879 ac
1397 1841 1542 1891 diripi?

214 1910 405 1955 Profecto,
416 1921 656 1958 quamquain
672 1921 712 1945 es
727 1905 909 1956 singulari
927 1905 1157 1944 crudelitate
1174 1913 1211 1944 et
1224 1905 1540 1947 audacia.ta1nen

211 1974 282 2011 abs
313 1981 349 2012 te
379 1981 500 2011 totam
531 1971 741 2011 abalienari
774 1969 1027 2021 provinciam,
1057 1977 1114 2008 tot
1141 1969 1322 2008 homines
1352 1971 1542 2009 honestis-

263 2088 271 2106 r
300 2088 418 2107 omncs
432 2082 600 2107 aratorum
619 2076 649 2105 O
738 2086 754 2113 4
782 2075 998 2105 administros
1013 2073 1074 2103 cO:
1096 2074 1265 2104 ministros
1277 2079 1298 2112 p
1314 2074 1378 2104 rell.
1435 2075 1537 2104 fuisse

213 2121 288 2150 dico
305 2122 353 2150 cO
371 2132 376 2150 ι
402 2121 477 2151 dico
497 2121 598 2150 fuisse
614 2124 637 2159 j)
655 2119 720 2149 rell.
823 2129 842 2157 5
869 2118 922 2148 illa
943 2117 1108 2148 locatione
1125 2118 1178 2147 O:
1204 2118 1264 2148 loc.
1287 2117 1329 2148 ill.
1349 2118 1414 2148 rell.
1519 2120 1540 2147 6

214 2174 288 2193 csse
301 2175 367 2194 0111.
382 2165 424 2193 nk
490 2175 511 2203 9
535 2163 651 2203 atque]
668 2167 701 2193 et
717 2162 746 2192 O
832 2172 842 2192 1
854 2172 864 2191 1
893 2161 1034 2192 addictis
1048 2162 1111 2191 iam
1127 2161 1157 2191 O
1174 2172 1179 2190 z
1202 2161 1263 2190 iam
1277 2161 1420 2191 addictis
1433 2167 1456 2201 p
1472 2162 1535 2192 rcll.

219 2217 254 2245 ¹5
280 2213 315 2237 ut
332 2213 409 2238 ante
426 2207 474 2238 cO
491 2219 498 2237 z
521 2213 600 2237 ante
617 2218 637 2235 π
784 2206 822 2235 16
845 2205 985 2235 haberet
1004 2205 1054 2234 O:
1081 2204 1241 2235 haberent
1257 2210 1278 2243 p
1296 2204 1360 2235 rell.
1503 2206 1539 2235 ¹8

215 2251 395 2281 vendundo
415 2251 465 2291 Op
483 2251 547 2281 rell.
565 2262 571 2280 :
596 2249 774 2280 vendendo
792 2248 863 2279 cdd.
1014 2259 1055 2278 20
1072 2248 1278 2287 deprehend.
1299 2248 1347 2278 cO
1500 2258 1538 2286 23

216 2299 345 2324 tuarum
365 2295 411 2325 cO
430 2306 435 2324 :
462 2305 526 2324 om.
542 2299 566 2334 p
583 2293 650 2324 rell.
785 2303 827 2331 29
849 2291 1027 2322 abalienari
1049 2290 1112 2321 Vc:
1136 2291 1276 2321 alienari
1291 2296 1315 2331 p
1333 2291 1397 2322 rell.

1563 745 1603 766 10

1563 1398 1602 1419 20
