1715 2734
419 95 480 132 IN
511 94 555 132 C.
588 94 830 132 VERREM
862 94 1036 133 ACTIO
1068 95 1252 132 PRIMA
1467 96 1496 132 6
1517 101 1555 133 16

168 215 292 253 usque
312 202 362 240 ad
383 215 473 240 eum
495 203 614 240 finem
635 203 730 240 dum
755 202 905 241 iudices
932 202 1063 283 reieci—ti
1091 209 1181 240 sunt
1202 217 1208 239 :
1237 209 1495 252 posteaquam

167 266 326 306 reiectio
347 266 522 304 iudicum
544 268 646 304 facta
667 274 735 313 est,
759 269 867 317 quod
895 274 933 305 et
958 267 997 304 in
1026 267 1230 305 sortitione
1254 267 1364 305 istius
1386 281 1495 317 spem

167 333 322 370 fortuna
342 331 479 381 populi
501 331 674 369 Romani
705 339 742 369 et
772 331 811 369 in
840 331 1049 369 reiciendis
1077 330 1274 369 iudicibus
1303 345 1390 369 mea
1414 332 1498 370 dili-

166 395 296 445 gentia
334 395 497 433 istorum
536 395 826 445 impudentiam
864 396 1018 442 vicerat,
1060 395 1281 434 renuntiata
1319 404 1377 433 est
1416 403 1498 434 tota

129 460 363 505 5condicio.
432 461 634 498 Praeclare
674 474 714 498 se
753 474 812 498 res
857 461 1039 498 habebat.
1109 460 1250 498 Libelli
1290 460 1496 498 nominum
1520 474 1556 508 17

166 532 382 563 vestrorum
422 525 640 574 consilique
679 525 795 563 huius
838 525 878 562 in
921 525 1104 563 manibus
1143 532 1252 563 erant
1291 524 1499 572 omniumg

166 591 273 628 nulla
302 598 406 635 nota,
433 592 563 628 nullus
593 591 710 636 color,
741 592 871 628 nullae
901 592 1035 628 sordes
1060 590 1296 628 videbantur
1324 590 1384 628 his
1414 603 1498 628 sen-

166 654 297 693 tentiis
324 654 444 692 adlini
473 667 599 703 posse,
626 668 716 693 cum
745 655 816 693 iste
844 663 1005 704 repente
1032 669 1078 693 ex
1104 655 1221 694 alacri
1249 663 1368 705 atque
1394 657 1498 693 laeto

167 719 222 757 sic
260 726 340 756 erat
380 718 537 756 humilis
576 726 695 768 atque
734 719 928 757 demissus
974 727 1016 757 ut
1061 733 1142 757 non
1188 721 1310 758 modo
1349 721 1498 769 populo

110 798 147 820 10
168 785 363 829 Romano,
387 784 456 821 sed
478 783 596 821 etiam
618 783 691 822 sibi
712 783 795 834 ipse
816 785 1104 822 condemnatus
1126 784 1332 822 videretur.
1394 786 1499 822 Ecce

165 856 297 886 autem
320 856 480 897 repente
501 848 561 886 his
583 848 723 887 diebus
744 849 878 898 paucis
900 849 1068 887 comitiis
1090 850 1363 887 consularibus
1388 849 1499 887 factis

166 914 305 951 eadem
354 912 418 950 illa
460 920 590 951 vetera
637 913 801 951 consilia
848 913 1016 963 pecunia
1064 914 1210 952 maiore
1256 921 1495 964 repetuntur,
1550 963 1555 965 ,

166 979 410 1027 eaedemque
431 985 581 1016 vestrae
608 979 735 1017 famae
763 979 1008 1028 fortunisque
1035 967 1406 1033 omniumfflinsidiae
1431 992 1499 1028 per
1530 979 1564 1017 x(

167 1043 329 1080 eosdem
364 1042 545 1080 homines
575 1051 862 1093 comparantur.
922 1044 1036 1092 Quae
1070 1057 1130 1081 res
1164 1043 1302 1093 primo,
1335 1043 1495 1089 iudices,

110 1120 145 1150 15
166 1107 345 1157 pertenui
381 1107 495 1145 nobis
530 1115 762 1157 argumento
796 1107 1024 1158 indicioque
1058 1109 1253 1157 patefacta
1284 1116 1368 1146 est:
1410 1115 1499 1158 post

166 1180 301 1223 aperto
323 1173 557 1223 suspicionis
578 1173 737 1212 introitu
758 1175 809 1212 ad
830 1173 964 1212 onmia
988 1173 1126 1211 intima
1151 1173 1313 1212 istorum
1335 1173 1499 1212 consilia
1544 1202 1555 1218 μ

166 1237 250 1275 sine
272 1239 351 1275 ullo
372 1251 500 1275 errore
520 1238 780 1287 pervenimus.
1512 1232 1574 1277 7&

222 1304 324 1340 Nam
358 1310 400 1340 ut
434 1303 673 1341 Hortensius
708 1304 846 1341 consul
878 1302 1105 1352 designatus
1140 1304 1304 1342 domum
1339 1304 1498 1341 reduce-
1516 1285 1556 1368 '178

167 1368 281 1406 batur
308 1381 328 1405 e
357 1381 500 1417 campo
527 1381 617 1405 cum
646 1368 815 1405 maxima
842 1368 1061 1417 frequentia
1087 1381 1132 1406 ac
1163 1368 1429 1416 multitudine,
1456 1369 1499 1406 fit

110 1448 149 1470 20
169 1432 327 1470 obviarn
357 1445 450 1470 casu
480 1432 515 1470 ei
545 1433 787 1471 multitudini
819 1434 863 1472 C.
888 1433 1020 1479 Curio,
1043 1447 1161 1482 quem
1192 1447 1265 1483 ego
1294 1434 1497 1471 hominem

167 1497 326 1535 honoris
356 1498 486 1547 potius
517 1511 635 1548 quam
659 1498 929 1552 contumeliae
959 1506 1076 1536 causa
1106 1499 1353 1536 nominatum
1384 1501 1498 1546 volo3

167 1562 312 1600 etenim
343 1576 388 1600 ea
418 1563 547 1600 dicam
569 1576 671 1612 quae
701 1563 775 1609 ille,
799 1563 829 1601 si
860 1564 1161 1601 commemorari
1193 1564 1393 1610 noluisset,
1416 1578 1497 1602 non

168 1634 277 1664 tanto
316 1627 355 1664 in
394 1635 592 1665 conventu
631 1636 711 1665 tarn
750 1636 883 1677 aperte
922 1630 1132 1677 palamque
1172 1628 1356 1676 dixisset3
1397 1642 1498 1678 quae

168 1699 300 1730 tamen
329 1705 351 1729 a
381 1706 443 1730 me
473 1692 756 1742 pedetemptim
787 1701 980 1742 cauteque
1010 1693 1199 1738 dicentur,
1230 1702 1271 1730 ut
1302 1702 1339 1731 et
1368 1693 1498 1731 amici-

109 1767 147 1799 25
168 1756 244 1794 tiae
266 1764 420 1794 nostrae
441 1765 478 1794 et
499 1757 698 1806 dignitatis
725 1757 826 1794 illius
855 1758 989 1795 habita
1015 1758 1112 1795 ratio
1133 1772 1217 1795 esse
1238 1758 1493 1808 intellegatur.

168 1821 288 1859 Videt
326 1823 376 1859 ad
416 1821 544 1870 ipsum
584 1821 773 1859 fornicem
815 1822 1032 1859 Fabianum
1073 1822 1111 1859 in
1155 1823 1268 1860 turba
1306 1824 1556 1872 Verrem319

167 1887 337 1936 appellat
383 1886 583 1924 hominem
624 1894 662 1924 et
701 1886 735 1924 ei
779 1901 876 1925 voce
922 1887 1090 1925 maxima
1137 1890 1373 1937 gratulatur3
1423 1889 1495 1938 ipsi

170 1950 397 1995 Hortensio,
430 1950 498 2000 qui
532 1952 670 1989 consul
705 1959 785 1989 erat
820 1953 955 1998 factus,
989 1952 1220 2002 propinquis
1255 1954 1497 1991 necessariis-

168 2028 244 2064 que
265 2015 358 2061 eius,
382 2015 448 2064 qui
478 2023 561 2053 turn
586 2017 759 2062 aderant,
782 2017 944 2054 verbum
973 2018 1123 2054 nullum
1153 2017 1269 2064 facit3
1302 2031 1392 2055 cum
1420 2020 1496 2056 hoc

212 2127 231 2156 5
256 2118 410 2148 condicio
441 2118 530 2151 Asc„
557 2118 652 2149 edd:
687 2119 834 2149 conditio
863 2120 914 2150 Z:
949 2121 1037 2150 dicio
1066 2120 1129 2159 Gt:
1166 2121 1337 2152 conclusio
1366 2121 1494 2160 GffLK:

169 2162 345 2191 conductio
358 2167 382 2201 p
398 2161 486 2201 vulg.
504 2173 511 2192 z
535 2163 694 2192 condutio
713 2167 749 2192 ut
764 2163 891 2193 vt'delur
904 2163 938 2193 D
1041 2164 1077 2193 18
1103 2170 1136 2193 ut
1154 2175 1218 2194 om.
1233 2171 1259 2204 p
1347 2165 1494 2196 Horten-

168 2204 237 2234 sius
264 2204 351 2234 cndd.
373 2217 379 2235 ε
403 2205 444 2243 Q.
478 2205 576 2235 Hort.
607 2205 713 2236 Sclzol.
744 2206 897 2244 Gronov„
915 2208 1026 2238 Muell.
1057 2207 1154 2246 (Am.
1169 2207 1207 2244 J.
1225 2208 1287 2238 Ph.
1307 2210 1397 2239 xxvi.
1418 2210 1494 2249 412)

170 2257 208 2276 21
236 2248 346 2286 potius
363 2259 460 2287 quarn
477 2254 563 2279 cont.
583 2249 650 2279 secl.
668 2248 771 2288 Kays.
875 2261 916 2280 22
941 2261 1204 2281 commemorare
1222 2251 1311 2281 codd.
1333 2253 1422 2291 (Act.
1438 2253 1494 2282 Pr.

173 2293 187 2326 ξ
208 2299 257 2328 54,
285 2292 294 2321 i
313 2295 328 2328 ξ
348 2303 365 2330 4
386 2303 393 2322 t
418 2292 439 2322 ii
461 2296 473 2328 5
492 2294 536 2322 6:
561 2292 594 2322 iii
615 2295 628 2329 ξ
648 2294 707 2331 41)
817 2303 856 2332 27
883 2295 1068 2332 gratulatur
1096 2293 1183 2324 qu:
1208 2296 1381 2325 victoriam
1409 2301 1494 2335 grat.

165 2335 228 2373 pr&
