1715 2734
118 75 173 113 43

112 712 170 742 103

125 2034 178 2071 44

120 2094 179 2125 104

197 79 255 102 102
559 66 614 103 M.
646 66 815 103 TVLLI
845 65 1153 105 CICERONIS

194 177 434 227 Cognoscite
482 177 684 229 pactiones
728 179 1015 215 Menaenorum
1055 190 1146 216 cum
1186 177 1358 217 Venerio
1397 190 1519 217 servo.

193 242 434 292 Cognoscite
455 242 549 281 item
570 242 832 293 professiones
860 241 1056 280 sationum
1079 250 1117 281 et
1138 242 1340 293 pactiones
1363 244 1524 281 Menae-

191 320 342 345 norum.
408 307 626 354 Patiemini‚
654 307 813 354 iudices,
838 307 889 344 ab
919 306 1047 354 sociis,
1069 307 1120 345 ab
1149 307 1366 345 aratoribus
1387 306 1523 358 populi

194 371 376 419 Romani,
399 374 449 411 ab
480 373 534 410 eis
566 372 633 422 qui
664 372 775 410 vobis
808 372 997 419 laborant,
1022 372 1135 410 vobis
1165 372 1348 419 serviunt,
1377 372 1443 422 qui
1471 372 1524 410 ita

191 437 347 487 plebem
371 439 595 475 Romanam
625 438 676 475 ab
703 450 788 476 sese
816 437 866 474 ali
888 438 1025 475 volunt
1050 445 1092 475 ut
1121 437 1194 475 sibi
1225 451 1270 475 ac
1292 437 1422 475 liberis
1444 436 1523 474 suis
1545 451 1562 482 5

191 510 343 540 tantum
374 502 539 552 supersit
570 516 650 552 quo
681 502 753 552 ipsi
782 502 831 540 ali
865 501 1025 551 possint,
1059 502 1109 540 ab
1140 502 1199 539 his
1230 515 1298 552 per
1328 514 1522 539 summam

191 567 381 613 iniuriam,
416 581 484 617 per
515 567 787 605 acerbissimas
819 567 1078 604 contumelias
1111 568 1199 617 plus
1230 567 1433 617 aliquanto
1461 567 1525 605 ab-

191 634 313 670 latum
334 646 419 670 esse
440 645 559 682 quam
583 640 719 670 natum
746 631 824 671 sit?

245 697 396 745 Sentio,
416 697 576 744 iudices,
605 698 893 735 moderandum
916 697 1010 735 mihi
1033 711 1118 736 esse
1140 697 1215 736 iarn
1234 697 1398 735 orationi
1414 710 1524 735 meae

192 763 499 813 fugiendamque
536 770 702 800 vestram
740 762 970 801 satietatem.
1031 765 1123 801 Non
1159 763 1341 801 versabor
1374 762 1411 799 in
1445 775 1525 800 uno
1551 775 1587 796 ιο

191 842 332 877 genere
353 828 511 875 diutius,
541 835 578 866 et
609 827 660 865 ita
690 836 822 866 cetera
849 829 900 867 de
930 828 1106 866 oratione
1138 841 1224 866 mea
1254 829 1387 865 tollam
1419 835 1460 865 ut
1486 828 1524 866 in

192 906 310 931 causa
330 900 462 931 tamen
490 892 719 942 relinquam.
786 892 967 930 Audietis
989 892 1345 942 Agrigentinorum,
1371 891 1527 929 fortissi-

194 972 346 997 morum
367 958 551 1005 virorum,
573 958 965 1008 diligentissimorum
995 966 1202 1005 aratorum,
1235 956 1499 1007 querimonias
1520 973 1527 1003 ;

193 1023 439 1074 cognoscetis
475 1023 774 1071 Entellinorum,
814 1023 1022 1062 hominum
1062 1023 1205 1061 summi
1245 1022 1386 1061 laboris
1427 1036 1528 1059 sum-

194 1102 361 1139 maeque
399 1089 624 1136 industriae,
669 1090 847 1128 dolorem
887 1097 926 1127 et
968 1089 1152 1136 iniurias3
1197 1088 1525 1133 Heracliensium,
1553 1103 1586 1135 15

195 1154 436 1199 Gelensium,
478 1154 775 1192 Soluntinorum
818 1154 1074 1193 incommoda
1112 1155 1380 1205 proferentur3
1427 1152 1528 1191 Cati-

194 1220 390 1267 nensium,
430 1219 828 1270 locupletissimorum
865 1220 1071 1258 hominum
1106 1219 1525 1268 amicissimorumque,

193 1298 305 1335 agros
353 1292 511 1323 vexatos
560 1285 611 1323 ab
653 1285 832 1334 Apronio
881 1285 1152 1334 cognoscetis3
1204 1284 1526 1335 Tyndaritanam,

195 1350 480 1389 nobilissimam
533 1349 741 1396 civitatem,
808 1350 1203 1400 Ceplialocditanam,
1256 1349 1524 1392 Haluntinam,

196 1415 532 1466 Apolloniensem,
572 1415 809 1464 Enguinam,
855 1415 1079 1465 Capitinam
1121 1415 1292 1466 perditas
1333 1430 1417 1454 esse
1457 1416 1530 1452 hac
1554 1428 1590 1449 ιο

195 1481 400 1531 iniquitate
431 1482 687 1518 decumarum
712 1480 970 1529 intellegeti53
1003 1482 1225 1528 Inensibus,
1255 1480 1528 1531 Murgentinis,

196 1546 404 1593 Assorinis,
440 1546 650 1592 Helorinis,
687 1546 823 1584 Ietinis
854 1547 950 1584 nihil
985 1547 1151 1585 omnino
1183 1547 1388 1591 relictum;
1420 1548 1531 1584 Ceta—

195 1612 310 1659 rinos,
352 1611 573 1658 Scherinos,
619 1625 822 1661 parvarum
872 1612 1072 1650 civitatum
1124 1612 1316 1658 homines,
1368 1611 1532 1649 omnino

195 1677 370 1715 abiectos
391 1690 476 1715 esse
496 1689 542 1714 ac
563 1676 762 1725 perditos3
795 1677 925 1714 omnis
955 1677 1128 1727 denique
1155 1690 1266 1726 agros
1289 1678 1532 1715 decumanos

196 1756 264 1793 per
293 1741 503 1781 triennium
534 1743 683 1791 populo
718 1743 902 1780 Romano
934 1756 980 1781 ex
1010 1750 1118 1792 parte
1149 1743 1327 1789 decuma,
1353 1742 1397 1781 C.
1421 1740 1532 1779 Verri
1554 1758 1592 1789 25

197 1821 244 1846 ex
281 1806 389 1845 omni
428 1806 579 1856 reliquo
620 1806 818 1856 vectigalis
849 1807 977 1853 fuisse,
1016 1815 1053 1845 et
1088 1807 1283 1857 plerisque
1316 1805 1532 1844 aratoribus

198 1872 294 1910 nihil
324 1872 488 1910 omnino
521 1872 783 1922 superfuisse3
814 1872 845 1910 si
867 1872 930 1911 cui
954 1872 1050 1922 quid
1075 1869 1246 1924 [autem]
1267 1880 1333 1910 aut
1355 1871 1531 1910 relictum

197 1946 264 1976 aut
295 1937 500 1976 remissum
543 1937 602 1983 sit,
635 1937 674 1975 id
715 1937 832 1976 fuisse
869 1945 1021 1976 tantum
1062 1948 1254 1988 quantum
1294 1951 1341 1975 ex
1372 1950 1420 1975 eo
1455 1949 1534 1986 quo

199 2002 308 2040 istius
329 2002 488 2041 avaritia
511 2010 698 2041 contenta
720 2003 791 2041 fuit
816 2002 1053 2041 redundarit.

256 2069 433 2106 Duarum
465 2067 559 2105 mihi
591 2067 793 2106 civitatum
825 2067 996 2117 reliquos
1028 2067 1102 2106 feci
1123 2080 1246 2117 agros,
1271 2067 1430 2114 iudices,
1455 2068 1534 2106 fere
1557 2083 1596 2114 30

246 2176 265 2205 3
291 2177 309 2197 a
326 2167 427 2197 sociis
448 2166 478 2197 O
645 2177 662 2204 4
688 2167 737 2196 eis
757 2166 808 2197 0:
835 2167 886 2196 liis
904 2178 923 2195 π
1088 2167 1107 2195 8
1131 2166 1174 2196 sit
1192 2176 1255 2197 om.
1280 2165 1334 2196 O:
1359 2171 1409 2196 est
1427 2163 1534 2195 Halm

207 2209 316 2249 (prob.
339 2210 416 2241 Ziel.
433 2215 466 2250 pi
491 2220 549 2248 195
701 2221 721 2248 9
747 2211 809 2240 iam
830 2210 906 2240 milii
927 2219 1002 2240 esse
1022 2209 1052 2240 O
1192 2219 1223 2239 11
1255 2210 1286 2239 in
1305 2219 1404 2239 causa
1423 2214 1533 2238 tamen

205 2253 292 2284 codd.
341 2253 371 2283 O
390 2259 449 2293 per
469 2252 677 2293 compendi:
712 2259 823 2283 tamen
851 2254 882 2283 in
910 2263 1008 2283 causa
1036 2252 1140 2292 *qnod
1152 2252 1242 2291 falso
1267 2252 1386 2283 dicitnr
1409 2252 1441 2281 1¹11
1462 2251 1532 2281 ·N'

197 2297 319 2345 srn'sse)
333 2297 468 2327 lordan.
486 2296 563 2327 Ziel.
583 2295 618 2335 (l.
633 2298 673 2329 al
784 2307 820 2335 13
837 2302 1003 2327 aratorum
1025 2296 1054 2325 O
1071 2308 1078 2326 t
1103 2308 1169 2327 0111.
1187 2309 1207 2325 π
1246 2296 1334 2327 Fort.
1353 2296 1536 2333 diligentis-

207 2349 434 2379 simorumque
447 2350 540 2378 quer.
593 2349 628 2377 14
654 2341 869 2377 cognoscetis
883 2340 930 2370 cO
948 2351 953 2369 :
978 2339 1440 2378 cognoscetisiudicesprell.
1498 2340 1536 2367 16

209 2382 404 2413 Gelensium
421 2384 468 2413 cO
485 2395 489 2412 :
516 2394 581 2413 om.
601 2395 620 2412 π
688 2393 727 2421 27
753 2390 863 2413 autem
882 2394 946 2414 om.
968 2383 997 2413 O
1014 2383 1055 2414 al.
1076 2395 1080 2411 z
1105 2394 1162 2423 ego
1179 2383 1294 2412 seclusi
