1715 2734
187 95 242 133 39
266 101 326 122 100
629 87 684 123 M.
718 87 887 124 TVLLI
919 88 1226 127 CICERONIS

178 539 235 560 101

174 1258 234 1281 102

177 1809 233 1845 40

174 1868 233 1898 103

259 198 449 248 particula
478 199 769 249 investigamus,
803 201 1082 248 redundarunt,
1105 201 1198 240 hinc
1228 202 1325 240 ratio
1359 216 1449 240 cum
1482 205 1529 252 Q.
1553 211 1591 242 et

260 265 333 303 Cn.
358 263 557 301 Postumis
579 264 725 303 Curtiis
753 264 886 302 multis
916 265 1156 313 nominibus,
1179 281 1347 317 quorum
1379 267 1417 304 in
1448 267 1591 305 tabulis

259 329 330 368 iste
369 331 489 370 habet
530 332 712 377 nullum,
759 330 851 367 hinc
893 332 964 369 Hs
1003 339 1140 381 quater
1178 331 1339 370 deciens
1379 334 1420 370 P.
1461 332 1591 370 Tadio

258 404 507 434 numeratum
544 395 713 434 Athenis
750 395 915 433 testibus
946 397 1107 445 planum
1137 397 1304 445 faciam,
1336 397 1430 435 hinc
1458 405 1592 448 empta

257 461 502 509 apertissime
536 469 726 511 praetura,
759 459 832 497 nisi
864 462 963 498 forte
996 460 1036 499 id
1068 461 1184 500 etiam
1216 462 1383 500 dubium
1411 470 1481 509 est,
1512 475 1591 512 quo

259 527 381 564 modo
403 527 475 564 iste
505 534 660 576 praetor
681 527 806 563 factus
837 525 897 563 sit.
958 528 1097 565 Homo
1126 527 1274 565 scilicet
1303 535 1370 566 aut
1400 527 1592 566 industria

257 598 325 628 aut
358 605 478 641 opera
512 592 678 642 probata
707 599 774 629 aut
807 591 1036 641 frugalitatis
1068 592 1356 631 existimatione
1394 594 1591 642 praeclara

257 664 323 694 aut
353 657 537 707 denique,
561 657 601 695 id
631 658 741 706 quod
768 656 1010 694 levissimum
1040 665 1109 704 est,
1131 657 1380 704 adsiduitate,
1403 657 1471 708 qui
1499 666 1590 696 ante

258 730 507 770 quaesturam
543 735 633 760 cum
664 720 935 760 meretricibus
964 722 1255 772 lenonibusque
1284 721 1452 769 vixisset,
1475 736 1591 772 quae-

257 794 403 824 sturam
434 787 487 825 ita
515 787 699 837 gessisset
729 800 847 837 quem
877 788 928 824 ad
957 788 1123 824 modum
1149 787 1402 835 cognovistis,
1436 790 1589 826 Romae

256 860 346 901 post
375 861 627 902 quaesturam
660 852 765 889 illam
802 851 990 890 nefariam
1023 851 1085 889 vix
1124 851 1296 889 triduum
1336 853 1588 900 constitisset,

256 917 400 955 absens
439 931 520 955 non
555 917 594 955 in
635 916 836 955 oblivione
875 916 1058 954 iacuisset
1097 917 1167 954 sed
1206 916 1246 954 in
1284 917 1453 955 adsidua
1486 931 1591 956 com-

257 982 543 1021 memoratione
559 982 745 1021 omnibus
762 981 941 1020 omnium
956 981 1190 1032 flagitiorum
1205 981 1350 1028 fuisset,
1369 982 1400 1020 is
1417 991 1589 1033 repente,

256 1055 298 1085 ut
334 1049 506 1086 Romam
540 1048 656 1094 venit,
692 1047 823 1097 gratiis
862 1054 1017 1097 praetor
1055 1048 1181 1085 factus
1219 1055 1288 1085 est.
1347 1047 1437 1085 Alia
1474 1061 1590 1097 porro

255 1113 424 1163 pecunia
455 1127 505 1151 ne
535 1121 783 1151 accusaretur
814 1114 916 1151 data.
977 1111 1053 1152 Cui
1085 1112 1134 1150 sit
1165 1113 1267 1159 data,
1302 1112 1399 1150 nihil
1432 1113 1483 1151 ad
1513 1127 1590 1161 me,

256 1178 353 1216 nihil
382 1179 433 1216 ad
463 1192 543 1216 rem
574 1178 768 1227 pertinere
795 1177 988 1215 arbitror:
1030 1178 1163 1215 datam
1193 1177 1356 1227 quidem
1386 1191 1471 1216 esse
1506 1186 1589 1216 tum

256 1244 356 1281 inter
386 1243 515 1281 omnis
545 1242 690 1281 recenti
722 1242 880 1292 negotio
910 1242 1024 1281 facile
1050 1243 1268 1281 constabat.
1331 1245 1471 1281 Homo
1499 1245 1589 1281 stul-

256 1308 405 1347 tissime
444 1316 482 1346 et
520 1308 804 1355 amentissime,
842 1308 995 1345 tabulas
1034 1322 1125 1345 cum
1166 1310 1382 1346 conficeres
1421 1317 1459 1347 et
1497 1323 1588 1347 cum

254 1373 581 1412 extraordinariae
603 1373 794 1424 pecuniae
815 1372 963 1411 crimen
994 1374 1263 1423 subterfugere
1285 1375 1414 1421 velles,
1437 1375 1530 1412 satis
1551 1383 1588 1414 te

253 1441 477 1489 elapsurum
499 1438 608 1476 omni
638 1438 863 1488 suspicione
883 1437 1123 1476 arbitrabare
1145 1437 1188 1484 si,
1211 1438 1356 1488 quibus
1377 1439 1587 1489 pecuniam

253 1504 456 1551 credebas,
477 1503 522 1541 iis
552 1516 768 1553 expensum
804 1517 883 1541 non
916 1504 1044 1548 serres,
1083 1516 1212 1552 neque
1245 1503 1283 1541 in
1317 1511 1402 1542 tuas
1435 1505 1588 1543 tabulas

252 1572 376 1608 ullum
412 1583 558 1608 nomen
594 1570 767 1616 referres,
801 1582 891 1607 cum
928 1576 985 1606 tot
1015 1567 1085 1606 tibi
1121 1568 1350 1607 nominibus
1379 1578 1587 1620 acceptum

253 1635 378 1675 Curtii
418 1636 632 1674 referrent?
693 1634 802 1683 Quid
841 1635 1025 1684 proderat
1065 1633 1136 1672 tibi
1180 1642 1217 1673 te
1256 1649 1474 1685 expensum
1513 1635 1587 1674 illis

252 1715 333 1739 non
375 1701 539 1738 tulisse?
594 1713 645 1738 an
684 1699 761 1738 tuis
801 1699 893 1738 solis
933 1698 1076 1737 tabulis
1116 1707 1154 1737 te
1194 1713 1354 1738 causam
1389 1699 1586 1739 dicturum

253 1765 482 1804 existimasti
498 1768 514 1804 ?

308 1833 455 1869 Verum
487 1833 539 1870 ad
578 1831 682 1869 illam
719 1830 795 1870 iam
830 1830 1034 1868 veniamus
1074 1833 1313 1881 praeclaram
1352 1839 1584 1881 praeturam,

253 1897 497 1947 criminaque
537 1911 583 1936 ea
623 1910 724 1946 quae
756 1895 912 1934 notiora
951 1904 1042 1934 sunt
1082 1896 1142 1933 his
1181 1896 1250 1946 qui
1287 1897 1432 1935 adsunt
1467 1910 1587 1947 quam

253 1962 367 2001 nobis
400 1962 467 2013 qui
503 1962 680 2001 meditati
720 1963 772 2000 ad
810 1961 1026 2001 dicendum
1061 1961 1265 2011 paratique
1299 1961 1504 2009 venimus5
1547 1962 1586 2000 in

253 2028 397 2078 quibus
429 2042 510 2067 non
543 2027 683 2067 dubito
723 2026 818 2077 quin
858 2027 1118 2065 offensionem
1158 2027 1427 2077 neglegentiae
1466 2027 1587 2066 vitare

300 2142 313 2161 1
342 2132 426 2163 ratio
445 2135 485 2169 ·ῤ
499 2152 504 2159 -
518 2134 548 2168 ᾧ.
571 2138 744 2171 postumus
763 2137 875 2162 curtus
894 2131 979 2171 51)st
995 2131 1037 2161 al.
1129 2142 1147 2169 4
1174 2136 1349 2161 numerata
1367 2130 1454 2162 codd.
1475 2143 1481 2161 ε
1505 2141 1582 2161 corr.

252 2175 392 2206 Gronov.
415 2175 462 2215 (ii,
486 2177 521 2212 ξς
541 2185 592 2213 20,
613 2174 670 2216 50)
779 2185 815 2213 15
843 2175 886 2204 nil
907 2175 984 2205 Asc.
1097 2175 1134 2203 18
1159 2184 1231 2204 cum
1253 2175 1343 2212 (ante
1359 2175 1497 2205 conficA
1516 2185 1581 2206 om.

248 2218 315 2249 SD
418 2229 460 2248 20
483 2219 646 2248 arbitrare
661 2218 725 2258 pG,
836 2229 873 2248 21
902 2219 955 2248 his
970 2217 1056 2257 SDp
1071 2218 1114 2248 al.
1220 2227 1260 2247 22
1286 2228 1408 2247 nomen
1428 2218 1528 2248 ullum
1547 2230 1587 2258 qr

249 2261 394 2292 nominis
413 2261 477 2292 SD
588 2272 628 2300 24
657 2261 780 2292 solius?
807 2261 918 2292 Muell.
1027 2262 1068 2291 26
1090 2260 1214 2300 ltabetp
1231 2261 1265 2289 in
1283 2271 1349 2299 mg.
1369 2261 1446 2291 hinc
1467 2261 1583 2300 incipit

249 2305 291 2335 de
324 2310 480 2344 practura
514 2306 640 2335 urbana
659 2315 665 2334 :
705 2303 752 2334 D²
777 2305 923 2334 admissa
955 2305 987 2334 in
1021 2308 1178 2343 praetura
1210 2304 1345 2342 urbana,
1376 2305 1474 2335 tertia
1504 2315 1583 2344 pars

249 2348 426 2378 divisionis
559 2359 601 2387 29
625 2348 704 2387 quin
720 2353 778 2387 pr:
807 2348 886 2387 quid
904 2347 937 2377 in
959 2347 1023 2378 SD
1039 2347 1081 2378 al.

1611 803 1653 826 10

1613 1128 1650 1161 Ι5

1610 1457 1650 1478 20

1610 1781 1647 1812 25
