<?xml version="1.0" encoding="UTF-8"?>
<!DOCTYPE html PUBLIC "-//W3C//DTD XHTML 1.0 Transitional//EN"
    "http://www.w3.org/TR/xhtml1/DTD/xhtml1-transitional.dtd">
<html xmlns="http://www.w3.org/1999/xhtml" xml:lang="en" lang="en">
 <head>
  <title>
</title>
<meta http-equiv="Content-Type" content="text/html;charset=utf-8" />
  <meta name='ocr-system' content='tesseract 3.04.00' />
  <meta name='ocr-capabilities' content='ocr_page ocr_carea ocr_par ocr_line ocrx_word'/>
</head>
<body>
  <div class='ocr_page' id='page_1' title='image "./orationesrecogno03ciceuoft/orationesrecogno03ciceuoft_0243.png"; bbox 0 0 1715 2734; ppageno 0'>
   <div class='ocr_carea' id='block_1_1' title="bbox 156 466 173 496">
    <p class='ocr_par' dir='ltr' id='par_1_1' title="bbox 156 466 173 496">
     <span class='ocr_line' id='line_1_1' title="bbox 156 466 173 496; textangle 90"><span class='ocrx_word' id='word_1_1' title='bbox 156 466 173 496; x_wconf 62' lang='grc' dir='ltr'>(ΙΙ</span> 
     </span>
    </p>
   </div>
   <div class='ocr_carea' id='block_1_2' title="bbox 135 795 172 817">
    <p class='ocr_par' dir='ltr' id='par_1_2' title="bbox 135 795 172 817">
     <span class='ocr_line' id='line_1_2' title="bbox 135 795 172 817; baseline 0.027 -1"><span class='ocrx_word' id='word_1_2' title='bbox 135 795 172 817; x_wconf 92' lang='lat'>10</span> 
     </span>
    </p>
   </div>
   <div class='ocr_carea' id='block_1_3' title="bbox 129 1443 169 1464">
    <p class='ocr_par' dir='ltr' id='par_1_3' title="bbox 129 1443 169 1464">
     <span class='ocr_line' id='line_1_3' title="bbox 129 1443 169 1464; baseline 0 0"><span class='ocrx_word' id='word_1_3' title='bbox 129 1443 169 1464; x_wconf 85' lang='lat'>20</span> 
     </span>
    </p>
   </div>
   <div class='ocr_carea' id='block_1_4' title="bbox 129 1771 166 1803">
    <p class='ocr_par' dir='ltr' id='par_1_4' title="bbox 129 1771 166 1803">
     <span class='ocr_line' id='line_1_4' title="bbox 129 1771 166 1803; baseline 0 0"><span class='ocrx_word' id='word_1_4' title='bbox 129 1771 166 1803; x_wconf 76' lang='lat'>25</span> 
     </span>
    </p>
   </div>
   <div class='ocr_carea' id='block_1_5' title="bbox 126 2094 168 2124">
    <p class='ocr_par' dir='ltr' id='par_1_5' title="bbox 126 2094 168 2124">
     <span class='ocr_line' id='line_1_5' title="bbox 126 2094 168 2124; baseline 0 -8"><span class='ocrx_word' id='word_1_5' title='bbox 126 2094 168 2124; x_wconf 82' lang='lat'>30</span> 
     </span>
    </p>
   </div>
   <div class='ocr_carea' id='block_1_6' title="bbox 196 85 1578 131">
    <p class='ocr_par' dir='ltr' id='par_1_6' title="bbox 196 85 1578 131">
     <span class='ocr_line' id='line_1_6' title="bbox 196 85 1578 131; baseline -0.001 -8"><span class='ocrx_word' id='word_1_6' title='bbox 196 85 463 124; x_wconf 90' lang='lat' dir='ltr'>ACTIONIS</span> <span class='ocrx_word' id='word_1_7' title='bbox 486 85 546 122; x_wconf 92' lang='lat' dir='ltr'>IN</span> <span class='ocrx_word' id='word_1_8' title='bbox 568 85 611 123; x_wconf 92' lang='lat' dir='ltr'>C.</span> <span class='ocrx_word' id='word_1_9' title='bbox 635 86 875 122; x_wconf 87' lang='lat' dir='ltr'><strong>VERREM</strong></span> <span class='ocrx_word' id='word_1_10' title='bbox 898 85 1195 124; x_wconf 84' lang='lat' dir='ltr'>SECVNDAE</span> <span class='ocrx_word' id='word_1_11' title='bbox 1218 85 1319 122; x_wconf 91' lang='lat' dir='ltr'>LIB.</span> <span class='ocrx_word' id='word_1_12' title='bbox 1345 85 1409 122; x_wconf 91' lang='lat' dir='ltr'>III</span> <span class='ocrx_word' id='word_1_13' title='bbox 1471 93 1516 130; x_wconf 93' lang='lat'>14</span> <span class='ocrx_word' id='word_1_14' title='bbox 1537 98 1578 131; x_wconf 83' lang='lat'>35</span> 
     </span>
    </p>
   </div>
   <div class='ocr_carea' id='block_1_7' title="bbox 192 193 1520 503">
    <p class='ocr_par' dir='ltr' id='par_1_7' title="bbox 192 193 1520 503">
     <span class='ocr_line' id='line_1_7' title="bbox 195 193 1515 243; baseline -0.002 -10"><span class='ocrx_word' id='word_1_15' title='bbox 195 196 321 233; x_wconf 90' lang='lat' dir='ltr'>luteus</span> <span class='ocrx_word' id='word_1_16' title='bbox 342 194 459 233; x_wconf 87' lang='lat' dir='ltr'>etiarn</span> <span class='ocrx_word' id='word_1_17' title='bbox 481 193 643 233; x_wconf 84' lang='lat' dir='ltr'>callidus</span> <span class='ocrx_word' id='word_1_18' title='bbox 663 208 708 232; x_wconf 89' lang='lat' dir='ltr'>ac</span> <span class='ocrx_word' id='word_1_19' title='bbox 729 202 920 233; x_wconf 74' lang='lat' dir='ltr'>veterator</span> <span class='ocrx_word' id='word_1_20' title='bbox 941 208 1025 233; x_wconf 89' lang='lat' dir='ltr'>esse</span> <span class='ocrx_word' id='word_1_21' title='bbox 1047 195 1138 240; x_wconf 88' lang='lat' dir='ltr'>vult,</span> <span class='ocrx_word' id='word_1_22' title='bbox 1163 195 1270 243; x_wconf 92' lang='lat' dir='ltr'>quod</span> <span class='ocrx_word' id='word_1_23' title='bbox 1295 193 1348 231; x_wconf 85' lang='lat' dir='ltr'>ita</span> <span class='ocrx_word' id='word_1_24' title='bbox 1372 193 1515 240; x_wconf 81' lang='lat' dir='ltr'>scribit,</span> 
     </span>
     <span class='ocr_line' id='line_1_8' title="bbox 194 258 1519 308; baseline -0.001 -10"><span class='ocrx_word' id='word_1_25' title='bbox 194 261 235 298; x_wconf 89' lang='lat' dir='ltr'>S1</span> <span class='ocrx_word' id='word_1_26' title='bbox 266 271 374 296; x_wconf 81' lang='lat' dir='ltr'><strong>VTER</strong></span> <span class='ocrx_word' id='word_1_27' title='bbox 404 270 548 305; x_wconf 82' lang='lat' dir='ltr'><strong>VOLET,</strong></span> <span class='ocrx_word' id='word_1_28' title='bbox 581 270 932 297; x_wconf 71' lang='lat' dir='ltr'><strong>RECVPERATORES</strong></span> <span class='ocrx_word' id='word_1_29' title='bbox 970 270 1089 297; x_wconf 77' lang='lat' dir='ltr'>DABo.</span> <span class='ocrx_word' id='word_1_30' title='bbox 1151 259 1282 306; x_wconf 84' lang='lat' dir='ltr'>Quam</span> <span class='ocrx_word' id='word_1_31' title='bbox 1319 258 1448 308; x_wconf 86' lang='lat' dir='ltr'>lepide</span> <span class='ocrx_word' id='word_1_32' title='bbox 1478 272 1519 297; x_wconf 90' lang='lat' dir='ltr'>se</span> 
     </span>
     <span class='ocr_line' id='line_1_9' title="bbox 193 322 1519 373; baseline -0.001 -12"><span class='ocrx_word' id='word_1_33' title='bbox 193 323 307 362; x_wconf 89' lang='lat' dir='ltr'>furari</span> <span class='ocrx_word' id='word_1_34' title='bbox 338 326 471 373; x_wconf 88' lang='lat' dir='ltr'>putat!</span> <span class='ocrx_word' id='word_1_35' title='bbox 525 323 690 372; x_wconf 82' lang='lat' dir='ltr'>Vtrique</span> <span class='ocrx_word' id='word_1_36' title='bbox 720 323 810 361; x_wconf 89' lang='lat' dir='ltr'>facit</span> <span class='ocrx_word' id='word_1_37' title='bbox 841 330 1087 373; x_wconf 89' lang='lat' dir='ltr'>potestatem,</span> <span class='ocrx_word' id='word_1_38' title='bbox 1112 324 1180 361; x_wconf 88' lang='lat' dir='ltr'>sed</span> <span class='ocrx_word' id='word_1_39' title='bbox 1209 331 1338 360; x_wconf 89' lang='lat' dir='ltr'>utrum</span> <span class='ocrx_word' id='word_1_40' title='bbox 1360 322 1412 360; x_wconf 90' lang='lat' dir='ltr'>ita</span> <span class='ocrx_word' id='word_1_41' title='bbox 1432 323 1519 361; x_wconf 87' lang='lat' dir='ltr'>scri-</span> 
     </span>
     <span class='ocr_line' id='line_1_10' title="bbox 192 387 1520 439; baseline -0.001 -13"><span class='ocrx_word' id='word_1_42' title='bbox 192 388 323 439; x_wconf 88' lang='lat' dir='ltr'>pserit,</span> <span class='ocrx_word' id='word_1_43' title='bbox 343 392 351 408; x_wconf 94' lang='lat'>‘</span> <span class='ocrx_word' id='word_1_44' title='bbox 364 388 395 425; x_wconf 90' lang='lat' dir='ltr'>si</span> <span class='ocrx_word' id='word_1_45' title='bbox 416 395 500 426; x_wconf 88' lang='lat' dir='ltr'>uter</span> <span class='ocrx_word' id='word_1_46' title='bbox 515 389 618 426; x_wconf 92' lang='lat' dir='ltr'>volet</span> <span class='ocrx_word' id='word_1_47' title='bbox 634 389 642 405; x_wconf 91' lang='lat'>&#39;</span> <span class='ocrx_word' id='word_1_48' title='bbox 662 401 712 425; x_wconf 88' lang='lat' dir='ltr'>an</span> <span class='ocrx_word' id='word_1_49' title='bbox 736 388 788 426; x_wconf 91' lang='lat' dir='ltr'>‘si</span> <span class='ocrx_word' id='word_1_50' title='bbox 809 390 1052 426; x_wconf 88' lang='lat' dir='ltr'>decumanus</span> <span class='ocrx_word' id='word_1_51' title='bbox 1074 389 1202 435; x_wconf 90' lang='lat' dir='ltr'>volet‚&#39;</span> <span class='ocrx_word' id='word_1_52' title='bbox 1219 387 1315 425; x_wconf 85' lang='lat' dir='ltr'>nihil</span> <span class='ocrx_word' id='word_1_53' title='bbox 1336 387 1520 435; x_wconf 74' lang='lat' dir='ltr'>interest,</span> 
     </span>
     <span class='ocr_line' id='line_1_11' title="bbox 192 451 1353 503; baseline 0 -12"><span class='ocrx_word' id='word_1_54' title='bbox 192 461 318 492; x_wconf 88' lang='lat' dir='ltr'>arator</span> <span class='ocrx_word' id='word_1_55' title='bbox 338 452 443 491; x_wconf 88' lang='lat' dir='ltr'>enirn</span> <span class='ocrx_word' id='word_1_56' title='bbox 464 460 552 491; x_wconf 85' lang='lat' dir='ltr'>tuos</span> <span class='ocrx_word' id='word_1_57' title='bbox 573 451 666 490; x_wconf 84' lang='lat' dir='ltr'>istos</span> <span class='ocrx_word' id='word_1_58' title='bbox 688 461 978 503; x_wconf 80' lang='lat' dir='ltr'>recuperatores</span> <span class='ocrx_word' id='word_1_59' title='bbox 1001 466 1218 502; x_wconf 82' lang='lat' dir='ltr'>numquam</span> <span class='ocrx_word' id='word_1_60' title='bbox 1239 454 1353 491; x_wconf 88' lang='lat' dir='ltr'>volet.</span> 
     </span>
    </p>
   </div>
   <div class='ocr_carea' id='block_1_8' title="bbox 248 517 1577 567">
    <p class='ocr_par' dir='ltr' id='par_1_8' title="bbox 248 517 1577 567">
     <span class='ocr_line' id='line_1_12' title="bbox 248 517 1577 567; baseline -0.001 -12"><span class='ocrx_word' id='word_1_61' title='bbox 248 517 387 567; x_wconf 87' lang='lat' dir='ltr'>Quid?</span> <span class='ocrx_word' id='word_1_62' title='bbox 416 517 481 555; x_wconf 88' lang='lat' dir='ltr'>illa</span> <span class='ocrx_word' id='word_1_63' title='bbox 500 517 610 555; x_wconf 89' lang='lat' dir='ltr'>cuius</span> <span class='ocrx_word' id='word_1_64' title='bbox 635 517 743 556; x_wconf 91' lang='lat' dir='ltr'>modi</span> <span class='ocrx_word' id='word_1_65' title='bbox 772 526 861 556; x_wconf 86' lang='lat' dir='ltr'>sunt</span> <span class='ocrx_word' id='word_1_66' title='bbox 883 531 983 567; x_wconf 89' lang='lat' dir='ltr'>quae</span> <span class='ocrx_word' id='word_1_67' title='bbox 1005 531 1051 555; x_wconf 87' lang='lat' dir='ltr'>ex</span> <span class='ocrx_word' id='word_1_68' title='bbox 1073 525 1248 567; x_wconf 88' lang='lat' dir='ltr'>tempore</span> <span class='ocrx_word' id='word_1_69' title='bbox 1268 518 1318 555; x_wconf 89' lang='lat' dir='ltr'>ab</span> <span class='ocrx_word' id='word_1_70' title='bbox 1340 517 1517 567; x_wconf 83' lang='lat' dir='ltr'>Apronio</span> <span class='ocrx_word' id='word_1_71' title='bbox 1537 520 1577 560; x_wconf 78' lang='lat'>36</span> 
     </span>
    </p>
   </div>
   <div class='ocr_carea' id='block_1_9' title="bbox 188 581 1567 1086">
    <p class='ocr_par' dir='ltr' id='par_1_9' title="bbox 188 581 1567 1086">
     <span class='ocr_line' id='line_1_13' title="bbox 191 581 1515 632; baseline -0.002 -10"><span class='ocrx_word' id='word_1_72' title='bbox 191 582 416 622; x_wconf 86' lang='lat' dir='ltr'>admonitus</span> <span class='ocrx_word' id='word_1_73' title='bbox 431 582 578 621; x_wconf 84' lang='lat' dir='ltr'>edixit?</span> <span class='ocrx_word' id='word_1_74' title='bbox 609 583 656 630; x_wconf 88' lang='lat' dir='ltr'>Q.</span> <span class='ocrx_word' id='word_1_75' title='bbox 674 582 857 632; x_wconf 85' lang='lat' dir='ltr'>Septicio,</span> <span class='ocrx_word' id='word_1_76' title='bbox 875 581 1154 621; x_wconf 88' lang='lat' dir='ltr'>honestissimo</span> <span class='ocrx_word' id='word_1_77' title='bbox 1172 582 1302 631; x_wconf 89' lang='lat' dir='ltr'>equite</span> <span class='ocrx_word' id='word_1_78' title='bbox 1320 584 1515 628; x_wconf 90' lang='lat' dir='ltr'>Romano,</span> 
     </span>
     <span class='ocr_line' id='line_1_14' title="bbox 191 647 1519 697; baseline -0.002 -11"><span class='ocrx_word' id='word_1_79' title='bbox 191 647 393 686; x_wconf 86' lang='lat' dir='ltr'>resistente</span> <span class='ocrx_word' id='word_1_80' title='bbox 413 647 590 697; x_wconf 88' lang='lat' dir='ltr'>Apronio</span> <span class='ocrx_word' id='word_1_81' title='bbox 617 655 655 685; x_wconf 90' lang='lat' dir='ltr'>et</span> <span class='ocrx_word' id='word_1_82' title='bbox 682 649 915 685; x_wconf 77' lang='lat' dir='ltr'>adfirmante</span> <span class='ocrx_word' id='word_1_83' title='bbox 944 661 985 685; x_wconf 89' lang='lat' dir='ltr'>se</span> <span class='ocrx_word' id='word_1_84' title='bbox 1013 649 1099 697; x_wconf 89' lang='lat' dir='ltr'>plus</span> <span class='ocrx_word' id='word_1_85' title='bbox 1120 649 1289 685; x_wconf 88' lang='lat' dir='ltr'>decuma</span> <span class='ocrx_word' id='word_1_86' title='bbox 1309 660 1390 685; x_wconf 88' lang='lat' dir='ltr'>non</span> <span class='ocrx_word' id='word_1_87' title='bbox 1411 648 1519 685; x_wconf 91' lang='lat' dir='ltr'>datu-</span> 
     </span>
     <span class='ocr_line' id='line_1_15' title="bbox 190 711 1567 762; baseline -0.001 -11"><span class='ocrx_word' id='word_1_88' title='bbox 190 727 287 759; x_wconf 92' lang='lat' dir='ltr'>rum,</span> <span class='ocrx_word' id='word_1_89' title='bbox 319 712 487 751; x_wconf 86' lang='lat' dir='ltr'>exoritur</span> <span class='ocrx_word' id='word_1_90' title='bbox 517 712 710 762; x_wconf 78' lang='lat' dir='ltr'>peculiare</span> <span class='ocrx_word' id='word_1_91' title='bbox 744 712 917 751; x_wconf 88' lang='lat' dir='ltr'>edictum</span> <span class='ocrx_word' id='word_1_92' title='bbox 955 711 1213 762; x_wconf 87' lang='lat' dir='ltr'>repentinum,</span> <span class='ocrx_word' id='word_1_93' title='bbox 1247 726 1295 749; x_wconf 89' lang='lat' dir='ltr'>ne</span> <span class='ocrx_word' id='word_1_94' title='bbox 1325 711 1412 761; x_wconf 91' lang='lat' dir='ltr'>quis</span> <span class='ocrx_word' id='word_1_95' title='bbox 1446 713 1519 749; x_wconf 91' lang='lat' dir='ltr'>fru-</span> <span class='ocrx_word' id='word_1_96' title='bbox 1564 722 1567 725; x_wconf 90' lang='grc'><strong><em>·</em></strong></span> 
     </span>
     <span class='ocr_line' id='line_1_16' title="bbox 191 778 1517 827; baseline 0 -12"><span class='ocrx_word' id='word_1_97' title='bbox 191 785 368 816; x_wconf 90' lang='lat' dir='ltr'>mentum</span> <span class='ocrx_word' id='word_1_98' title='bbox 395 778 445 815; x_wconf 92' lang='lat' dir='ltr'>de</span> <span class='ocrx_word' id='word_1_99' title='bbox 470 790 559 814; x_wconf 84' lang='lat' dir='ltr'>area</span> <span class='ocrx_word' id='word_1_100' title='bbox 589 779 740 815; x_wconf 86' lang='lat' dir='ltr'>tolleret</span> <span class='ocrx_word' id='word_1_101' title='bbox 770 786 981 827; x_wconf 81' lang='lat' dir='ltr'>antequam</span> <span class='ocrx_word' id='word_1_102' title='bbox 1014 791 1102 815; x_wconf 90' lang='lat' dir='ltr'>cum</span> <span class='ocrx_word' id='word_1_103' title='bbox 1134 779 1356 815; x_wconf 86' lang='lat' dir='ltr'>decumano</span> <span class='ocrx_word' id='word_1_104' title='bbox 1380 785 1517 826; x_wconf 87' lang='lat' dir='ltr'>pactus</span> 
     </span>
     <span class='ocr_line' id='line_1_17' title="bbox 190 842 1517 892; baseline 0 -13"><span class='ocrx_word' id='word_1_105' title='bbox 190 851 301 880; x_wconf 90' lang='lat' dir='ltr'>esset.</span> <span class='ocrx_word' id='word_1_106' title='bbox 362 842 526 880; x_wconf 86' lang='lat' dir='ltr'>Ferebat</span> <span class='ocrx_word' id='word_1_107' title='bbox 548 843 649 880; x_wconf 90' lang='lat' dir='ltr'>hanc</span> <span class='ocrx_word' id='word_1_108' title='bbox 672 855 830 891; x_wconf 89' lang='lat' dir='ltr'>quoque</span> <span class='ocrx_word' id='word_1_109' title='bbox 861 842 1107 892; x_wconf 88' lang='lat' dir='ltr'>iniquitatem</span> <span class='ocrx_word' id='word_1_110' title='bbox 1130 842 1323 892; x_wconf 78' lang='lat' dir='ltr'>Septicius</span> <span class='ocrx_word' id='word_1_111' title='bbox 1345 850 1381 880; x_wconf 91' lang='lat' dir='ltr'>et</span> <span class='ocrx_word' id='word_1_112' title='bbox 1403 842 1517 880; x_wconf 90' lang='lat' dir='ltr'>imbri</span> 
     </span>
     <span class='ocr_line' id='line_1_18' title="bbox 190 907 1515 956; baseline 0 -12"><span class='ocrx_word' id='word_1_113' title='bbox 190 909 427 945; x_wconf 86' lang='lat' dir='ltr'>frumentum</span> <span class='ocrx_word' id='word_1_114' title='bbox 448 907 643 956; x_wconf 89' lang='lat' dir='ltr'>corrumpi</span> <span class='ocrx_word' id='word_1_115' title='bbox 674 907 712 944; x_wconf 87' lang='lat' dir='ltr'>in</span> <span class='ocrx_word' id='word_1_116' title='bbox 734 921 822 945; x_wconf 90' lang='lat' dir='ltr'>area</span> <span class='ocrx_word' id='word_1_117' title='bbox 852 907 1081 956; x_wconf 86' lang='lat' dir='ltr'>patiebatur,</span> <span class='ocrx_word' id='word_1_118' title='bbox 1106 921 1196 945; x_wconf 87' lang='lat' dir='ltr'>cum</span> <span class='ocrx_word' id='word_1_119' title='bbox 1226 907 1321 945; x_wconf 87' lang='lat' dir='ltr'>illud</span> <span class='ocrx_word' id='word_1_120' title='bbox 1342 907 1515 945; x_wconf 89' lang='lat' dir='ltr'>edictum</span> 
     </span>
     <span class='ocr_line' id='line_1_19' title="bbox 188 971 1516 1022; baseline 0 -13"><span class='ocrx_word' id='word_1_121' title='bbox 188 980 347 1022; x_wconf 90' lang='lat' dir='ltr'>repente</span> <span class='ocrx_word' id='word_1_122' title='bbox 377 971 616 1009; x_wconf 88' lang='lat' dir='ltr'>uberrimum</span> <span class='ocrx_word' id='word_1_123' title='bbox 647 980 684 1010; x_wconf 90' lang='lat' dir='ltr'>et</span> <span class='ocrx_word' id='word_1_124' title='bbox 716 971 1106 1022; x_wconf 84' lang='lat' dir='ltr'>quaestuosissimum</span> <span class='ocrx_word' id='word_1_125' title='bbox 1140 971 1321 1018; x_wconf 86' lang='lat' dir='ltr'>nascitur,</span> <span class='ocrx_word' id='word_1_126' title='bbox 1354 980 1396 1009; x_wconf 94' lang='lat' dir='ltr'>ut</span> <span class='ocrx_word' id='word_1_127' title='bbox 1424 980 1516 1010; x_wconf 88' lang='lat' dir='ltr'>ante</span> 
     </span>
     <span class='ocr_line' id='line_1_20' title="bbox 190 1037 1515 1086; baseline 0.001 -12"><span class='ocrx_word' id='word_1_128' title='bbox 190 1038 391 1075; x_wconf 85' lang='lat' dir='ltr'>Kalendas</span> <span class='ocrx_word' id='word_1_129' title='bbox 431 1037 582 1075; x_wconf 86' lang='lat' dir='ltr'>Sextilis</span> <span class='ocrx_word' id='word_1_130' title='bbox 623 1037 750 1075; x_wconf 88' lang='lat' dir='ltr'>omnis</span> <span class='ocrx_word' id='word_1_131' title='bbox 790 1039 977 1075; x_wconf 85' lang='lat' dir='ltr'>decumas</span> <span class='ocrx_word' id='word_1_132' title='bbox 1016 1039 1066 1075; x_wconf 88' lang='lat' dir='ltr'>ad</span> <span class='ocrx_word' id='word_1_133' title='bbox 1109 1050 1250 1086; x_wconf 90' lang='lat' dir='ltr'>aquam</span> <span class='ocrx_word' id='word_1_134' title='bbox 1291 1038 1515 1086; x_wconf 84' lang='lat' dir='ltr'>deportatas</span> 
     </span>
    </p>
   </div>
   <div class='ocr_carea' id='block_1_10' title="bbox 188 1101 1575 1152">
    <p class='ocr_par' dir='ltr' id='par_1_10' title="bbox 188 1101 1575 1152">
     <span class='ocr_line' id='line_1_21' title="bbox 188 1101 1575 1152; baseline 0 -13"><span class='ocrx_word' id='word_1_135' title='bbox 188 1102 386 1139; x_wconf 87' lang='lat' dir='ltr'>haberent.</span> <span class='ocrx_word' id='word_1_136' title='bbox 447 1104 538 1140; x_wconf 86' lang='lat' dir='ltr'>Hoc</span> <span class='ocrx_word' id='word_1_137' title='bbox 560 1102 691 1140; x_wconf 89' lang='lat' dir='ltr'>edicto</span> <span class='ocrx_word' id='word_1_138' title='bbox 713 1116 792 1140; x_wconf 88' lang='lat' dir='ltr'>non</span> <span class='ocrx_word' id='word_1_139' title='bbox 815 1102 945 1149; x_wconf 87' lang='lat' dir='ltr'>Siculi,</span> <span class='ocrx_word' id='word_1_140' title='bbox 962 1116 1052 1140; x_wconf 85' lang='lat' dir='ltr'>nam</span> <span class='ocrx_word' id='word_1_141' title='bbox 1075 1116 1142 1140; x_wconf 89' lang='lat' dir='ltr'>eos</span> <span class='ocrx_word' id='word_1_142' title='bbox 1163 1101 1323 1151; x_wconf 89' lang='lat' dir='ltr'>quidem</span> <span class='ocrx_word' id='word_1_143' title='bbox 1346 1102 1515 1152; x_wconf 84' lang='lat' dir='ltr'>superio-</span> <span class='ocrx_word' id='word_1_144' title='bbox 1536 1113 1575 1147; x_wconf 77' lang='lat'>37</span> 
     </span>
    </p>
   </div>
   <div class='ocr_carea' id='block_1_11' title="bbox 186 1166 1572 2193">
    <p class='ocr_par' dir='ltr' id='par_1_11' title="bbox 186 1166 1516 2055">
     <span class='ocr_line' id='line_1_22' title="bbox 187 1166 1515 1217; baseline 0 -13"><span class='ocrx_word' id='word_1_145' title='bbox 187 1166 293 1204; x_wconf 89' lang='lat' dir='ltr'>ribus</span> <span class='ocrx_word' id='word_1_146' title='bbox 321 1167 458 1205; x_wconf 89' lang='lat' dir='ltr'>edictis</span> <span class='ocrx_word' id='word_1_147' title='bbox 492 1167 583 1205; x_wconf 89' lang='lat' dir='ltr'>satis</span> <span class='ocrx_word' id='word_1_148' title='bbox 612 1167 833 1217; x_wconf 88' lang='lat' dir='ltr'>perdiderat</span> <span class='ocrx_word' id='word_1_149' title='bbox 862 1175 981 1216; x_wconf 87' lang='lat' dir='ltr'>atque</span> <span class='ocrx_word' id='word_1_150' title='bbox 1010 1167 1221 1212; x_wconf 76' lang='lat' dir='ltr'>adflixerat,</span> <span class='ocrx_word' id='word_1_151' title='bbox 1254 1168 1323 1205; x_wconf 81' lang='lat' dir='ltr'>sed</span> <span class='ocrx_word' id='word_1_152' title='bbox 1353 1166 1415 1204; x_wconf 86' lang='lat' dir='ltr'>isti</span> <span class='ocrx_word' id='word_1_153' title='bbox 1442 1167 1515 1217; x_wconf 88' lang='lat' dir='ltr'>ipsi</span> 
     </span>
     <span class='ocr_line' id='line_1_23' title="bbox 187 1231 1514 1282; baseline -0.001 -11"><span class='ocrx_word' id='word_1_154' title='bbox 187 1233 338 1282; x_wconf 89' lang='lat' dir='ltr'>equites</span> <span class='ocrx_word' id='word_1_155' title='bbox 362 1233 531 1271; x_wconf 88' lang='lat' dir='ltr'>Romani</span> <span class='ocrx_word' id='word_1_156' title='bbox 553 1233 620 1282; x_wconf 90' lang='lat' dir='ltr'>qui</span> <span class='ocrx_word' id='word_1_157' title='bbox 649 1246 762 1270; x_wconf 91' lang='lat' dir='ltr'>suum</span> <span class='ocrx_word' id='word_1_158' title='bbox 795 1232 854 1269; x_wconf 91' lang='lat' dir='ltr'>ius</span> <span class='ocrx_word' id='word_1_159' title='bbox 882 1232 1046 1270; x_wconf 89' lang='lat' dir='ltr'>retinere</span> <span class='ocrx_word' id='word_1_160' title='bbox 1073 1245 1113 1270; x_wconf 80' lang='lat' dir='ltr'>se</span> <span class='ocrx_word' id='word_1_161' title='bbox 1138 1239 1273 1269; x_wconf 90' lang='lat' dir='ltr'>contra</span> <span class='ocrx_word' id='word_1_162' title='bbox 1294 1231 1514 1281; x_wconf 90' lang='lat' dir='ltr'>Apronium</span> 
     </span>
     <span class='ocr_line' id='line_1_24' title="bbox 187 1296 1515 1347; baseline -0.001 -11"><span class='ocrx_word' id='word_1_163' title='bbox 187 1310 302 1346; x_wconf 89' lang='lat' dir='ltr'>posse</span> <span class='ocrx_word' id='word_1_164' title='bbox 323 1306 432 1336; x_wconf 89' lang='lat' dir='ltr'>erant</span> <span class='ocrx_word' id='word_1_165' title='bbox 451 1297 635 1344; x_wconf 90' lang='lat' dir='ltr'>arbitrati,</span> <span class='ocrx_word' id='word_1_166' title='bbox 661 1296 858 1347; x_wconf 89' lang='lat' dir='ltr'>splendidi</span> <span class='ocrx_word' id='word_1_167' title='bbox 888 1296 1068 1335; x_wconf 88' lang='lat' dir='ltr'>homines</span> <span class='ocrx_word' id='word_1_168' title='bbox 1096 1304 1134 1334; x_wconf 87' lang='lat' dir='ltr'>et</span> <span class='ocrx_word' id='word_1_169' title='bbox 1161 1296 1244 1333; x_wconf 90' lang='lat' dir='ltr'>aliis</span> <span class='ocrx_word' id='word_1_170' title='bbox 1271 1296 1515 1346; x_wconf 88' lang='lat' dir='ltr'>praetoribus</span> 
     </span>
     <span class='ocr_line' id='line_1_25' title="bbox 187 1361 1515 1414; baseline 0.001 -14"><span class='ocrx_word' id='word_1_171' title='bbox 187 1363 354 1412; x_wconf 87' lang='lat' dir='ltr'>gratiosi,</span> <span class='ocrx_word' id='word_1_172' title='bbox 378 1363 496 1402; x_wconf 90' lang='lat' dir='ltr'>vincti</span> <span class='ocrx_word' id='word_1_173' title='bbox 518 1362 696 1414; x_wconf 89' lang='lat' dir='ltr'>Apronio</span> <span class='ocrx_word' id='word_1_174' title='bbox 726 1361 856 1400; x_wconf 90' lang='lat' dir='ltr'>traditi</span> <span class='ocrx_word' id='word_1_175' title='bbox 885 1369 985 1400; x_wconf 90' lang='lat' dir='ltr'>sunt.</span> <span class='ocrx_word' id='word_1_176' title='bbox 1046 1361 1251 1399; x_wconf 85' lang='lat' dir='ltr'>Attendite</span> <span class='ocrx_word' id='word_1_177' title='bbox 1278 1361 1383 1399; x_wconf 90' lang='lat' dir='ltr'>enim</span> <span class='ocrx_word' id='word_1_178' title='bbox 1404 1362 1515 1401; x_wconf 90' lang='lat' dir='ltr'>cuius</span> 
     </span>
     <span class='ocr_line' id='line_1_26' title="bbox 190 1426 1516 1477; baseline 0 -11"><span class='ocrx_word' id='word_1_179' title='bbox 190 1428 297 1466; x_wconf 89' lang='lat' dir='ltr'>modi</span> <span class='ocrx_word' id='word_1_180' title='bbox 327 1429 456 1468; x_wconf 87' lang='lat' dir='ltr'>edicta</span> <span class='ocrx_word' id='word_1_181' title='bbox 485 1429 571 1467; x_wconf 85' lang='lat' dir='ltr'>sint.</span> <span class='ocrx_word' id='word_1_182' title='bbox 632 1429 698 1466; x_wconf 85' lang='lat' dir='ltr'>NE</span> <span class='ocrx_word' id='word_1_183' title='bbox 728 1439 898 1473; x_wconf 87' lang='lat' dir='ltr'><strong>TOLLAT,</strong></span> <span class='ocrx_word' id='word_1_184' title='bbox 922 1426 1060 1477; x_wconf 86' lang='lat' dir='ltr'>inquit,</span> <span class='ocrx_word' id='word_1_185' title='bbox 1085 1439 1138 1464; x_wconf 82' lang='lat' dir='ltr'>Ex</span> <span class='ocrx_word' id='word_1_186' title='bbox 1160 1439 1280 1473; x_wconf 86' lang='lat' dir='ltr'>AREA,</span> <span class='ocrx_word' id='word_1_187' title='bbox 1305 1438 1387 1465; x_wconf 82' lang='lat' dir='ltr'>NISI</span> <span class='ocrx_word' id='word_1_188' title='bbox 1417 1440 1516 1466; x_wconf 81' lang='lat' dir='ltr'><strong>ERIT</strong></span> 
     </span>
     <span class='ocr_line' id='line_1_27' title="bbox 189 1491 1516 1543; baseline -0.001 -12"><span class='ocrx_word' id='word_1_189' title='bbox 189 1506 350 1532; x_wconf 68' lang='lat' dir='ltr'><strong>PACTvs.</strong></span> <span class='ocrx_word' id='word_1_190' title='bbox 411 1495 510 1534; x_wconf 80' lang='lat' dir='ltr'>Satis</span> <span class='ocrx_word' id='word_1_191' title='bbox 537 1496 634 1533; x_wconf 89' lang='lat' dir='ltr'>haec</span> <span class='ocrx_word' id='word_1_192' title='bbox 664 1506 805 1543; x_wconf 83' lang='lat' dir='ltr'>magna</span> <span class='ocrx_word' id='word_1_193' title='bbox 825 1492 882 1530; x_wconf 90' lang='lat' dir='ltr'>vis</span> <span class='ocrx_word' id='word_1_194' title='bbox 903 1500 961 1530; x_wconf 88' lang='lat' dir='ltr'>est</span> <span class='ocrx_word' id='word_1_195' title='bbox 980 1493 1030 1530; x_wconf 87' lang='lat' dir='ltr'>ad</span> <span class='ocrx_word' id='word_1_196' title='bbox 1052 1491 1186 1542; x_wconf 91' lang='lat' dir='ltr'>inique</span> <span class='ocrx_word' id='word_1_197' title='bbox 1207 1491 1488 1541; x_wconf 89' lang='lat' dir='ltr'>paciscendum</span> <span class='ocrx_word' id='word_1_198' title='bbox 1507 1509 1516 1541; x_wconf 76' lang='lat'><em>3</em></span> 
     </span>
     <span class='ocr_line' id='line_1_28' title="bbox 188 1558 1515 1610; baseline -0.001 -13"><span class='ocrx_word' id='word_1_199' title='bbox 188 1561 291 1597; x_wconf 89' lang='lat' dir='ltr'>rnalo</span> <span class='ocrx_word' id='word_1_200' title='bbox 312 1560 416 1598; x_wconf 90' lang='lat' dir='ltr'>enim</span> <span class='ocrx_word' id='word_1_201' title='bbox 438 1562 525 1610; x_wconf 89' lang='lat' dir='ltr'>plus</span> <span class='ocrx_word' id='word_1_202' title='bbox 548 1560 641 1598; x_wconf 80' lang='lat' dir='ltr'>dare</span> <span class='ocrx_word' id='word_1_203' title='bbox 663 1572 781 1608; x_wconf 87' lang='lat' dir='ltr'>quam</span> <span class='ocrx_word' id='word_1_204' title='bbox 810 1571 890 1596; x_wconf 89' lang='lat' dir='ltr'>non</span> <span class='ocrx_word' id='word_1_205' title='bbox 913 1565 1062 1595; x_wconf 91' lang='lat' dir='ltr'>mature</span> <span class='ocrx_word' id='word_1_206' title='bbox 1083 1571 1128 1595; x_wconf 84' lang='lat' dir='ltr'>ex</span> <span class='ocrx_word' id='word_1_207' title='bbox 1148 1571 1236 1595; x_wconf 87' lang='lat' dir='ltr'>area</span> <span class='ocrx_word' id='word_1_208' title='bbox 1258 1558 1402 1596; x_wconf 90' lang='lat' dir='ltr'>tollere.</span> <span class='ocrx_word' id='word_1_209' title='bbox 1462 1560 1515 1596; x_wconf 89' lang='lat' dir='ltr'>At</span> 
     </span>
     <span class='ocr_line' id='line_1_29' title="bbox 187 1622 1512 1676; baseline 0 -15"><span class='ocrx_word' id='word_1_210' title='bbox 187 1624 259 1662; x_wconf 88' lang='lat' dir='ltr'>ista</span> <span class='ocrx_word' id='word_1_211' title='bbox 279 1624 335 1663; x_wconf 92' lang='lat' dir='ltr'>vis</span> <span class='ocrx_word' id='word_1_212' title='bbox 357 1626 570 1676; x_wconf 88' lang='lat' dir='ltr'>Septicium</span> <span class='ocrx_word' id='word_1_213' title='bbox 595 1633 631 1663; x_wconf 90' lang='lat' dir='ltr'>et</span> <span class='ocrx_word' id='word_1_214' title='bbox 653 1638 733 1663; x_wconf 90' lang='lat' dir='ltr'>non</span> <span class='ocrx_word' id='word_1_215' title='bbox 759 1625 888 1662; x_wconf 86' lang='lat' dir='ltr'>nullos</span> <span class='ocrx_word' id='word_1_216' title='bbox 916 1622 1061 1672; x_wconf 86' lang='lat' dir='ltr'>Septici</span> <span class='ocrx_word' id='word_1_217' title='bbox 1090 1622 1225 1660; x_wconf 85' lang='lat' dir='ltr'>similis</span> <span class='ocrx_word' id='word_1_218' title='bbox 1247 1636 1326 1661; x_wconf 89' lang='lat' dir='ltr'>non</span> <span class='ocrx_word' id='word_1_219' title='bbox 1348 1631 1512 1670; x_wconf 87' lang='lat' dir='ltr'>coercet,</span> 
     </span>
     <span class='ocr_line' id='line_1_30' title="bbox 187 1687 1514 1740; baseline -0.001 -13"><span class='ocrx_word' id='word_1_220' title='bbox 187 1690 253 1740; x_wconf 88' lang='lat' dir='ltr'>qui</span> <span class='ocrx_word' id='word_1_221' title='bbox 284 1690 335 1728; x_wconf 82' lang='lat' dir='ltr'>ita</span> <span class='ocrx_word' id='word_1_222' title='bbox 364 1691 510 1737; x_wconf 90' lang='lat' dir='ltr'>dicunt,</span> <span class='ocrx_word' id='word_1_223' title='bbox 547 1693 662 1729; x_wconf 84' lang='lat' dir='ltr'>‘Non</span> <span class='ocrx_word' id='word_1_224' title='bbox 698 1691 832 1728; x_wconf 83' lang='lat' dir='ltr'>tollam</span> <span class='ocrx_word' id='word_1_225' title='bbox 867 1687 998 1737; x_wconf 85' lang='lat' dir='ltr'>potius</span> <span class='ocrx_word' id='word_1_226' title='bbox 1029 1701 1147 1737; x_wconf 88' lang='lat' dir='ltr'>quam</span> <span class='ocrx_word' id='word_1_227' title='bbox 1182 1687 1379 1737; x_wconf 86' lang='lat' dir='ltr'>paciscar.’</span> <span class='ocrx_word' id='word_1_228' title='bbox 1437 1688 1514 1726; x_wconf 91' lang='lat' dir='ltr'>His</span> 
     </span>
     <span class='ocr_line' id='line_1_31' title="bbox 187 1752 1514 1806; baseline -0.002 -13"><span class='ocrx_word' id='word_1_229' title='bbox 187 1757 263 1793; x_wconf 87' lang='lat' dir='ltr'>hoc</span> <span class='ocrx_word' id='word_1_230' title='bbox 285 1756 505 1806; x_wconf 88' lang='lat' dir='ltr'>opponitur,</span> <span class='ocrx_word' id='word_1_231' title='bbox 529 1759 814 1806; x_wconf 88' lang='lat' dir='ltr'>‘Deportatum</span> <span class='ocrx_word' id='word_1_232' title='bbox 836 1754 982 1791; x_wconf 86' lang='lat' dir='ltr'>habeas</span> <span class='ocrx_word' id='word_1_233' title='bbox 1000 1760 1090 1790; x_wconf 88' lang='lat' dir='ltr'>ante</span> <span class='ocrx_word' id='word_1_234' title='bbox 1114 1754 1315 1790; x_wconf 83' lang='lat' dir='ltr'>Kalendas</span> <span class='ocrx_word' id='word_1_235' title='bbox 1337 1752 1514 1791; x_wconf 76' lang='lat' dir='ltr'>Sextilis.&#39;</span> 
     </span>
     <span class='ocr_line' id='line_1_32' title="bbox 188 1817 1512 1871; baseline -0.001 -13"><span class='ocrx_word' id='word_1_236' title='bbox 188 1822 418 1871; x_wconf 90' lang='lat' dir='ltr'>Deportabo</span> <span class='ocrx_word' id='word_1_237' title='bbox 439 1822 563 1871; x_wconf 83' lang='lat' dir='ltr'>igitur.</span> <span class='ocrx_word' id='word_1_238' title='bbox 612 1820 720 1859; x_wconf 88' lang='lat' dir='ltr'>‘Nisi</span> <span class='ocrx_word' id='word_1_239' title='bbox 741 1827 878 1870; x_wconf 87' lang='lat' dir='ltr'>pactus</span> <span class='ocrx_word' id='word_1_240' title='bbox 900 1818 983 1865; x_wconf 89' lang='lat' dir='ltr'>eris,</span> <span class='ocrx_word' id='word_1_241' title='bbox 1008 1831 1087 1855; x_wconf 90' lang='lat' dir='ltr'>non</span> <span class='ocrx_word' id='word_1_242' title='bbox 1109 1817 1401 1855; x_wconf 85' lang='lat' dir='ltr'>commovebis.’</span> <span class='ocrx_word' id='word_1_243' title='bbox 1450 1818 1512 1857; x_wconf 87' lang='lat' dir='ltr'>Sic</span> 
     </span>
     <span class='ocr_line' id='line_1_33' title="bbox 186 1883 1512 1936; baseline -0.002 -12"><span class='ocrx_word' id='word_1_244' title='bbox 186 1887 419 1936; x_wconf 85' lang='lat' dir='ltr'>deportandi</span> <span class='ocrx_word' id='word_1_245' title='bbox 450 1887 534 1926; x_wconf 91' lang='lat' dir='ltr'>dies</span> <span class='ocrx_word' id='word_1_246' title='bbox 564 1885 793 1936; x_wconf 88' lang='lat' dir='ltr'>praestituta</span> <span class='ocrx_word' id='word_1_247' title='bbox 824 1885 959 1922; x_wconf 88' lang='lat' dir='ltr'>tollere</span> <span class='ocrx_word' id='word_1_248' title='bbox 994 1883 1159 1932; x_wconf 84' lang='lat' dir='ltr'>cogebat</span> <span class='ocrx_word' id='word_1_249' title='bbox 1194 1895 1240 1919; x_wconf 85' lang='lat' dir='ltr'>ex</span> <span class='ocrx_word' id='word_1_250' title='bbox 1273 1895 1385 1920; x_wconf 88' lang='lat' dir='ltr'>area:</span> <span class='ocrx_word' id='word_1_251' title='bbox 1429 1896 1512 1933; x_wconf 93' lang='lat' dir='ltr'>pro-</span> 
     </span>
     <span class='ocr_line' id='line_1_34' title="bbox 187 1946 1509 2000; baseline -0.003 -12"><span class='ocrx_word' id='word_1_252' title='bbox 187 1950 326 1989; x_wconf 87' lang='lat' dir='ltr'>hibitio</span> <span class='ocrx_word' id='word_1_253' title='bbox 361 1952 533 1998; x_wconf 87' lang='lat' dir='ltr'>tollendi,</span> <span class='ocrx_word' id='word_1_254' title='bbox 562 1950 635 1989; x_wconf 90' lang='lat' dir='ltr'>nisi</span> <span class='ocrx_word' id='word_1_255' title='bbox 665 1957 802 2000; x_wconf 89' lang='lat' dir='ltr'>pactus</span> <span class='ocrx_word' id='word_1_256' title='bbox 832 1955 943 1994; x_wconf 87' lang='lat' dir='ltr'>esset,</span> <span class='ocrx_word' id='word_1_257' title='bbox 974 1947 1051 1985; x_wconf 89' lang='lat' dir='ltr'>vim</span> <span class='ocrx_word' id='word_1_258' title='bbox 1081 1946 1296 1985; x_wconf 86' lang='lat' dir='ltr'>adhibebat</span> <span class='ocrx_word' id='word_1_259' title='bbox 1325 1947 1509 1997; x_wconf 85' lang='lat' dir='ltr'>pactioni,</span> 
     </span>
     <span class='ocr_line' id='line_1_35' title="bbox 186 2018 540 2055; baseline 0.008 -3"><span class='ocrx_word' id='word_1_260' title='bbox 186 2028 265 2053; x_wconf 91' lang='lat' dir='ltr'>non</span> <span class='ocrx_word' id='word_1_261' title='bbox 288 2018 540 2055; x_wconf 87' lang='lat' dir='ltr'>voluntatem.</span> 
     </span>
    </p>

    <p class='ocr_par' dir='ltr' id='par_1_12' title="bbox 186 2064 1572 2193">
     <span class='ocr_line' id='line_1_36' title="bbox 243 2064 1572 2146; baseline -0.001 -28"><span class='ocrx_word' id='word_1_262' title='bbox 243 2083 326 2119; x_wconf 89' lang='lat' dir='ltr'>Iam</span> <span class='ocrx_word' id='word_1_263' title='bbox 348 2095 439 2120; x_wconf 91' lang='lat' dir='ltr'>vero</span> <span class='ocrx_word' id='word_1_264' title='bbox 460 2082 555 2120; x_wconf 86' lang='lat' dir='ltr'>illud</span> <span class='ocrx_word' id='word_1_265' title='bbox 577 2095 656 2120; x_wconf 90' lang='lat' dir='ltr'>non</span> <span class='ocrx_word' id='word_1_266' title='bbox 678 2082 805 2120; x_wconf 92' lang='lat' dir='ltr'>solum</span> <span class='ocrx_word' id='word_1_267' title='bbox 832 2086 968 2118; x_wconf 89' lang='lat' dir='ltr'>contra</span> <span class='ocrx_word' id='word_1_268' title='bbox 994 2079 1118 2128; x_wconf 84' lang='lat' dir='ltr'>legem</span> <span class='ocrx_word' id='word_1_269' title='bbox 1149 2077 1406 2116; x_wconf 87' lang='lat' dir='ltr'>Hieronicam</span> <span class='ocrx_word' id='word_1_270' title='bbox 1436 2092 1509 2117; x_wconf 89' lang='lat' dir='ltr'>nec</span> <span class='ocrx_word' id='word_1_271' title='bbox 1530 2064 1572 2146; x_wconf 64' lang='grc' dir='ltr'>ῙΞ</span> 
     </span>
     <span class='ocr_line' id='line_1_37' title="bbox 186 2142 1509 2193; baseline 0 -11"><span class='ocrx_word' id='word_1_272' title='bbox 186 2146 313 2183; x_wconf 87' lang='lat' dir='ltr'>solum</span> <span class='ocrx_word' id='word_1_273' title='bbox 342 2154 477 2184; x_wconf 87' lang='lat' dir='ltr'>contra</span> <span class='ocrx_word' id='word_1_274' title='bbox 504 2145 832 2184; x_wconf 89' lang='lat' dir='ltr'>consuetudinem</span> <span class='ocrx_word' id='word_1_275' title='bbox 861 2142 1116 2193; x_wconf 81' lang='lat' dir='ltr'>superiorum,</span> <span class='ocrx_word' id='word_1_276' title='bbox 1140 2144 1207 2181; x_wconf 92' lang='lat' dir='ltr'>sed</span> <span class='ocrx_word' id='word_1_277' title='bbox 1236 2142 1352 2181; x_wconf 88' lang='lat' dir='ltr'>etiarn</span> <span class='ocrx_word' id='word_1_278' title='bbox 1374 2152 1509 2182; x_wconf 89' lang='lat' dir='ltr'>contra</span> 
     </span>
    </p>
   </div>
   <div class='ocr_carea' id='block_1_12' title="bbox 187 2245 1508 2365">
    <p class='ocr_par' dir='ltr' id='par_1_13' title="bbox 187 2245 1508 2365">
     <span class='ocr_line' id='line_1_38' title="bbox 230 2245 1508 2288; baseline -0.002 -9"><span class='ocrx_word' id='word_1_279' title='bbox 230 2258 249 2278; x_wconf 87' lang='lat'><strong>2</strong></span> <span class='ocrx_word' id='word_1_280' title='bbox 272 2249 354 2279; x_wconf 89' lang='lat' dir='ltr'>velit</span> <span class='ocrx_word' id='word_1_281' title='bbox 373 2248 423 2288; x_wconf 85' lang='lat' dir='ltr'>Oq</span> <span class='ocrx_word' id='word_1_282' title='bbox 544 2259 562 2287; x_wconf 88' lang='lat'>4</span> <span class='ocrx_word' id='word_1_283' title='bbox 587 2249 658 2279; x_wconf 86' lang='lat' dir='ltr'>dec.</span> <span class='ocrx_word' id='word_1_284' title='bbox 677 2247 758 2279; x_wconf 86' lang='lat' dir='ltr'>velit</span> <span class='ocrx_word' id='word_1_285' title='bbox 777 2247 807 2278; x_wconf 92' lang='grc' dir='ltr'><em>Ο</em></span> <span class='ocrx_word' id='word_1_286' title='bbox 930 2256 971 2284; x_wconf 84' lang='lat'>24</span> <span class='ocrx_word' id='word_1_287' title='bbox 998 2256 1063 2275; x_wconf 90' lang='lat' dir='ltr'>non</span> <span class='ocrx_word' id='word_1_288' title='bbox 1081 2245 1148 2275; x_wconf 87' lang='lat' dir='ltr'>cO:</span> <span class='ocrx_word' id='word_1_289' title='bbox 1175 2256 1215 2275; x_wconf 84' lang='lat' dir='ltr'>ne</span> <span class='ocrx_word' id='word_1_290' title='bbox 1228 2250 1252 2285; x_wconf 77' lang='lat' dir='ltr'>p</span> <span class='ocrx_word' id='word_1_291' title='bbox 1270 2245 1332 2276; x_wconf 77' lang='lat' dir='ltr'>rell.</span> <span class='ocrx_word' id='word_1_292' title='bbox 1468 2257 1508 2286; x_wconf 86' lang='lat'>25</span> 
     </span>
     <span class='ocr_line' id='line_1_39' title="bbox 187 2289 1508 2365; baseline -0.002 -42"><span class='ocrx_word' id='word_1_293' title='bbox 187 2293 373 2365; x_wconf 39' lang='lat' dir='ltr'>apponitur</span> <span class='ocrx_word' id='word_1_294' title='bbox 389 2291 458 2323; x_wconf 86' lang='lat' dir='ltr'>cO:</span> <span class='ocrx_word' id='word_1_295' title='bbox 482 2293 701 2332; x_wconf 84' lang='lat' dir='ltr'>apponiturp</span> <span class='ocrx_word' id='word_1_296' title='bbox 718 2291 781 2321; x_wconf 75' lang='lat' dir='ltr'>rcll.</span> <span class='ocrx_word' id='word_1_297' title='bbox 953 2299 992 2327; x_wconf 88' lang='lat'>27</span> <span class='ocrx_word' id='word_1_298' title='bbox 1020 2289 1200 2328; x_wconf 83' lang='lat' dir='ltr'>prohibitio</span> <span class='ocrx_word' id='word_1_299' title='bbox 1217 2289 1282 2319; x_wconf 85' lang='lat' dir='ltr'>cO:</span> <span class='ocrx_word' id='word_1_300' title='bbox 1311 2289 1471 2320; x_wconf 82' lang='lat' dir='ltr'>cohibitio</span> <span class='ocrx_word' id='word_1_301' title='bbox 1485 2296 1508 2330; x_wconf 83' lang='lat' dir='ltr'>p</span> 
     </span>
    </p>
   </div>
  </div>
 </body>
</html>
