1715 2734
189 94 240 133 54
265 100 326 122 120
628 87 684 124 M.
716 87 886 125 TVLLI
918 87 1226 127 CICERONIS

261 197 393 235 sertim
433 197 593 247 periculi
634 196 731 234 nihil
771 198 1055 243 ostenderetur,
1093 198 1224 236 delere
1263 205 1301 236 et
1335 197 1592 248 exstinguere.

262 264 404 312 Itaque
432 262 621 301 aedificiis
652 261 850 310 omnibus,
873 262 1042 313 publicis
1070 262 1239 313 privatis,
1261 263 1379 301 sacris
1407 263 1592 313 profanis,

260 326 316 365 sic
354 327 529 377 pepercit
568 328 680 376 quasi
718 328 769 366 ad
801 341 848 366 ea
882 329 1136 367 defendenda
1173 342 1264 366 cum
1296 328 1478 376 exercitu,
1515 343 1596 368 non

260 392 529 441 oppugnanda
563 391 744 430 venisset.
824 393 872 430 In
911 400 1051 431 ornatu
1091 392 1197 431 urbis
1236 393 1374 431 habuit
1412 393 1598 432 victoriae

261 456 464 503 rationem,
488 455 626 494 habuit
647 456 903 495 humanitatis
920 471 929 503 ;
959 457 1144 495 victoriae
1165 458 1329 506 putabat
1358 470 1444 495 esse
1474 459 1597 496 multa
1618 471 1635 502 5

262 522 433 560 Romam
483 522 690 571 deportare
738 534 840 571 quae
889 529 1123 560 ornamento
1163 521 1249 559 urbi
1297 535 1382 560 esse
1421 530 1593 572 possent,

260 585 516 624 humanitatis
547 599 627 624 non
658 587 775 636 plane
800 586 1016 636 exspoliare
1047 587 1196 633 urbem,
1220 586 1447 637 praesertim
1475 599 1595 636 quam

181 668 236 689 121
261 664 492 689 conservare
521 650 720 689 voluisset.
782 652 830 689 In
861 653 935 689 hac
965 651 1175 701 partitione
1205 659 1365 689 ornatus
1395 664 1476 689 non
1507 652 1595 701 plus

260 716 423 754 victoria
446 715 623 753 Marcelli
646 717 796 765 populo
819 717 1006 754 Romano
1027 715 1217 766 adpetivit
1238 729 1358 765 quam
1373 715 1597 754 humanitas

261 780 514 831 Syracusanis
549 780 768 819 reservavit.
831 782 1003 819 Romam
1036 794 1139 831 quae
1169 781 1377 831 adportata
1411 789 1514 827 sunt,
1546 781 1597 818 ad
1621 797 1658 819 10

260 847 402 885 aedem
434 844 612 883 Honoris
642 853 680 884 et
700 845 866 884 Virtutis
897 845 1072 895 itemque
1102 845 1187 883 aliis
1218 845 1257 883 in
1285 845 1382 884 loeis
1402 845 1593 883 videmus.

263 912 373 951 Nihil
394 911 434 949 in
454 910 631 957 aedibus,
655 910 753 948 nihil
774 910 813 948 in
835 910 957 949 hortis
983 910 1123 960 posuit,
1147 910 1245 948 nihil
1275 910 1314 948 in
1344 909 1600 956 suburbano;

262 976 425 1027 putavit,
447 975 478 1014 si
508 975 614 1014 urbis
645 983 879 1014 ornamenta
908 976 1074 1014 domum
1105 988 1216 1012 suam
1247 988 1327 1012 non
1355 973 1596 1021 contulisset,

263 1032 429 1081 domum
461 1054 574 1079 suam
603 1048 839 1078 ornamento
871 1039 957 1078 urbi
992 1041 1173 1078 futuram.
1233 1039 1431 1089 Syracusis
1464 1047 1598 1078 autem

263 1108 458 1157 permulta
480 1113 599 1155 atque
616 1105 769 1156 egregia
785 1105 941 1155 reliquit
958 1120 968 1153 3
998 1106 1118 1144 deum
1139 1118 1232 1143 vero
1252 1106 1405 1143 nullum
1426 1104 1596 1152 violavit,
1623 1120 1657 1151 ¹5

264 1173 416 1210 nullum
451 1170 587 1221 attigit.
648 1172 837 1210 Conferte
872 1171 1051 1217 Verrem,
1082 1183 1162 1208 non
1196 1177 1237 1207 ut
1267 1169 1472 1208 hominem
1506 1182 1598 1207 cum

266 1236 429 1275 homine
450 1235 698 1285 comparetis,
724 1249 773 1274 ne
795 1248 873 1285 qua
894 1235 960 1273 tali
981 1234 1063 1272 viro
1092 1241 1248 1272 mortuo
1269 1235 1336 1272 fiat
1356 1233 1506 1281 iniuria,
1529 1235 1598 1273 sed

266 1310 307 1340 ut
328 1314 467 1352 pacem
489 1314 580 1338 cum
602 1301 718 1347 bello,
742 1301 847 1349 leges
876 1313 966 1338 cum
988 1300 1036 1348 vi,
1060 1300 1187 1338 forum
1209 1307 1247 1338 et
1268 1299 1359 1338 iuris
1380 1299 1598 1338 dictionem

265 1381 356 1406 curn
378 1368 479 1405 ferro
509 1374 546 1404 et
575 1365 703 1412 armis,
727 1366 943 1404 adventum
974 1372 1012 1404 et
1041 1364 1274 1403 comitatum
1304 1377 1396 1403 cum
1426 1364 1598 1403 exercitu

266 1441 303 1471 et
324 1431 486 1470 victoria
506 1430 725 1469 conferatis.
1618 1444 1659 1466 20
1714 1480 1715 1483 Ἰ

321 1497 443 1536 Aedis
476 1496 680 1535 Minervae
709 1504 767 1535 est
798 1496 836 1534 in
869 1497 1014 1543 Insula,
1038 1497 1089 1534 de
1118 1509 1197 1546 qua
1226 1503 1317 1534 ante
1342 1494 1450 1543 dixi;
1478 1507 1598 1544 quam

268 1564 479 1601 Marcellus
501 1575 581 1600 non
602 1561 738 1611 attigit,
762 1575 880 1611 quarn
903 1562 1061 1611 plenam
1082 1569 1201 1611 atque
1222 1568 1399 1599 ornatam
1421 1559 1600 1609 reliquit;

266 1641 368 1678 quae
387 1628 438 1665 ab
459 1627 533 1665 isto
564 1626 619 1665 sic
650 1627 816 1677 spoliata
845 1635 965 1677 atque
995 1627 1147 1677 direpta
1172 1634 1229 1665 est
1250 1640 1331 1665 non
1352 1634 1394 1664 ut
1414 1626 1464 1664 ab
1486 1627 1600 1664 hoste
1712 1651 1715 1671 4

265 1692 409 1742 aliquo,
433 1691 500 1742 qui
521 1699 653 1730 tamen
676 1693 714 1729 in
736 1692 842 1730 bello
871 1691 1100 1741 religionem
1129 1699 1166 1730 et
1197 1689 1496 1730 consuetudinis
1517 1689 1599 1728 iura
1712 1679 1715 1688 ¹

266 1757 459 1804 retineret,
482 1758 552 1796 sed
574 1764 615 1794 ut
635 1770 658 1794 a
678 1756 852 1795 barbaris
870 1757 1136 1807 praedonibus
1154 1765 1291 1795 vexata
1306 1770 1392 1795 esse
1407 1756 1594 1795 videatur.
1619 1767 1657 1800 25
1712 1787 1714 1796 ,

267 1824 403 1872 Pugna
433 1830 513 1861 erat
543 1822 734 1872 equestris
757 1822 966 1872 Agathocli
997 1821 1095 1872 rcgis
1126 1823 1164 1860 in
1195 1821 1339 1861 tabulis
1368 1822 1473 1872 picta
1493 1834 1599 1871 prae-

266 1889 395 1935 clare3
425 1887 470 1925 iis
499 1894 632 1925 autem
668 1887 811 1925 tabulis
847 1887 1049 1926 interiores
1090 1887 1225 1938 templi
1262 1887 1427 1938 parietes
1462 1886 1598 1926 vestie-

266 1953 419 1991 bantur.
479 1952 587 1990 Nihil
610 1960 690 1990 erat
711 1966 757 1990 ea
779 1952 929 2003 pictura
952 1952 1134 1999 nobilius,
1159 1952 1256 1990 nihil
1277 1951 1475 2001 Syracusis
1489 1953 1597 2001 quod

267 2017 388 2067 magis
409 2017 616 2055 visendum
639 2025 848 2067 putaretur.
914 2019 1000 2056 Has
1022 2019 1174 2056 tabulas
1190 2020 1246 2056 M.
1267 2019 1490 2064 Marcellus,
1505 2030 1595 2055 cum

195 1478 246 1517 55

187 1539 243 1560 122

308 2132 327 2151 2
353 2121 426 2152 aed.
460 2121 601 2160 publicis
628 2121 783 2151 omnibus
815 2121 910 2152 RSW
1043 2134 1061 2161 4
1086 2122 1314 2162 oppugnanda
1342 2120 1459 2152 SDW:
1495 2132 1597 2159 exop-

265 2165 445 2204 pugnanda
465 2164 516 2194 R:
541 2166 764 2203 expugnanda
779 2166 822 2204 Ῑ>δ
919 2167 940 2196 6
967 2166 1037 2195 urbi
1056 2166 1257 2205 Naugerius.
1277 2165 1345 2196 edd.
1365 2176 1371 2194 1
1401 2165 1491 2195 urbis
1507 2165 1596 2195 codd.

268 2219 282 2246 7
311 2209 511 2248 praesertim
535 2208 601 2238 secl.
620 2208 756 2240 Richter.
780 2208 892 2240 Ehem.
1033 2220 1072 2240 10
1097 2210 1272 2248 adportata
1295 2211 1384 2248 (app.
1409 2209 1454 2248 R)
1477 2208 1596 2239 RSD:

265 2257 438 2290 asportata
449 2252 492 2292 ρδ
625 2262 662 2281 21
694 2251 797 2281 Aedis
817 2251 936 2282 RSH:
967 2253 1068 2283 aedes
1087 2255 1102 2281 δ
1236 2263 1275 2291 24
1304 2252 1500 2289 religionem
1523 2251 1592 2284 RS.

264 2294 405 2325 Gellius:
430 2295 628 2333 religionum
644 2295 685 2334 pb
825 2304 864 2332 25
888 2295 1049 2324 retineret
1063 2300 1098 2334 p.
1118 2294 1262 2325 Gellius:
1288 2295 1475 2325 contineret
1492 2293 1593 2325 RSH

263 2341 371 2377 26-27
390 2338 564 2378 praeclare
582 2338 621 2368 iis
638 2337 767 2374 Eberlt„
787 2337 947 2368 Zielinski
960 2339 1010 2379 (p.
1034 2340 1105 2378 197)
1125 2350 1133 2370 :
1167 2339 1346 2378 praeclaris
1365 2348 1444 2375 gom.
1462 2339 1517 2379 iis)
1529 2339 1591 2379 ῥδε

263 2380 303 2409 iis
322 2389 400 2417 tom.
426 2381 616 2421 praeclare)
635 2381 724 2413 codd.
740 2382 815 2422 pler.
