1715 2734
179 92 206 133 5
229 103 267 133 14
597 86 652 122 M.
684 85 853 123 TVLLI
885 85 1192 124 CICERONIS

223 197 389 236 delubra
415 198 549 235 omnia
572 194 828 235 sanctissimis
858 194 1111 245 religionibus
1137 202 1366 235 consecrata
1386 196 1555 245 depecu—

223 264 324 300 latus
345 269 413 309 est‚
437 263 557 300 deum
578 261 751 311 denique
772 262 925 299 nullum
955 260 1106 308 Siculis,
1129 261 1197 311 qui
1223 261 1258 300 ei
1286 262 1404 312 paulo
1432 260 1554 311 magis

223 328 384 366 adfabre
422 334 541 377 atque
579 326 743 376 antiquo
781 325 946 364 artificio
985 327 1110 364 factus
1143 325 1349 373 videretur,
1386 326 1551 377 reliquit.

226 394 273 431 In
295 392 437 443 stupris
454 382 549 430 vvero
569 399 607 430 et
632 390 787 441 flagitiis
815 390 980 429 nefarias
1001 390 1085 429 eius
1109 391 1294 430 libidines
1315 405 1556 430 commemo-

224 471 306 496 rare
345 459 497 508 pudore
535 458 757 504 deterreor;
800 456 916 495 simul
954 456 1109 495 illorum
1149 456 1412 495 calamitatem
1451 470 1594 506 com-5

226 524 484 562 memorando
513 537 654 573 augere
685 524 779 561 nolo
809 522 953 572 quibus
987 522 1132 560 liberos
1166 522 1433 572 coniugesque
1467 535 1556 560 suas

224 588 393 639 integras
431 589 482 627 ab
519 588 630 626 istius
669 587 886 638 petulantia
919 601 1150 626 conservare
1185 601 1263 625 non
1299 587 1449 625 licitum
1485 595 1553 625 est.

224 656 302 692 ‘At
332 654 437 692 enim
468 655 565 692 haec
595 653 647 691 ita
677 652 889 691 commissa
919 660 1009 690 sunt
1038 653 1089 690 ab
1119 652 1194 690 isto
1224 660 1265 690 ut
1293 666 1373 690 non
1400 652 1558 703 cognita

225 719 302 758 sint
331 719 381 757 ab
411 702 621 757 o'mnibus)
680 718 900 757 Hominem
931 731 1016 756 esse
1049 717 1214 756 arbitror
1246 717 1456 764 neminem,
1490 717 1557 767 qui

225 798 372 823 nomen
400 784 510 822 istius
536 784 713 831 audierit,
737 784 831 834 quin
861 785 962 822 facta
982 797 1142 834 quoque
1170 783 1252 822 eius
1281 783 1426 821 nefaria
1453 797 1558 822 com·
1580 800 1618 821 10

226 863 443 888 memorare
477 848 610 899 possit,
648 856 689 886 ut
725 848 820 886 mihi
855 848 977 898 magis
1011 848 1232 887 timendum
1268 848 1316 885 sit
1351 862 1400 886 ne
1436 849 1558 886 multa

225 914 389 953 crimina
409 914 716 964 praetermittere
738 928 857 964 quam
886 927 935 952 ne
956 927 1034 964 qua
1060 913 1099 951 in
1128 914 1244 952 istum
1268 915 1413 963 fingere
1434 913 1559 951 existi-

226 993 318 1018 mer.
379 981 522 1029 Neque
551 979 656 1017 enim
688 978 783 1017 mihi
814 978 968 1017 videtur
998 979 1095 1016 haec
1126 978 1348 1024 multitudo,
1376 992 1477 1027 quae
1506 979 1557 1016 ad

225 1044 469 1084 audiendum
504 1044 700 1091 convenit,
733 1057 972 1094 cognoscere
1003 1058 1049 1082 ex
1084 1057 1147 1082 me
1181 1057 1339 1082 causam
1375 1043 1556 1089 voluisse,

225 1111 295 1149 sed
326 1123 372 1148 ea
401 1123 502 1160 quae
532 1110 604 1147 scit
635 1123 791 1148 mecum
822 1122 1114 1159 recognoscere.
1581 1122 1618 1154 15

179 1175 206 1212 6
282 1176 396 1223 Quae
427 1189 518 1213 cum
553 1174 607 1213 ita
640 1174 728 1221 sint,
762 1174 834 1213 iste
869 1176 991 1213 homo
1024 1187 1162 1213 amens
1195 1187 1241 1212 ac
1275 1173 1450 1224 perditus
1484 1173 1559 1212 alia

227 1254 383 1279 mecum
414 1240 563 1279 ratione
593 1248 751 1290 pugnat.
812 1242 905 1279 Non
935 1240 975 1278 id
1004 1239 1083 1291 agit
1112 1247 1154 1278 ut
1183 1239 1347 1278 alicuius
1374 1241 1559 1289 eloquen-

226 1305 319 1343 tiam
360 1304 456 1343 mihi
495 1312 700 1355 opponat3
748 1318 829 1343 non
869 1304 1002 1354 gratia,
1043 1318 1124 1342 non
1162 1304 1394 1343 auctoritate
1433 1304 1559 1342 cuius-

226 1384 356 1421 quam,
376 1384 455 1409 non
476 1370 653 1421 potentia
673 1369 818 1408 nititur.
869 1370 1034 1409 Simulat
1055 1370 1114 1408 his
1135 1384 1176 1409 se
1197 1371 1313 1408 rebus
1334 1371 1557 1416 confidere,

226 1437 296 1475 sed
323 1435 440 1474 video
467 1435 563 1485 quid
589 1443 702 1485 agat;
737 1449 867 1485 neque
893 1435 997 1474 enim
1026 1435 1104 1485 agit
1132 1434 1406 1473 occultissime.
1468 1436 1558 1472 Pro-
1580 1452 1620 1473 20

226 1501 337 1551 ponit
359 1501 490 1539 inania
512 1501 606 1538 mihi
629 1501 854 1547 nobilitatis,
879 1502 954 1539 hoc
976 1508 1033 1539 est
1055 1500 1261 1539 hominum
1283 1499 1557 1549 adrogantium

226 1566 402 1613 nomina,
431 1559 501 1617 qui
538 1580 619 1605 non
655 1574 733 1604 tam
776 1580 837 1605 me
874 1567 1096 1616 impediunt
1128 1567 1237 1616 quod
1269 1566 1422 1605 nobiles
1454 1574 1556 1612 sunt,

226 1646 345 1682 quam
365 1631 553 1670 adiuvant
575 1633 683 1682 quod
706 1631 786 1670 noti
813 1639 903 1670 sunt
921 1647 927 1669 z
961 1631 1117 1669 simulat
1139 1645 1180 1670 se
1201 1645 1337 1670 eorum
1362 1630 1558 1681 praesidio

226 1699 437 1744 confidere,
461 1712 551 1736 cum
579 1698 726 1736 interea
752 1697 859 1736 aliud
881 1697 1071 1747 quiddam
1100 1697 1176 1735 iam
1202 1697 1269 1735 diu
1298 1696 1556 1735 machinetur.

171 1769 206 1800 ιο
228 1765 358 1813 Quam
399 1777 510 1813 spem
549 1777 655 1801 nunc
695 1764 838 1802 babeat
878 1763 916 1800 in
957 1762 1138 1801 manibus
1173 1770 1211 1801 et
1245 1762 1341 1813 quid
1375 1762 1557 1800 moliatur
1580 1775 1619 1806 25

227 1829 393 1867 breviter
432 1828 521 1875 iam,
562 1828 723 1875 iudices,
760 1828 872 1867 vobis
911 1841 1134 1878 exponam3
1177 1829 1246 1866 sed
1286 1827 1391 1877 prius
1430 1835 1472 1865 ut
1505 1828 1556 1865 ab

226 1893 337 1932 initio
368 1907 427 1932 res
456 1895 507 1932 ab
538 1908 585 1933 eo
616 1894 829 1932 constituta
860 1893 918 1940 sit,
947 1907 1105 1943 quaeso,
1138 1892 1375 1943 cognoscite.

282 1961 335 1997 Vt
357 1959 526 2009 primum
549 1973 570 1998 e
592 1959 793 2010 provincia
818 1959 943 2006 rediit,
967 1958 1187 2009 redemptio
1212 1966 1269 1996 est
1297 1958 1412 1996 huius
1438 1958 1556 1997 iudici

228 2026 329 2062 facta
357 2025 493 2075 grandi
525 2024 702 2075 pecunia.
765 2024 913 2062 Mansit
948 2024 987 2062 in
1021 2023 1258 2062 condicione
1289 2031 1408 2073 atque
1442 2024 1563 2073 pacto'

290 2139 301 2158 1
330 2128 551 2167 depeculatus
581 2134 605 2168 j>
643 2131 768 2169 (errant
799 2128 924 2168 Zumpt
953 2132 980 2158 cl
1010 2127 1128 2161 IordA.
1171 2127 1231 2167 bqr
1265 2126 1334 2158 edd.
1372 2127 1394 2166 (i
1430 2130 1444 2164 ,ὁ
1474 2127 1558 2167 48):

229 2172 453 2211 depopulatus
470 2173 534 2202 ΒΨ
690 2182 711 2211 9
734 2173 776 2202 ab
793 2173 983 2203 hominibus
995 2172 1051 2212 pq¹
1207 2181 1282 2201 esse
1300 2171 1444 2201 arbitror
1460 2171 1515 2210 Dp
1531 2175 1561 2201 et

223 2215 303 2255 pler.
325 2227 331 2245 ε
355 2216 498 2246 arbitror
515 2226 589 2246 esse
608 2224 646 2255 qr
734 2218 776 2245 26
799 2217 841 2245 ab
858 2216 953 2245 initio
972 2226 1025 2246 res
1042 2216 1083 2245 ab
1101 2225 1141 2245 eo
1158 2213 1276 2254 DZpr:
1302 2215 1343 2244 ab
1361 2224 1400 2244 eo
1417 2225 1481 2244 om.
1504 2214 1555 2253 G„

229 2258 270 2288 ab
287 2259 383 2288 initio
400 2270 464 2290 om.
487 2259 566 2298 G2K
690 2269 729 2298 27
757 2264 860 2290 const.
880 2260 923 2288 sit
940 2259 981 2289 ab
1001 2269 1042 2289 eo
1055 2269 1075 2298 q
1192 2269 1234 2296 29
1259 2257 1307 2288 Ea
1324 2258 1446 2288 mansit
1462 2257 1557 2296 Asc„

228 2300 334 2333 Sclzol.
359 2302 500 2333 Gronov.
590 2303 827 2343 condicionep
844 2314 850 2333 z
874 2302 1000 2333 ditione
1016 2313 1042 2333 s.
1063 2302 1209 2332 dictione
1228 2301 1292 2333 rell.
