1715 2734
118 109 385 147 ACTIONIS
418 109 477 145 IN
509 109 552 146 C.
580 109 820 145 VERREM
852 107 1152 146 SECVNDAE
1184 107 1286 142 LIB.
1312 107 1329 142 Ι
1388 106 1442 150 48
1465 117 1524 148 125

116 219 349 257 hereditates
380 221 505 256 valere
536 233 636 268 quae
665 227 756 257 ante
786 233 876 258 eum
906 226 1125 268 praetorem
1155 217 1353 255 venissent
1369 232 1378 264 3
1411 216 1442 254 si

115 285 191 321 hoc
230 292 312 321 tum
352 283 486 321 fuisset
525 283 710 329 edictum,
755 285 916 321 fortasse
956 283 1139 332 Ligurem
1183 282 1441 320 hereditatem

113 348 309 386 aditurum
341 362 420 386 non
449 348 576 386 fuisse.
637 349 777 397 Aequa
803 347 1026 397 postulatio,
1054 360 1208 385 summa
1234 346 1441 384 hominum

113 413 322 451 auctoritas
350 413 474 463 pretio
501 414 766 463 superabatur.
827 413 947 451 Venit
981 415 1151 450 Romam
1184 413 1327 462 Ligus,
1361 426 1442 449 non
1466 418 1524 448 126

76 494 91 523 5
114 478 319 516 dubitabat
336 478 442 527 quin,
461 478 491 515 si
514 477 596 528 ipse
610 480 771 516 Verrem
796 478 1055 525 convenisset,
1074 477 1271 527 aequitate
1287 491 1439 523 causae,

112 543 342 581 auctoritate
367 556 436 580 sua
463 556 714 581 commovere
746 543 948 580 hominem
980 550 1122 592 posset.
1187 544 1363 580 Domum
1390 543 1440 580 ad

113 621 202 645 eum
237 607 352 654 venit,
389 621 469 645 rem
505 609 759 652 demonstrat,
795 621 912 657 quam
950 607 1100 657 pridem
1136 607 1209 645 sibi
1245 607 1439 645 hereditas

113 672 281 710 venisset
319 673 461 719 docet,
504 673 612 721 quod
652 672 764 710 facile
803 672 955 710 homini
1000 672 1204 722 ingenioso
1244 672 1283 709 in
1323 685 1440 710 causa

111 736 347 786 aequissima
381 737 463 783 fuit,
502 738 623 775 multa
650 751 751 786 quae
786 737 964 787 quemvis
995 751 1246 776 commovere
1278 744 1439 787 possent

9 833 14 856 ἦ
56 813 93 834 10
112 801 207 839 dixit
222 816 231 848 (ς
278 803 328 840 ad
371 810 587 840 extremum
637 809 768 851 petere
816 802 946 852 coepit
987 816 1037 840 ne
1076 816 1201 852 usque
1240 816 1287 841 eo
1327 816 1437 840 suam

110 866 382 904 auctoritatem
404 866 623 916 despiceret
644 866 887 916 gratiamque
910 874 1180 905 contemneret
1201 874 1242 905 ut
1263 880 1304 905 se
1330 856 1439 906 tanta

110 931 249 969 iniuria
278 932 474 969 adficeret.
536 934 673 968 Homo
701 931 884 981 Ligurem
914 945 1097 970 accusare
1127 931 1267 981 coepit,
1300 932 1367 981 qui
1397 932 1437 970 in

110 1010 149 1034 re
178 996 399 1034 adventicia
427 1004 545 1045 atque
576 996 808 1034 hereditaria
838 1004 916 1034 tam
947 997 1122 1046 diligens,
1155 1004 1235 1034 tam
1265 1004 1437 1035 attentus

15 1110 16 1114 Ἰ
110 1069 237 1108 esset3
266 1062 410 1099 debere
438 1075 528 1099 eum
557 1061 686 1100 aiebat
712 1075 822 1099 suam
853 1075 1013 1111 quoque
1044 1062 1235 1100 rationem
1268 1063 1436 1109 ducere;

11 1161 16 1182 γη
55 1141 91 1172 15
111 1128 233 1164 multa
267 1126 340 1164 sibi
375 1139 474 1176 opus
508 1140 604 1172 esse,
643 1128 764 1164 multa
798 1126 962 1164 canibus
997 1126 1086 1173 suis,
1128 1140 1227 1175 quos
1260 1126 1361 1165 circa
1395 1140 1436 1164 se

110 1193 280 1230 haberet.
342 1193 434 1229 Non
474 1205 635 1241 possum
674 1191 738 1229 illa
776 1191 930 1241 planius
968 1205 1278 1229 commemorare
1317 1205 1435 1241 quam

109 1256 239 1306 ipsum
289 1256 472 1306 Ligurem
514 1270 584 1306 pro
633 1255 860 1294 testimonio
909 1255 1039 1294 dicere
1079 1255 1253 1294 audistis.
1327 1256 1435 1304 Quid
1459 1270 1519 1302 127

108 1330 177 1368 est,
222 1324 392 1360 Verres?
445 1330 573 1359 utrum
616 1336 666 1360 ne
714 1321 773 1359 his
817 1321 979 1371 quidem
1028 1321 1192 1359 testibus
1240 1322 1431 1367 credetur,

107 1401 156 1424 an
206 1389 302 1425 haec
349 1388 399 1425 ad
448 1401 528 1425 rem
577 1401 658 1425 non
706 1386 931 1437 pertinent?
993 1401 1072 1425 non
1120 1388 1325 1425 credemus
1376 1389 1432 1424 M.

50 1468 89 1490 20
109 1452 286 1498 Octavio,
332 1466 412 1490 non
457 1454 499 1489 L.
543 1451 703 1502 Liguri?
755 1451 841 1501 quis
890 1451 1004 1490 nobis
1045 1453 1189 1498 credet,
1230 1451 1293 1490 cui
1333 1454 1435 1490 nos?

14 1503 16 1509 Ι
107 1517 203 1567 quid
242 1525 299 1555 est
339 1518 446 1567 quod
485 1518 647 1567 planum
688 1517 767 1555 fieri
801 1516 966 1555 testibus
1005 1517 1138 1567 possit,
1174 1516 1205 1555 si
1244 1518 1320 1555 hoc
1352 1531 1431 1555 non

106 1583 178 1620 fit?
234 1584 297 1619 An
336 1582 376 1620 id
415 1584 523 1632 quod
561 1582 698 1620 dicunt
737 1584 821 1620 leve
856 1584 943 1620 est?
1000 1582 1108 1619 Nihil
1152 1582 1274 1620 levius
1313 1596 1431 1632 quam

106 1655 324 1696 praetorem
368 1647 561 1685 urbanum
611 1649 687 1685 hoc
735 1647 826 1685 iuris
867 1647 906 1684 in
954 1660 1025 1685 suo
1070 1646 1294 1696 magistratu
1343 1661 1433 1686 con—

107 1712 276 1758 stituere,
326 1712 511 1749 omnibus
559 1711 703 1761 quibus
757 1711 952 1750 hereditas
1000 1711 1147 1749 venerit
1194 1713 1430 1751 coheredem

15 1774 17 1778 ’
49 1792 86 1824 ²5
107 1784 324 1827 praetorem
347 1790 430 1815 esse
459 1785 649 1826 oportere.
710 1778 773 1814 An
795 1791 886 1815 vero
911 1777 1139 1815 dubitamus
1161 1790 1240 1826 quo
1268 1791 1334 1815 ore
1358 1777 1430 1816 iste

106 1849 255 1879 ceteros
276 1841 456 1880 homines
479 1841 678 1880 inferiores
699 1843 798 1887 loco,
821 1841 1064 1889 auctoritate,
1085 1841 1233 1887 ordine,
1257 1856 1336 1891 quo
1364 1856 1430 1881 ore

105 1906 285 1944 homines
313 1906 529 1944 rusticanos
558 1921 603 1944 ex
637 1905 870 1955 municipiis,
900 1920 979 1955 quo
1014 1906 1185 1955 denique
1215 1919 1292 1953 ore,
1329 1921 1428 1956 quos

105 1985 319 2021 numquam
360 1971 503 2010 liberos
542 1971 704 2021 putavit,
743 1971 945 2009 libertinos
985 1971 1165 2008 homines
1205 1971 1341 2010 solitus
1380 1972 1428 2010 sit

103 2038 309 2087 appellare,
346 2036 413 2086 qui
451 2037 503 2075 ob
542 2037 601 2074 ius
641 2036 856 2075 dicendum
894 2039 948 2074 M.
985 2036 1194 2075 Octavium
1231 2037 1427 2087 Ligurem,

150 2150 163 2170 1
190 2141 379 2182 venissent]
406 2142 545 2173 fuissent
563 2142 716 2172 Vcotzlra
732 2142 821 2174 codd.
843 2146 872 2172 el
891 2143 993 2173 Prisc.
1086 2152 1104 2182 5
1129 2153 1250 2172 causae
1273 2142 1303 2171 V
1313 2143 1399 2174 Non.
1420 2156 1426 2174 :

104 2194 223 2214 causae
241 2190 274 2214 et
286 2190 332 2224 pr
347 2186 410 2216 rell.
427 2186 461 2224 (i,
480 2189 494 2223 ξ
514 2196 571 2225 137
590 2198 595 2221 ;
619 2187 702 2216 Am.
714 2187 748 2223 J.
763 2186 823 2216 Ph.
838 2187 927 2216 xxvi.
942 2187 1020 2225 414)
1162 2188 1182 2215 8
1206 2186 1267 2216 suit
1279 2187 1310 2215 in
1325 2197 1426 2218 causa

103 2228 357 2269 aequissimapr
446 2240 481 2259 11
509 2230 784 2269 gratiamqueprb
799 2241 805 2259 :
823 2230 962 2268 gratiam
983 2230 1011 2259 V
1029 2230 1093 2270 (i,§
1114 2232 1188 2268 145)
1272 2239 1310 2268 17
1335 2230 1424 2268 Quid

103 2274 155 2300 est
173 2271 222 2300 V:
247 2272 324 2310 quid
342 2278 360 2302 e
373 2278 418 2312 p:
444 2274 523 2312 quid
539 2273 677 2303 enimbfi
779 2274 816 2302 18
840 2274 1039 2304 crederetur
1051 2275 1093 2313 ρδ
1187 2283 1224 2312 19
1249 2275 1424 2305 credemus

107 2313 154 2343 V:
179 2315 347 2345 credimus
365 2327 406 2346 rr:
428 2327 494 2347 om.
515 2317 552 2346 ὸδ
640 2327 677 2346 21
706 2321 756 2347 est
780 2317 823 2346 V:
848 2322 899 2348 est
916 2318 1041 2347 Verres
1053 2323 1099 2357 pr
1195 2327 1235 2355 23
1261 2318 1423 2348 urbanum

110 2356 155 2387 V:
179 2358 249 2388 urb.
264 2363 312 2399 p:
338 2359 428 2390 urbis
446 2360 482 2390 ὸδ
501 2361 534 2400 igi,
556 2363 570 2397 ξ
596 2362 670 2401 143)
802 2370 843 2399 29
868 2361 1045 2390 dicendum
1071 2361 1161 2391 Vrrb:
1186 2361 1367 2391 dicundum
1387 2363 1403 2390 δ

1299 2404 1337 2435 7*
