1715 2734
160 117 202 155 71
225 111 286 153 167
587 106 644 144 M.
675 105 843 142 TVLLI
875 104 1181 143 CICERONIS

138 222 198 264 167
272 217 501 256 Admiratur
539 224 577 255 et
615 223 814 267 exspectat
853 215 1043 265 quidnam
1082 215 1239 254 Vettius
1272 215 1449 254 dicturus
1487 215 1546 254 sit.

219 281 329 319 Nihil
363 282 469 320 dicet
498 296 545 320 ex
574 289 761 331 tempore,
785 280 882 318 nihil
912 294 958 318 ex
982 294 1052 318 sua
1075 282 1289 327 voluntate,
1319 280 1428 326 nihil,
1458 294 1549 318 cum

218 347 407 384 utrumvis
442 347 599 385 licuisse
628 346 817 385 videatur.
880 345 990 383 Misit
1021 345 1061 383 in
1101 345 1274 384 Siciliam
1313 344 1459 383 litteras
1497 346 1549 383 ad

218 412 503 462 Carpinatium,
533 426 622 450 cum
667 418 769 450 esset
798 411 981 461 magister
1017 411 1232 461 scripturae
1261 418 1300 449 et
1329 424 1396 448 sex
1426 410 1550 460 publi—

216 490 364 524 corum,
388 491 484 527 quas
515 490 588 527 ego
622 475 821 526 Syracusis
841 477 947 525 apud
969 475 1239 525 Carpinatium
1270 475 1310 513 in
1335 475 1549 513 litterarum
1570 489 1585 519 5

216 543 434 580 adlatarum
484 541 602 588 libris,
655 543 810 580 Romae
857 541 896 579 in
944 541 1157 579 litterarum
1197 541 1402 578 missarum
1443 541 1550 590 apud

218 607 444 657 magistrum
484 608 527 645 L.
569 606 756 654 Tullium,
791 606 1022 644 familiarem
1057 614 1180 654 tuum,
1212 606 1376 654 inveni3
1406 606 1550 656 quibus

216 687 262 710 ex
309 672 445 710 litteris
483 672 772 722 impudentiam
811 671 1072 719 faeneratoris,
1113 685 1272 722 quaeso,
1310 670 1547 721 cognoscite.

217 739 433 775 LITTERAE
463 749 612 775 MISSAE
639 739 680 775 P.
707 739 849 785 VETTI,
873 739 914 775 P.
938 738 1120 784 SERVILI,
1148 738 1192 776 C.
1226 739 1402 775 ANTlsTI
1431 748 1551 774 rmor—

217 815 426 841 sTRORVM.
487 804 648 841 Praesto
678 816 719 841 se
740 801 810 841 tibi
839 802 893 840 ait
923 803 1097 840 futurum
1126 801 1282 840 Vettius
1306 809 1344 840 et
1372 801 1551 839 observa·
1573 817 1611 838 10

217 876 346 906 turum
370 881 488 918 quem
519 869 570 906 ad
598 869 763 906 modum
784 867 954 906 rationes
981 868 1033 906 ad
1052 866 1244 905 aerarium
1265 868 1419 914 referas,
1442 874 1495 912 ut,
1519 865 1549 903 si

216 934 320 971 hane
353 947 400 971 ex
431 934 591 971 faenore
620 932 831 983 pecuniam
862 934 1013 982 populo
1047 946 1128 971 non
1167 932 1370 979 rettuleris,
1408 932 1550 970 reddas

135 1003 193 1034 168
215 997 403 1036 societati.
464 1000 679 1036 Possumus
709 998 786 1035 hoc
817 1005 926 1043 teste,
958 1010 1169 1047 possumus
1197 999 1238 1035 P.
1269 997 1405 1036 Servili
1435 1005 1473 1035 et
1503 998 1547 1036 C.

215 1062 361 1100 Antisti
400 1062 674 1112 magistrorum
722 1062 869 1109 litteris,
911 1062 1126 1112 primorum
1175 1062 1383 1100 hominum
1430 1070 1550 1112 atque

214 1127 594 1174 honestissimorum,
618 1140 828 1178 possumus
861 1126 1093 1165 auctoritate
1120 1127 1328 1174 societatis,
1351 1127 1463 1165 cuius
1493 1128 1550 1165 lit·
1572 1142 1609 1174 ¹5

214 1193 304 1231 teris
334 1193 492 1241 utimur,
513 1194 622 1243 quod
652 1192 820 1231 dicimus
841 1193 1033 1241 obtinere,
1053 1206 1103 1230 an
1135 1192 1265 1242 aliqua
1286 1193 1456 1231 firmiora
1480 1202 1549 1232 aut

145 1267 194 1304 72
213 1258 388 1307 graviora
404 1259 629 1308 quaerenda
649 1260 769 1296 sunt?
808 1258 975 1305 Vettius,
994 1266 1084 1296 tuus
1105 1258 1440 1305 familiarissimus,
1455 1260 1547 1297 Vet-

214 1323 304 1371 tius,
324 1331 414 1362 tuus
441 1323 595 1370 adfinis,
618 1323 729 1361 cuius
758 1336 931 1361 sororem
959 1323 1082 1361 habes
1110 1323 1149 1360 in
1171 1323 1432 1370 matrimonio,
1455 1331 1547 1362 tuae

214 1390 328 1427 frater
358 1388 499 1435 uxoris,
531 1388 700 1436 Vettius,
729 1390 844 1426 frater
873 1388 928 1426 tui
958 1388 1187 1438 quaestoris,
1219 1396 1381 1426 testatur
1411 1388 1546 1427 litteris

214 1453 601 1503 impudentissimum
630 1461 742 1491 tuum
764 1455 909 1491 furtum
930 1453 1271 1503 certissimumque
1296 1455 1548 1502 peculatumg
1569 1469 1609 1490 20

214 1532 305 1556 nam
346 1531 426 1568 quo
459 1517 537 1556 alio
575 1517 738 1556 nomine
777 1517 969 1568 pecuniae
1008 1517 1190 1568 publicae
1238 1518 1452 1556 faeneratio
1491 1526 1549 1556 est

213 1585 481 1634 appellanda?
523 1585 684 1621 REC1TA
706 1594 898 1627 RELIQVA.
942 1582 1118 1620 Scribam
1136 1591 1247 1620 tuum
1269 1583 1379 1631 dicit,
1395 1584 1547 1629 Verres,

215 1648 329 1686 huius
351 1647 651 1698 perscriptorem
665 1646 942 1685 faenerationis
963 1647 1106 1685 fuisse:
1136 1647 1171 1685 ei
1193 1660 1354 1697 quoque
1377 1647 1546 1698 magistri

216 1713 413 1751 minantur
434 1712 473 1750 in
494 1712 642 1759 litteris,
658 1720 696 1751 et
717 1726 810 1750 casu
827 1712 978 1750 scribae
999 1720 1082 1750 tuin
1104 1714 1185 1750 duo
1207 1713 1377 1763 magistri
1393 1714 1549 1750 fuerunt

215 1792 306 1817 cum
331 1778 475 1816 Vettio.
547 1778 666 1816 Binas
696 1778 932 1816 centesimas
963 1778 1013 1816 ab
1043 1791 1129 1816 sese
1158 1779 1309 1816 ablatas
1342 1779 1548 1816 ferendum
1572 1794 1610 1824 25

215 1858 296 1883 non
317 1851 467 1894 putant,
491 1852 529 1882 et
550 1852 654 1883 recte
675 1857 755 1882 non
776 1852 928 1894 putant.
999 1844 1100 1892 Quis
1121 1844 1227 1882 enim
1258 1845 1334 1882 hoc
1355 1844 1447 1882 fecit
1468 1857 1550 1882 um-

216 1923 345 1960 quam,
369 1909 456 1959 quis
477 1909 651 1960 denique
671 1917 837 1948 conatus
858 1917 915 1948 est
946 1910 1073 1948 facere
1103 1918 1171 1948 aut
1200 1923 1316 1960 posse
1346 1909 1428 1948 fieri
1449 1909 1551 1960 cogi-

259 2024 277 2052 3
303 2014 432 2043 litteras
450 2014 482 2043 in
502 2014 568 2045 Sic.
589 2013 619 2044 O
739 2015 760 2044 6
783 2014 970 2044 adlatarum
988 2038 994 2044 .
1017 2038 1025 2045 .
1048 2039 1054 2045 .
1072 2014 1260 2044 litterarum
1277 2024 1341 2044 om.
1362 2013 1410 2044 cO
1530 2015 1550 2044 8

216 2057 478 2088 faenerationis?
631 2068 669 2087 10
693 2058 738 2087 ait
755 2068 792 2087 se
811 2058 869 2088 tibi
889 2058 919 2087 O
1072 2067 1109 2087 12
1133 2058 1311 2097 pecuniam
1330 2058 1454 2098 populo
1473 2058 1526 2098 Op
1543 2069 1549 2088 :

217 2111 292 2140 pop.
314 2111 386 2140 pec.
407 2101 450 2131 al.
581 2110 619 2139 14
644 2101 766 2130 litteris
784 2101 831 2131 cO
850 2112 856 2131 :
882 2111 946 2132 om.
963 2107 987 2141 j>
1005 2100 1070 2132 rell.
1201 2111 1239 2140 19
1262 2102 1378 2132 uxoris
1395 2102 1500 2133 frater
1518 2101 1549 2132 O

217 2149 358 2174 testatur
375 2144 497 2175 litteris
514 2143 560 2173 cO
578 2155 583 2173 :
609 2154 672 2175 0111.
690 2150 714 2184 p
733 2144 797 2175 rell.
885 2156 926 2175 ρο
952 2145 1076 2184 impud.
1101 2150 1193 2175 tuum
1208 2145 1287 2184 pO:
1312 2150 1405 2176 tuum
1425 2145 1548 2185 impud.

216 2188 258 2218 al.
394 2198 434 2217 22
461 2187 581 2218 Recita
606 2188 755 2227 reliqua:
792 2188 866 2218 hacc
888 2189 981 2219 verba
1006 2188 1099 2218 habel
1120 2189 1153 2218 in
1178 2188 1298 2219 lacuna
1317 2194 1351 2228 p,
1380 2188 1420 2219 ab
1436 2188 1549 2219 eadem

217 2232 333 2269 scripta
357 2242 462 2261 manu
487 2241 553 2270 qua
577 2232 671 2261 vcrlm
698 2232 819 2262 Recita
843 2231 1071 2262 testimonium
1099 2231 1266 2271 publicum
1289 2232 1322 2269 (ξ
1341 2234 1383 2270 83
1408 2236 1519 2272 supra'
1543 2244 1549 2261 z

217 2286 280 2305 0:11.
302 2274 371 2306 edd.
395 2286 465 2305 ναί.
603 2285 643 2313 25
668 2285 745 2305 sese
765 2276 794 2303 ()
812 2287 817 2304 :
842 2286 878 2305 se
896 2275 962 2306 rell.
1115 2276 1158 2305 26
1183 2282 1215 2305 ct
1234 2282 1324 2306 recte
1341 2286 1408 2306 non
1430 2281 1548 2315 putant

217 2328 282 2348 om.
317 2318 355 2349 O.
385 2318 490 2358 suppl.
523 2318 574 2349 ss.
594 2324 631 2358 p·
765 2329 803 2357 27
830 2329 930 2357 posse
965 2319 1035 2349 fieri
1069 2319 1117 2359 Vp
1145 2319 1235 2350 rell.:
1271 2319 1343 2349 fieri
1371 2329 1474 2358 posse
1505 2324 1549 2359 0⁷,

220 2363 234 2396 ξ
261 2363 318 2390 126
