1715 2734
183 129 450 170 ACTIONIS
472 131 532 169 IN
555 130 597 168 C.
622 129 863 166 VERREM
885 128 1181 166 SECVNDAE
1204 128 1306 164 LIB.
1332 128 1390 164 IV
1452 136 1507 174 59
1530 141 1586 171 132

182 241 556 289 ostendere‚—quos
587 237 639 275 illi
675 245 922 287 mystagogos
957 243 1396 283 vocant,—conversam
1430 236 1507 274 iam

182 306 329 343 habent
350 303 727 343 demonstrationem
760 316 881 341 suam.
942 302 1046 338 Nam
1077 308 1118 338 ut
1148 309 1238 338 ante
1268 302 1509 339 demonstra—

181 370 277 407 bant
306 369 402 419 quid
432 368 578 418 ubique
597 375 708 415 esset,
740 367 834 406 item
865 379 970 405 nune
1001 365 1097 415 quid
1127 365 1302 416 undique
1332 367 1507 405 ablatum

181 433 228 472 sit
249 435 474 472 ostendunt.

145 510 161 541 5
235 498 343 547 Quid
364 499 477 535 tum?
506 497 746 535 mediocrine
776 498 935 535 tandem
964 499 1099 536 dolore
1130 510 1196 535 eos
1226 497 1402 534 adfectos
1424 509 1508 534 esse

180 561 450 599 arbitramini?
508 563 601 599 Non
636 561 689 598 ita
723 569 791 608 est,
827 562 987 609 iudices,
1028 562 1198 611 primum
1227 561 1335 610 quod
1370 573 1508 598 omnes

181 625 365 675 religione
394 633 599 663 moventur
630 633 666 663 et
695 627 791 664 deos
820 626 964 676 patrios
993 640 1091 677 quos
1122 640 1144 664 a
1165 625 1378 663 maioribus
1403 639 1510 663 acce-

180 698 320 739 perunt
340 691 528 728 colendos
543 690 616 728 sibi
631 690 835 740 diligenter
849 698 886 728 et
907 691 1133 729 retinendos
1150 703 1233 728 esse
1249 689 1483 728 arbitrantur
1500 705 1509 737 3

181 754 326 793 deinde
346 755 409 792 hic
430 762 599 801 ornatus,
622 756 718 793 haec
740 769 858 805 opera
877 764 996 805 atque
1017 756 1189 802 artificia,
1211 755 1330 805 signa,
1353 756 1509 793 tabulae

127 837 163 858 10
182 819 308 869 pictae
339 820 510 857 Graecos
538 819 718 857 homines
747 820 869 857 nimio
888 834 1006 870 opere
1035 822 1242 858 delectant.
1303 821 1442 869 Itaque
1463 834 1510 858 ex

182 883 335 921 illorum
371 883 625 933 querimoniis
655 884 878 933 intellegere
916 899 1127 935 possumus
1164 887 1260 924 haec
1300 885 1374 922 illis
1408 898 1510 923 acer-

180 949 340 987 bissima
373 949 495 987 videri
529 962 630 998 quae
665 949 825 987 forsitan
864 951 978 989 nobis
1012 951 1111 989 levia
1145 958 1182 989 et
1217 951 1509 988 contemnenda

179 1027 264 1052 esse
302 1014 516 1052 videantur.
584 1014 686 1052 Mihi
724 1014 882 1062 credite,
930 1015 1315 1062 iudices‚—tametsi
1356 1023 1508 1053 vosmet

179 1078 285 1129 ipsos
306 1080 403 1117 haec
420 1081 558 1118 eadem
580 1079 715 1118 audire
732 1088 838 1118 certo
856 1080 1098 1127 scio‚—cum
1122 1083 1263 1118 multas
1285 1080 1508 1130 acceperint

125 1159 160 1189 ¹5
180 1156 247 1193 per
267 1145 387 1182 hosce
407 1157 532 1182 annos
554 1143 649 1182 socii
676 1152 794 1194 atque
824 1152 977 1183 exterae
1008 1145 1187 1183 nationes
1209 1145 1449 1183 calamitates
1471 1152 1508 1182 et

179 1207 349 1256 iniurias,
380 1210 505 1247 nullas
537 1208 677 1247 Graeci
709 1209 890 1247 homines
925 1209 1077 1258 gravius
1111 1211 1239 1248 ferunt
1266 1223 1311 1247 ac
1337 1211 1508 1247 tulerunt

179 1286 297 1323 quam
320 1273 481 1312 huiusce
504 1273 611 1312 modi
632 1273 886 1324 spoliationes
908 1276 1087 1312 fanorum
1117 1282 1236 1324 atque
1257 1274 1505 1324 oppidorum.

180 1338 290 1376 Licet
321 1338 392 1377 iste
423 1339 527 1378 dicat
558 1339 699 1377 emisse
725 1352 778 1386 se,
810 1339 923 1377 sicuti
954 1340 1053 1377 solet
1083 1338 1225 1386 dicere,
1256 1338 1403 1376 credite
1433 1340 1508 1376 hoc
1533 1352 1590 1382 133

179 1402 286 1449 mihi,
313 1402 488 1441 iudices:
520 1405 627 1441 nulla
657 1416 845 1452 umquam
875 1402 1010 1440 civitas
1041 1410 1123 1440 tota
1151 1402 1247 1440 Asia
1276 1410 1314 1441 et
1345 1402 1509 1440 Graecia

120 1487 159 1507 20
178 1468 332 1517 signum
354 1470 488 1515 ullum,
510 1469 684 1506 tabulam
715 1467 859 1517 pictam
890 1470 1022 1515 ullam,
1046 1469 1167 1505 ullum
1199 1469 1370 1516 denique
1400 1481 1508 1505 orna-

178 1541 355 1571 mentum
386 1533 491 1571 urbis
521 1546 590 1571 sua
620 1534 820 1571 voluntate
850 1533 1034 1582 cuiquam
1069 1533 1272 1579 vendidit3
1302 1532 1374 1570 nisi
1411 1534 1508 1571 forte

177 1598 416 1646 existimatis,
434 1606 692 1649 posteaquam
713 1597 859 1636 iudicia
875 1611 1008 1636 severa
1026 1599 1179 1636 Romae
1197 1597 1278 1635 fieri
1295 1597 1506 1644 desierunt,

179 1665 350 1702 Graecos
384 1663 563 1702 homines
598 1664 695 1701 haec
726 1662 927 1700 venditare
960 1662 1149 1712 coepisse,
1181 1676 1282 1711 quae
1313 1670 1396 1700 tum
1426 1675 1506 1700 non

179 1730 301 1766 modo
335 1742 415 1766 non
441 1728 707 1775 venditabant,
739 1741 828 1765 cum
860 1727 1004 1765 iudicia
1035 1728 1192 1774 fiebant,
1224 1741 1357 1765 verum
1389 1727 1504 1764 etiam

120 1806 159 1837 25
179 1794 439 1840 coemebant3
469 1801 535 1831 aut
564 1793 637 1831 nisi
667 1792 908 1830 arbitramini
941 1794 983 1830 L.
1022 1793 1175 1839 Crasso,
1203 1794 1252 1841 Q.
1281 1794 1502 1840 Scaevolae,

179 1859 222 1897 C.
259 1859 439 1905 Claudio,
478 1858 760 1908 potentissimis
800 1857 1040 1904 hominibus,
1083 1871 1248 1908 quorum
1289 1858 1505 1896 aedilitates

178 1923 443 1961 ornatissimas
482 1922 663 1969 vidimus,
712 1922 995 1960 commercium
1047 1922 1206 1960 istarum
1248 1936 1374 1959 rerum
1414 1936 1503 1960 cum

178 1987 338 2026 Graecis
378 1987 605 2026 hominibus
652 2000 731 2025 non
772 1987 901 2033 fuisse,
942 1986 987 2024 iis
1027 1987 1094 2036 qui
1143 1995 1231 2037 post
1271 1986 1504 2037 iudiciorum

177 2052 477 2091 dissolutionem
507 2051 653 2089 aediles
682 2050 773 2088 facti
804 2059 893 2088 sunt
915 2051 1044 2089 fuisse.

120 2128 159 2159 30
231 2116 486 2155 Acerbiorem
518 2115 635 2153 etiam
669 2115 808 2153 scitote
839 2129 924 2153 esse
957 2114 1180 2153 civitatibus
1218 2116 1353 2152 falsam
1391 2114 1503 2152 istam

177 2189 215 2221 et
247 2182 469 2220 simulatam
504 2180 746 2229 emptionem
779 2193 898 2229 quam
929 2180 959 2218 si
995 2180 1061 2230 qui
1097 2182 1196 2218 clam
1229 2179 1405 2229 surripiat
1437 2188 1503 2217 aut

1524 2093 1582 2129 60

1528 2161 1585 2192 134

222 2296 240 2315 2
266 2291 365 2317 antea
390 2297 411 2314 π
439 2284 493 2324 (ἐξ
516 2294 588 2322 104,
610 2285 683 2324 137)
825 2293 844 2322 5
869 2294 927 2314 eos
953 2284 1068 2314 dolore
1091 2289 1137 2322 pq
1274 2293 1307 2312 11
1335 2283 1503 2321 possimus

177 2328 241 2358 RS
366 2330 404 2359 18
429 2329 552 2359 emisse
580 2339 617 2359 se
641 2328 730 2368 vulg.
751 2339 756 2357 :
782 2329 937 2359 emisisse
956 2329 989 2359 R
1009 2341 1014 2359 :
1040 2328 1161 2359 emisse
1174 2333 1207 2367 j).
1257 2327 1304 2367 Cf.
1323 2327 1372 2358 De
1387 2327 1505 2366 Domo,

179 2375 194 2408 ᾗ
218 2374 277 2401 116
365 2373 445 2402 mihi
464 2373 526 2402 hoc
540 2372 607 2412 pGl
627 2372 668 2403 al.
795 2382 837 2401 20
862 2372 961 2402 ullam
982 2372 1059 2403 add.
1082 2371 1289 2404 Gulielnn'us,
1309 2371 1378 2403 edd.
1467 2383 1506 2411 25

177 2415 412 2454 coemptabant
431 2416 470 2446 L.
488 2414 597 2446 Havet
727 2425 765 2453 31
793 2415 821 2444 si
839 2416 894 2454 qui
913 2427 933 2444 π
952 2427 957 2444 ;
985 2416 1011 2445 si
1031 2416 1104 2453 quis
1122 2417 1137 2444 δ
1156 2425 1162 2443 z
1188 2415 1214 2444 si
1230 2413 1294 2444 RS
