1715 2734
123 68 172 107 77
198 75 258 107 190
560 61 615 98 M.
647 61 815 99 TVLLI
847 62 1153 101 C1CERoN1s

119 342 169 389 78

110 412 163 444 191

101 1299 156 1329 ¹92

192 170 394 220 procedite
421 171 461 210 in
489 171 666 211 medium
692 178 811 222 atque
835 171 1025 222 explicate
1056 173 1361 224 descriptionem
1390 173 1521 225 imagi-

191 249 363 286 nemque
392 237 624 283 tabularum‚
653 244 696 275 ut
721 250 859 275 omnes
886 239 1069 276 mortales
1094 238 1204 277 istius
1228 239 1410 278 avaritiae
1440 253 1520 277 non

190 299 267 338 iarn
289 300 451 350 vestigia
471 302 540 339 sed
566 301 650 351 ipsa
670 300 815 339 cubilia
836 301 967 340 videre
994 303 1156 352 possint.
1219 303 1338 342 Liber
1357 303 1521 354 explice-

189 373 260 403 tur.
320 365 474 404 Videtis
505 365 767 404 Verrucium?
801 365 941 405 videtis
972 367 1116 417 primas
1146 367 1292 407 litteras
1323 368 1520 418 integras?

189 429 331 468 videtis
361 438 574 468 extremam
604 437 756 480 partem
786 431 969 478 nominis,
1002 434 1145 471 codam
1176 433 1283 471 illam
1313 433 1518 472 Verrinam
1540 450 1558 480 5

187 502 391 544 tamquam
423 494 462 532 in
498 496 581 532 luto
619 496 842 534 demersam
875 509 960 535 esse
994 496 1034 534 in
1073 497 1216 536 litura?
1274 498 1337 536 Sic
1371 498 1519 536 habent

187 573 228 597 se
267 560 434 606 tabulae,
476 558 637 605 iudices,
680 567 722 597 ut
760 559 913 598 videtis.
984 560 1093 610 Quid
1137 562 1380 612 exspectatis,
1422 562 1519 612 quid

186 624 369 674 quaeritis
413 624 613 675 amplius?
682 627 745 662 Tu
785 625 880 675 ipse,
920 627 1073 673 Verres,
1115 627 1211 677 quid
1255 629 1380 675 sedes,
1421 628 1518 678 quid

186 691 375 728 moraris?
432 692 535 729 Nam
563 698 630 729 aut
654 690 839 729 exhibeas
866 691 981 730 nobis
1009 693 1240 732 Verrucium
1268 706 1430 732 necesse
1459 701 1516 732 est

183 764 250 794 aut
272 764 309 794 te
330 756 563 794 Verrucium
585 770 670 795 esse
692 758 846 795 fateare.
1538 774 1578 795 10

240 823 469 860 Laudantur
498 829 670 860 oratores
700 829 860 870 veteres,
892 823 1023 862 Crassi
1053 823 1107 862 illi
1135 832 1173 862 et
1203 824 1379 872 Antonii,
1406 825 1515 874 quod

183 888 346 926 crimina
366 888 514 927 diluere
531 888 716 936 dilucide,
735 891 844 939 quod
866 889 1028 939 copiose
1048 903 1204 927 reorum
1226 903 1363 927 causas
1384 891 1516 928 defen-

183 954 275 992 dere
296 954 464 991 solerent
482 969 489 992 :
519 953 704 991 nimirum
730 954 783 992 illi
806 968 886 992 non
908 954 1067 1004 ingenio
1095 956 1223 992 solum
1245 954 1305 992 his
1326 954 1511 1004 patroniS,

182 1020 252 1058 sed
273 1020 427 1058 fortuna
444 1019 561 1058 etiam
582 1020 869 1070 praestiterunt.
930 1022 1062 1058 Nemo
1082 1020 1188 1059 enim
1209 1028 1293 1058 turn
1314 1020 1367 1059 ita
1379 1034 1514 1070 pecca—

181 1084 249 1123 bat
269 1092 311 1123 ut
335 1084 555 1123 defensioni
583 1087 715 1124 locum
747 1099 827 1124 non
846 1085 1109 1135 relinqueret3
1139 1099 1258 1124 nemo
1285 1085 1337 1123 ita
1357 1085 1511 1123 vivebat
1534 1100 1570 1131 15

180 1157 222 1188 ut
246 1151 353 1188 nulla
380 1150 463 1188 eius
492 1150 593 1188 vitae
617 1164 705 1200 pars
734 1164 912 1188 summae
942 1150 1194 1200 turpitudinis
1224 1159 1325 1188 esset
1352 1164 1513 1200 expers3

180 1229 299 1254 nemo
320 1215 372 1253 ita
392 1215 431 1253 in
458 1215 667 1253 manifesto
687 1223 854 1265 peccato
878 1215 1085 1254 tenebatur
1105 1222 1159 1261 ut,
1182 1228 1272 1253 cum
1301 1214 1511 1264 impudens

179 1280 314 1319 fuisset
335 1280 374 1318 in
396 1282 510 1327 facto,
531 1288 613 1318 turn
636 1280 905 1330 impudentior
920 1280 1117 1318 videretur
1137 1279 1167 1317 si
1189 1287 1357 1330 negaret.
1393 1280 1511 1317 Nunc

178 1360 270 1384 vero
290 1346 385 1395 quid
408 1346 521 1384 saciat
545 1346 808 1384 Hortensius?
841 1345 1076 1383 avaritiaene
1098 1345 1261 1383 crimina
1281 1345 1509 1394 frugalitatis

178 1411 360 1448 laudibus
388 1412 648 1461 deprecetur?
705 1412 757 1448 At
782 1410 985 1448 hominem
1016 1409 1361 1459 flagitiosissimum
1383 1409 1509 1448 libidi-
1530 1423 1571 1446 20

178 1475 430 1513 nosissimum
467 1474 834 1525 nequissimumque
874 1475 1063 1513 defendit.
1137 1477 1200 1512 An
1233 1475 1284 1512 ab
1318 1476 1391 1512 hac
1425 1474 1508 1512 eius

179 1539 338 1578 infamia
358 1539 534 1590 nequitia
554 1548 702 1578 vestros
721 1539 875 1577 animos
892 1539 931 1577 in
962 1539 1077 1577 aliam
1099 1548 1247 1589 partem
1270 1539 1509 1578 fortitudinis

178 1605 555 1643 commemoratione
595 1606 804 1643 traducat?
860 1607 913 1642 At
948 1606 1070 1643 homo
1109 1605 1278 1651 inertior,
1322 1604 1506 1654 ignavior,

179 1670 300 1720 magis
330 1670 386 1708 vir
406 1670 506 1709 inter
534 1670 727 1717 mulieres,
751 1670 905 1720 impura
933 1670 1033 1708 inter
1052 1670 1154 1708 viros
1176 1670 1405 1708 muliercula
1425 1683 1510 1720 pro-

177 1735 263 1773 ferri
285 1748 365 1774 non
387 1743 526 1786 potest.
591 1738 644 1774 At
666 1749 793 1774 mores
820 1735 1034 1775 commodi.
1096 1735 1195 1784 Quis
1224 1735 1510 1782 contumacior,
1531 1751 1568 1782 25

177 1801 263 1850 quis
288 1801 553 1849 inhumanior,
574 1801 661 1852 quis
682 1801 916 1851 superbior?
973 1803 1026 1839 At
1047 1802 1144 1840 haec
1166 1801 1250 1839 sine
1275 1801 1507 1850 cuiusquam

178 1868 291 1905 malo.
371 1866 470 1915 Quis
517 1866 708 1913 acerbior,
756 1866 843 1916 quis
892 1866 1130 1910 insidiosior,
1177 1865 1265 1915 quis
1315 1865 1508 1904 crudelior

177 1945 365 1982 umquam
393 1931 496 1970 fuit?
554 1933 601 1970 In
626 1932 702 1969 hoc
734 1931 896 1969 homine
922 1939 1040 1981 atque
1072 1931 1111 1969 in
1141 1930 1223 1969 cius
1255 1930 1363 1969 modi
1391 1944 1507 1968 causa

223 2046 235 2065 1
264 2042 364 2075 atque
386 2034 482 2067 VcO:
508 2046 572 2066 om.
590 2041 612 2075 [ι
631 2035 695 2066 rell.
864 2045 882 2065 2
908 2035 1066 2065 mortales
1082 2046 1149 2066 om.
1172 2034 1202 2063 V
1364 2044 1383 2072 3
1410 2034 1508 2064 Liber

176 2080 363 2118 explicetur
380 2090 414 2110 c:
447 2077 531 2109 liber
548 2079 735 2118 explicatur
748 2084 803 2118 pq,
823 2079 955 2118 punctis
970 2079 1092 2109 subscr.
1110 2089 1148 2108 r:
1177 2088 1243 2109 om.
1269 2078 1313 2107 Vb
1332 2089 1338 2108 z
1356 2077 1414 2108 del.
1432 2077 1501 2107 cdd.

178 2136 195 2162 4
221 2125 348 2155 litteras
366 2125 490 2163 primas
512 2123 543 2152 V
642 2133 660 2160 5
686 2128 772 2152 extr.
799 2127 884 2161 part.
907 2122 1053 2151 nominis
1072 2121 1127 2150 dcl.
1149 2120 1324 2151 Hartman
1390 2121 1507 2151 codam

183 2168 262 2208 ch:
299 2169 441 2207 quodam
473 2166 543 2197 Ob:
578 2167 717 2196 caudam
735 2166 755 2194 k
845 2165 1017 2195 Verrinam
1043 2164 1157 2193 Maius
1182 2174 1197 2193 e
1215 2163 1507 2200 VtVerrisnamN:

178 2211 333 2252 Verrisp
352 2211 414 2241 rell.
574 2220 608 2239 11
638 2209 832 2239 Laudentur
853 2209 884 2238 V
1030 2217 1065 2245 13
1089 2208 1241 2237 solerent
1257 2207 1304 2237 cO
1322 2218 1329 2236 :
1354 2207 1509 2238 solebant

174 2260 198 2295 p
216 2255 280 2285 rell.
418 2263 456 2292 15
478 2259 544 2284 tuin
565 2254 607 2282 ita
621 2258 645 2292 p
662 2253 726 2283 wll.
742 2263 748 2281 :
776 2252 819 2282 ita
838 2258 906 2282 tum
929 2251 959 2281 O
976 2263 982 2282 z
1008 2252 1051 2281 ita
1069 2262 1132 2282 om.
1150 2250 1169 2279 b
1305 2261 1340 2290 17
1367 2256 1507 2290 peccatu

183 2297 258 2328 Gell.
431 2308 468 2336 19
494 2297 698 2327 Hortensius
717 2301 876 2335 patronus
896 2295 947 2333 ();
971 2295 1027 2325 scd
1041 2306 1069 2325 v.
1093 2294 1162 2324 Gall
1189 2295 1241 2325 vii.
1264 2297 1301 2325 16
1467 2305 1505 2324 21

181 2340 266 2371 illins
286 2341 326 2371 Οι
418 2352 458 2371 22
482 2351 520 2371 ae
539 2340 687 2379 nequitia
707 2339 817 2370 Muell.
834 2352 839 2370 :
867 2339 978 2370 insani.
999 2339 1204 2377 nequissima
1222 2339 1242 2368 k
1310 2345 1446 2369 nostros
1466 2337 1496 2367 O
