<?xml version="1.0" encoding="UTF-8"?>
<!DOCTYPE html PUBLIC "-//W3C//DTD XHTML 1.0 Transitional//EN"
    "http://www.w3.org/TR/xhtml1/DTD/xhtml1-transitional.dtd">
<html xmlns="http://www.w3.org/1999/xhtml" xml:lang="en" lang="en">
 <head>
  <title>
</title>
<meta http-equiv="Content-Type" content="text/html;charset=utf-8" />
  <meta name='ocr-system' content='tesseract 3.04.00' />
  <meta name='ocr-capabilities' content='ocr_page ocr_carea ocr_par ocr_line ocrx_word'/>
</head>
<body>
  <div class='ocr_page' id='page_1' title='image "./orationesrecogno03ciceuoft/orationesrecogno03ciceuoft_0286.png"; bbox 0 0 1715 2734; ppageno 0'>
   <div class='ocr_carea' id='block_1_1' title="bbox 159 81 1193 127">
    <p class='ocr_par' dir='ltr' id='par_1_1' title="bbox 159 81 1193 127">
     <span class='ocr_line' id='line_1_1' title="bbox 159 81 1193 127; baseline -0.008 0"><span class='ocrx_word' id='word_1_1' title='bbox 159 85 215 127; x_wconf 89' lang='lat'>54</span> <span class='ocrx_word' id='word_1_2' title='bbox 238 93 297 124; x_wconf 81' lang='lat'>125</span> <span class='ocrx_word' id='word_1_3' title='bbox 598 81 655 117; x_wconf 89' lang='grc' dir='ltr'>Μ.</span> <span class='ocrx_word' id='word_1_4' title='bbox 687 81 855 118; x_wconf 83' lang='lat' dir='ltr'>TVLLI</span> <span class='ocrx_word' id='word_1_5' title='bbox 888 81 1193 120; x_wconf 77' lang='lat' dir='ltr'>CICERONIS</span> 
     </span>
    </p>
   </div>
   <div class='ocr_carea' id='block_1_2' title="bbox 151 583 208 614">
    <p class='ocr_par' dir='ltr' id='par_1_2' title="bbox 151 583 208 614">
     <span class='ocr_line' id='line_1_2' title="bbox 151 583 208 614; baseline 0 0"><span class='ocrx_word' id='word_1_6' title='bbox 151 583 208 614; x_wconf 80' lang='lat'>126</span> 
     </span>
    </p>
   </div>
   <div class='ocr_carea' id='block_1_3' title="bbox 159 1403 206 1441">
    <p class='ocr_par' dir='ltr' id='par_1_3' title="bbox 159 1403 206 1441">
     <span class='ocr_line' id='line_1_3' title="bbox 159 1403 206 1441; baseline 0 0"><span class='ocrx_word' id='word_1_7' title='bbox 159 1403 206 1441; x_wconf 89' lang='lat'>55</span> 
     </span>
    </p>
   </div>
   <div class='ocr_carea' id='block_1_4' title="bbox 143 1463 203 1495">
    <p class='ocr_par' dir='ltr' id='par_1_4' title="bbox 143 1463 203 1495">
     <span class='ocr_line' id='line_1_4' title="bbox 143 1463 203 1495; baseline -0.017 -9"><span class='ocrx_word' id='word_1_8' title='bbox 143 1463 203 1495; x_wconf 77' lang='lat'>127</span> 
     </span>
    </p>
   </div>
   <div class='ocr_carea' id='block_1_5' title="bbox 221 192 1564 2312">
    <p class='ocr_par' dir='ltr' id='par_1_5' title="bbox 229 192 1564 555">
     <span class='ocr_line' id='line_1_5' title="bbox 232 192 1564 243; baseline 0.002 -13"><span class='ocrx_word' id='word_1_9' title='bbox 232 204 362 241; x_wconf 88' lang='lat' dir='ltr'>neque</span> <span class='ocrx_word' id='word_1_10' title='bbox 395 192 535 230; x_wconf 92' lang='lat' dir='ltr'>aratori</span> <span class='ocrx_word' id='word_1_11' title='bbox 574 199 728 242; x_wconf 89' lang='lat' dir='ltr'>praetor</span> <span class='ocrx_word' id='word_1_12' title='bbox 765 205 833 242; x_wconf 91' lang='lat' dir='ltr'>per</span> <span class='ocrx_word' id='word_1_13' title='bbox 862 192 1007 231; x_wconf 84' lang='lat' dir='ltr'>litteras</span> <span class='ocrx_word' id='word_1_14' title='bbox 1042 192 1278 243; x_wconf 83' lang='lat' dir='ltr'>supplicaret</span> <span class='ocrx_word' id='word_1_15' title='bbox 1311 206 1442 243; x_wconf 88' lang='lat' dir='ltr'>neque</span> <span class='ocrx_word' id='word_1_16' title='bbox 1470 206 1564 232; x_wconf 89' lang='lat' dir='ltr'>eum</span> 
     </span>
     <span class='ocr_line' id='line_1_6' title="bbox 230 256 1562 307; baseline 0.002 -13"><span class='ocrx_word' id='word_1_17' title='bbox 230 269 414 306; x_wconf 83' lang='lat' dir='ltr'>praesens</span> <span class='ocrx_word' id='word_1_18' title='bbox 441 264 566 295; x_wconf 89' lang='lat' dir='ltr'>oraret</span> <span class='ocrx_word' id='word_1_19' title='bbox 587 264 629 294; x_wconf 88' lang='lat' dir='ltr'>ut</span> <span class='ocrx_word' id='word_1_20' title='bbox 650 270 768 306; x_wconf 88' lang='lat' dir='ltr'>quam</span> <span class='ocrx_word' id='word_1_21' title='bbox 796 256 1007 307; x_wconf 91' lang='lat' dir='ltr'>plurimum</span> <span class='ocrx_word' id='word_1_22' title='bbox 1029 266 1195 305; x_wconf 69' lang='lat' dir='ltr'>sereret,</span> <span class='ocrx_word' id='word_1_23' title='bbox 1224 271 1330 296; x_wconf 91' lang='lat' dir='ltr'>nunc</span> <span class='ocrx_word' id='word_1_24' title='bbox 1350 266 1483 297; x_wconf 89' lang='lat' dir='ltr'>autem</span> <span class='ocrx_word' id='word_1_25' title='bbox 1512 272 1562 298; x_wconf 90' lang='lat' dir='ltr'>ne</span> 
     </span>
     <span class='ocr_line' id='line_1_7' title="bbox 231 321 1562 374; baseline 0.002 -15"><span class='ocrx_word' id='word_1_26' title='bbox 231 328 320 370; x_wconf 89' lang='lat' dir='ltr'>post</span> <span class='ocrx_word' id='word_1_27' title='bbox 338 321 489 360; x_wconf 88' lang='lat' dir='ltr'>abitum</span> <span class='ocrx_word' id='word_1_28' title='bbox 511 321 673 371; x_wconf 84' lang='lat' dir='ltr'>quidem</span> <span class='ocrx_word' id='word_1_29' title='bbox 695 321 811 359; x_wconf 88' lang='lat' dir='ltr'>huius</span> <span class='ocrx_word' id='word_1_30' title='bbox 832 321 1191 372; x_wconf 84' lang='lat' dir='ltr'>importunissimae</span> <span class='ocrx_word' id='word_1_31' title='bbox 1212 322 1331 373; x_wconf 88' lang='lat' dir='ltr'>pestis</span> <span class='ocrx_word' id='word_1_32' title='bbox 1353 323 1562 374; x_wconf 89' lang='lat' dir='ltr'>quisquam</span> 
     </span>
     <span class='ocr_line' id='line_1_8' title="bbox 229 386 1562 438; baseline 0.002 -14"><span class='ocrx_word' id='word_1_33' title='bbox 229 386 459 436; x_wconf 86' lang='lat' dir='ltr'>reperiretur</span> <span class='ocrx_word' id='word_1_34' title='bbox 479 386 546 436; x_wconf 86' lang='lat' dir='ltr'>qui</span> <span class='ocrx_word' id='word_1_35' title='bbox 567 400 637 424; x_wconf 87' lang='lat' dir='ltr'>sua</span> <span class='ocrx_word' id='word_1_36' title='bbox 664 388 865 424; x_wconf 89' lang='lat' dir='ltr'>voluntate</span> <span class='ocrx_word' id='word_1_37' title='bbox 885 394 1018 434; x_wconf 87' lang='lat' dir='ltr'>araret,</span> <span class='ocrx_word' id='word_1_38' title='bbox 1043 387 1158 437; x_wconf 84' lang='lat' dir='ltr'>pauci</span> <span class='ocrx_word' id='word_1_39' title='bbox 1179 395 1309 426; x_wconf 81' lang='lat' dir='ltr'>essent</span> <span class='ocrx_word' id='word_1_40' title='bbox 1336 388 1474 438; x_wconf 86' lang='lat' dir='ltr'>reliqui</span> <span class='ocrx_word' id='word_1_41' title='bbox 1495 388 1562 438; x_wconf 87' lang='lat' dir='ltr'>qui</span> 
     </span>
     <span class='ocr_line' id='line_1_9' title="bbox 231 451 1563 502; baseline 0.002 -13"><span class='ocrx_word' id='word_1_42' title='bbox 231 453 273 489; x_wconf 91' lang='lat' dir='ltr'>L.</span> <span class='ocrx_word' id='word_1_43' title='bbox 299 452 451 491; x_wconf 88' lang='lat' dir='ltr'>Metelli</span> <span class='ocrx_word' id='word_1_44' title='bbox 472 451 703 491; x_wconf 82' lang='lat' dir='ltr'>auctoritate</span> <span class='ocrx_word' id='word_1_45' title='bbox 724 451 763 490; x_wconf 88' lang='lat' dir='ltr'>in</span> <span class='ocrx_word' id='word_1_46' title='bbox 783 465 895 502; x_wconf 85' lang='lat' dir='ltr'>agros</span> <span class='ocrx_word' id='word_1_47' title='bbox 916 460 1034 502; x_wconf 86' lang='lat' dir='ltr'>atque</span> <span class='ocrx_word' id='word_1_48' title='bbox 1053 453 1105 491; x_wconf 92' lang='lat' dir='ltr'>ad</span> <span class='ocrx_word' id='word_1_49' title='bbox 1125 466 1240 491; x_wconf 89' lang='lat' dir='ltr'>suum</span> <span class='ocrx_word' id='word_1_50' title='bbox 1262 454 1381 491; x_wconf 88' lang='lat' dir='ltr'>larem</span> <span class='ocrx_word' id='word_1_51' title='bbox 1402 453 1563 492; x_wconf 89' lang='lat' dir='ltr'>familia-</span> 
     </span>
     <span class='ocr_line' id='line_1_10' title="bbox 229 517 533 555; baseline -0.003 0"><span class='ocrx_word' id='word_1_52' title='bbox 229 530 310 555; x_wconf 86' lang='lat' dir='ltr'>rem</span> <span class='ocrx_word' id='word_1_53' title='bbox 333 517 533 555; x_wconf 88' lang='lat' dir='ltr'>redirent?</span> 
     </span>
    </p>

    <p class='ocr_par' dir='ltr' id='par_1_6' title="bbox 221 582 1561 2131">
     <span class='ocr_line' id='line_1_11' title="bbox 284 582 1558 633; baseline 0.002 -13"><span class='ocrx_word' id='word_1_54' title='bbox 284 583 361 620; x_wconf 85' lang='lat' dir='ltr'>His</span> <span class='ocrx_word' id='word_1_55' title='bbox 401 591 439 621; x_wconf 92' lang='lat' dir='ltr'>te</span> <span class='ocrx_word' id='word_1_56' title='bbox 473 582 620 629; x_wconf 87' lang='lat' dir='ltr'>litteris,</span> <span class='ocrx_word' id='word_1_57' title='bbox 663 584 786 621; x_wconf 85' lang='lat' dir='ltr'>homo</span> <span class='ocrx_word' id='word_1_58' title='bbox 823 582 1084 621; x_wconf 78' lang='lat' dir='ltr'>audacissime</span> <span class='ocrx_word' id='word_1_59' title='bbox 1122 590 1241 633; x_wconf 90' lang='lat' dir='ltr'>atque</span> <span class='ocrx_word' id='word_1_60' title='bbox 1279 583 1558 630; x_wconf 82' lang='lat' dir='ltr'>amentissime,</span> 
     </span>
     <span class='ocr_line' id='line_1_12' title="bbox 228 647 1560 698; baseline 0.001 -13"><span class='ocrx_word' id='word_1_61' title='bbox 228 647 445 697; x_wconf 82' lang='lat' dir='ltr'>iugulatum</span> <span class='ocrx_word' id='word_1_62' title='bbox 484 661 570 686; x_wconf 92' lang='lat' dir='ltr'>esse</span> <span class='ocrx_word' id='word_1_63' title='bbox 608 661 688 686; x_wconf 91' lang='lat' dir='ltr'>non</span> <span class='ocrx_word' id='word_1_64' title='bbox 728 648 878 686; x_wconf 87' lang='lat' dir='ltr'>sentis?</span> <span class='ocrx_word' id='word_1_65' title='bbox 917 661 997 686; x_wconf 90' lang='lat' dir='ltr'>non</span> <span class='ocrx_word' id='word_1_66' title='bbox 1035 647 1155 694; x_wconf 88' lang='lat' dir='ltr'>vides,</span> <span class='ocrx_word' id='word_1_67' title='bbox 1188 661 1278 686; x_wconf 91' lang='lat' dir='ltr'>cum</span> <span class='ocrx_word' id='word_1_68' title='bbox 1318 648 1349 686; x_wconf 90' lang='lat' dir='ltr'>is</span> <span class='ocrx_word' id='word_1_69' title='bbox 1388 648 1455 698; x_wconf 88' lang='lat' dir='ltr'>qui</span> <span class='ocrx_word' id='word_1_70' title='bbox 1490 648 1560 687; x_wconf 92' lang='lat' dir='ltr'>tibi</span> 
     </span>
     <span class='ocr_line' id='line_1_13' title="bbox 228 713 1557 763; baseline 0.001 -13"><span class='ocrx_word' id='word_1_71' title='bbox 228 713 414 751; x_wconf 84' lang='lat' dir='ltr'>successit</span> <span class='ocrx_word' id='word_1_72' title='bbox 435 721 605 752; x_wconf 85' lang='lat' dir='ltr'>aratores</span> <span class='ocrx_word' id='word_1_73' title='bbox 626 713 796 763; x_wconf 83' lang='lat' dir='ltr'>reliquos</span> <span class='ocrx_word' id='word_1_74' title='bbox 817 715 999 763; x_wconf 84' lang='lat' dir='ltr'>appellet,</span> <span class='ocrx_word' id='word_1_75' title='bbox 1016 714 1092 752; x_wconf 91' lang='lat' dir='ltr'>hoc</span> <span class='ocrx_word' id='word_1_76' title='bbox 1106 727 1195 752; x_wconf 89' lang='lat' dir='ltr'>eum</span> <span class='ocrx_word' id='word_1_77' title='bbox 1218 713 1361 752; x_wconf 83' lang='lat' dir='ltr'>diserte</span> <span class='ocrx_word' id='word_1_78' title='bbox 1378 713 1557 760; x_wconf 88' lang='lat' dir='ltr'>scribere,</span> 
     </span>
     <span class='ocr_line' id='line_1_14' title="bbox 227 777 1559 828; baseline 0.001 -13"><span class='ocrx_word' id='word_1_79' title='bbox 227 778 397 828; x_wconf 88' lang='lat' dir='ltr'>reliquos</span> <span class='ocrx_word' id='word_1_80' title='bbox 427 779 500 816; x_wconf 88' lang='lat' dir='ltr'>hos</span> <span class='ocrx_word' id='word_1_81' title='bbox 530 791 616 816; x_wconf 86' lang='lat' dir='ltr'>esse</span> <span class='ocrx_word' id='word_1_82' title='bbox 646 792 726 816; x_wconf 88' lang='lat' dir='ltr'>non</span> <span class='ocrx_word' id='word_1_83' title='bbox 757 792 804 816; x_wconf 83' lang='lat' dir='ltr'>ex</span> <span class='ocrx_word' id='word_1_84' title='bbox 833 778 939 816; x_wconf 92' lang='lat' dir='ltr'>bello</span> <span class='ocrx_word' id='word_1_85' title='bbox 960 779 1089 827; x_wconf 68' lang='lat' dir='ltr'>neQue</span> <span class='ocrx_word' id='word_1_86' title='bbox 1109 791 1155 816; x_wconf 81' lang='lat' dir='ltr'>ex</span> <span class='ocrx_word' id='word_1_87' title='bbox 1181 777 1312 828; x_wconf 84' lang='lat' dir='ltr'>aliqua</span> <span class='ocrx_word' id='word_1_88' title='bbox 1336 777 1419 816; x_wconf 88' lang='lat' dir='ltr'>eius</span> <span class='ocrx_word' id='word_1_89' title='bbox 1450 777 1559 816; x_wconf 89' lang='lat' dir='ltr'>modi</span> 
     </span>
     <span class='ocr_line' id='line_1_15' title="bbox 226 842 1561 892; baseline 0 -12"><span class='ocrx_word' id='word_1_90' title='bbox 226 843 458 890; x_wconf 77' lang='lat' dir='ltr'>calamitate,</span> <span class='ocrx_word' id='word_1_91' title='bbox 475 844 544 881; x_wconf 85' lang='lat' dir='ltr'>sed</span> <span class='ocrx_word' id='word_1_92' title='bbox 561 856 608 881; x_wconf 86' lang='lat' dir='ltr'>ex</span> <span class='ocrx_word' id='word_1_93' title='bbox 623 850 692 880; x_wconf 92' lang='lat' dir='ltr'>tuo</span> <span class='ocrx_word' id='word_1_94' title='bbox 708 844 864 888; x_wconf 89' lang='lat' dir='ltr'>scelere,</span> <span class='ocrx_word' id='word_1_95' title='bbox 883 842 1190 892; x_wconf 81' lang='lat' dir='ltr'>importunitate,</span> <span class='ocrx_word' id='word_1_96' title='bbox 1208 842 1377 889; x_wconf 88' lang='lat' dir='ltr'>avaritia,</span> <span class='ocrx_word' id='word_1_97' title='bbox 1397 843 1561 881; x_wconf 89' lang='lat' dir='ltr'>crudeli-</span> 
     </span>
     <span class='ocr_line' id='line_1_16' title="bbox 226 907 1559 947; baseline 0.001 -2"><span class='ocrx_word' id='word_1_98' title='bbox 226 910 334 946; x_wconf 86' lang='lat' dir='ltr'>tate?</span> <span class='ocrx_word' id='word_1_99' title='bbox 391 907 531 946; x_wconf 85' lang='lat' dir='ltr'>Recita</span> <span class='ocrx_word' id='word_1_100' title='bbox 565 916 705 946; x_wconf 90' lang='lat' dir='ltr'>cetera.</span> <span class='ocrx_word' id='word_1_101' title='bbox 764 910 923 946; x_wconf 79' lang='lat' dir='ltr'><strong>TAMEN</strong></span> <span class='ocrx_word' id='word_1_102' title='bbox 952 919 1032 946; x_wconf 84' lang='lat' dir='ltr'>PRO</span> <span class='ocrx_word' id='word_1_103' title='bbox 1053 920 1106 947; x_wconf 83' lang='lat' dir='ltr'>EO</span> <span class='ocrx_word' id='word_1_104' title='bbox 1128 920 1179 945; x_wconf 85' lang='lat' dir='ltr'>VT</span> <span class='ocrx_word' id='word_1_105' title='bbox 1200 920 1410 947; x_wconf 77' lang='lat' dir='ltr'><strong>TEMPORlS</strong></span> <span class='ocrx_word' id='word_1_106' title='bbox 1431 920 1559 946; x_wconf 76' lang='lat' dir='ltr'>D1FF1-</span> 
     </span>
     <span class='ocr_line' id='line_1_17' title="bbox 225 973 1556 1024; baseline 0.001 -14"><span class='ocrx_word' id='word_1_107' title='bbox 225 984 378 1011; x_wconf 84' lang='lat' dir='ltr'><strong>CVLTAS</strong></span> <span class='ocrx_word' id='word_1_108' title='bbox 400 985 715 1018; x_wconf 73' lang='lat' dir='ltr'><strong>ARATORVMQVE</strong></span> <span class='ocrx_word' id='word_1_109' title='bbox 737 985 921 1011; x_wconf 82' lang='lat' dir='ltr'><strong>PENVRIA</strong></span> <span class='ocrx_word' id='word_1_110' title='bbox 942 985 1073 1011; x_wconf 81' lang='lat' dir='ltr'>TVLiT.</span> <span class='ocrx_word' id='word_1_111' title='bbox 1141 975 1397 1021; x_wconf 87' lang='lat' dir='ltr'>‘Aratorum,’</span> <span class='ocrx_word' id='word_1_112' title='bbox 1413 973 1556 1024; x_wconf 82' lang='lat' dir='ltr'>inquit,</span> 
     </span>
     <span class='ocr_line' id='line_1_18' title="bbox 228 1038 1555 1088; baseline 0.002 -13"><span class='ocrx_word' id='word_1_113' title='bbox 228 1038 436 1088; x_wconf 69' lang='lat' dir='ltr'>‘penuria&#39;</span> <span class='ocrx_word' id='word_1_114' title='bbox 485 1038 523 1077; x_wconf 85' lang='lat' dir='ltr'>Si</span> <span class='ocrx_word' id='word_1_115' title='bbox 554 1051 627 1088; x_wconf 82' lang='lat' dir='ltr'>ego</span> <span class='ocrx_word' id='word_1_116' title='bbox 651 1047 855 1077; x_wconf 84' lang='lat' dir='ltr'>accusator</span> <span class='ocrx_word' id='word_1_117' title='bbox 882 1038 1026 1076; x_wconf 88' lang='lat' dir='ltr'>totiens</span> <span class='ocrx_word' id='word_1_118' title='bbox 1053 1039 1104 1077; x_wconf 92' lang='lat' dir='ltr'>de</span> <span class='ocrx_word' id='word_1_119' title='bbox 1132 1052 1173 1076; x_wconf 90' lang='lat' dir='ltr'>re</span> <span class='ocrx_word' id='word_1_120' title='bbox 1201 1039 1341 1077; x_wconf 87' lang='lat' dir='ltr'>eadem</span> <span class='ocrx_word' id='word_1_121' title='bbox 1371 1038 1555 1086; x_wconf 88' lang='lat' dir='ltr'>dicerem,</span> 
     </span>
     <span class='ocr_line' id='line_1_19' title="bbox 225 1103 1558 1151; baseline 0.001 -11"><span class='ocrx_word' id='word_1_122' title='bbox 225 1116 375 1141; x_wconf 88' lang='lat' dir='ltr'>vererer</span> <span class='ocrx_word' id='word_1_123' title='bbox 413 1117 463 1142; x_wconf 92' lang='lat' dir='ltr'>ne</span> <span class='ocrx_word' id='word_1_124' title='bbox 501 1103 654 1142; x_wconf 88' lang='lat' dir='ltr'>animos</span> <span class='ocrx_word' id='word_1_125' title='bbox 694 1111 843 1142; x_wconf 82' lang='lat' dir='ltr'>vestros</span> <span class='ocrx_word' id='word_1_126' title='bbox 878 1104 1131 1151; x_wconf 84' lang='lat' dir='ltr'>offenderem,</span> <span class='ocrx_word' id='word_1_127' title='bbox 1172 1103 1332 1142; x_wconf 81' lang='lat' dir='ltr'>iudices.</span> <span class='ocrx_word' id='word_1_128' title='bbox 1402 1105 1558 1143; x_wconf 87' lang='lat' dir='ltr'>Clamat</span> 
     </span>
     <span class='ocr_line' id='line_1_20' title="bbox 226 1168 1556 1215; baseline 0.001 -10"><span class='ocrx_word' id='word_1_129' title='bbox 226 1169 423 1215; x_wconf 85' lang='lat' dir='ltr'>Metellus,</span> <span class='ocrx_word' id='word_1_130' title='bbox 456 1170 549 1206; x_wconf 82' lang='lat' dir='ltr'>NISI</span> <span class='ocrx_word' id='word_1_131' title='bbox 591 1180 792 1206; x_wconf 75' lang='lat' dir='ltr'><strong>LITTERAS</strong></span> <span class='ocrx_word' id='word_1_132' title='bbox 825 1180 1044 1207; x_wconf 77' lang='lat' dir='ltr'>MisISSEM:</span> <span class='ocrx_word' id='word_1_133' title='bbox 1084 1182 1165 1207; x_wconf 87' lang='lat' dir='ltr'>non</span> <span class='ocrx_word' id='word_1_134' title='bbox 1205 1176 1262 1206; x_wconf 89' lang='lat' dir='ltr'>est</span> <span class='ocrx_word' id='word_1_135' title='bbox 1301 1168 1403 1207; x_wconf 88' lang='lat' dir='ltr'>satis.</span> <span class='ocrx_word' id='word_1_136' title='bbox 1463 1169 1556 1206; x_wconf 81' lang='lat' dir='ltr'>Nisl</span> 
     </span>
     <span class='ocr_line' id='line_1_21' title="bbox 226 1233 1558 1283; baseline 0.002 -13"><span class='ocrx_word' id='word_1_137' title='bbox 226 1244 436 1271; x_wconf 76' lang='lat' dir='ltr'>PRAESENS</span> <span class='ocrx_word' id='word_1_138' title='bbox 467 1246 818 1272; x_wconf 75' lang='lat' dir='ltr'><strong>CONFIRMASSEMz</strong></span> <span class='ocrx_word' id='word_1_139' title='bbox 850 1247 899 1272; x_wconf 92' lang='lat' dir='ltr'>ne</span> <span class='ocrx_word' id='word_1_140' title='bbox 926 1233 968 1271; x_wconf 92' lang='lat' dir='ltr'>id</span> <span class='ocrx_word' id='word_1_141' title='bbox 997 1233 1159 1283; x_wconf 90' lang='lat' dir='ltr'>quidem</span> <span class='ocrx_word' id='word_1_142' title='bbox 1185 1233 1276 1272; x_wconf 87' lang='lat' dir='ltr'>satis</span> <span class='ocrx_word' id='word_1_143' title='bbox 1307 1241 1375 1272; x_wconf 90' lang='lat' dir='ltr'>est.</span> <span class='ocrx_word' id='word_1_144' title='bbox 1436 1235 1558 1272; x_wconf 79' lang='lat' dir='ltr'>RELl-</span> 
     </span>
     <span class='ocr_line' id='line_1_22' title="bbox 224 1298 1558 1349; baseline 0.001 -14"><span class='ocrx_word' id='word_1_145' title='bbox 224 1310 337 1345; x_wconf 85' lang='lat' dir='ltr'>Qvos‚</span> <span class='ocrx_word' id='word_1_146' title='bbox 373 1298 509 1348; x_wconf 79' lang='lat' dir='ltr'>inquit,</span> <span class='ocrx_word' id='word_1_147' title='bbox 548 1311 774 1337; x_wconf 75' lang='lat' dir='ltr'><strong>ARATORES.</strong></span> <span class='ocrx_word' id='word_1_148' title='bbox 836 1298 1060 1348; x_wconf 87' lang='lat' dir='ltr'>Reliquos?</span> <span class='ocrx_word' id='word_1_149' title='bbox 1102 1312 1224 1349; x_wconf 82' lang='lat' dir='ltr'>prope</span> <span class='ocrx_word' id='word_1_150' title='bbox 1255 1299 1408 1349; x_wconf 83' lang='lat' dir='ltr'>lugubri</span> <span class='ocrx_word' id='word_1_151' title='bbox 1437 1300 1558 1338; x_wconf 91' lang='lat' dir='ltr'>verbo</span> 
     </span>
     <span class='ocr_line' id='line_1_23' title="bbox 225 1365 1556 1416; baseline 0 -14"><span class='ocrx_word' id='word_1_152' title='bbox 225 1365 488 1404; x_wconf 82' lang='lat' dir='ltr'>calamitatem</span> <span class='ocrx_word' id='word_1_153' title='bbox 511 1365 910 1416; x_wconf 13' lang='lat' dir='ltr'>provinciaerSiciliae</span> <span class='ocrx_word' id='word_1_154' title='bbox 931 1365 1122 1415; x_wconf 80' lang='lat' dir='ltr'>significat</span> <span class='ocrx_word' id='word_1_155' title='bbox 1141 1380 1147 1403; x_wconf 91' lang='lat'>:</span> <span class='ocrx_word' id='word_1_156' title='bbox 1179 1365 1300 1411; x_wconf 84' lang='lat' dir='ltr'>addit,</span> <span class='ocrx_word' id='word_1_157' title='bbox 1325 1376 1556 1403; x_wconf 84' lang='lat' dir='ltr'><strong>ARATORVM</strong></span> 
     </span>
     <span class='ocr_line' id='line_1_24' title="bbox 226 1429 1557 1481; baseline 0.001 -14"><span class='ocrx_word' id='word_1_158' title='bbox 226 1442 419 1468; x_wconf 48' lang='lat' dir='ltr'>PENVRt-x.</span> <span class='ocrx_word' id='word_1_159' title='bbox 481 1432 716 1481; x_wconf 85' lang='lat' dir='ltr'>Exspectate</span> <span class='ocrx_word' id='word_1_160' title='bbox 737 1430 866 1476; x_wconf 87' lang='lat' dir='ltr'>etiam,</span> <span class='ocrx_word' id='word_1_161' title='bbox 889 1429 1048 1476; x_wconf 89' lang='lat' dir='ltr'>iudices,</span> <span class='ocrx_word' id='word_1_162' title='bbox 1072 1438 1305 1480; x_wconf 86' lang='lat' dir='ltr'>exspectate,</span> <span class='ocrx_word' id='word_1_163' title='bbox 1329 1430 1360 1468; x_wconf 88' lang='lat' dir='ltr'>si</span> <span class='ocrx_word' id='word_1_164' title='bbox 1381 1430 1557 1481; x_wconf 88' lang='lat' dir='ltr'>potestis,</span> 
     </span>
     <span class='ocr_line' id='line_1_25' title="bbox 223 1494 1559 1534; baseline 0.001 -2"><span class='ocrx_word' id='word_1_165' title='bbox 223 1495 497 1534; x_wconf 85' lang='lat' dir='ltr'>auctoritatem</span> <span class='ocrx_word' id='word_1_166' title='bbox 513 1495 776 1534; x_wconf 83' lang='lat' dir='ltr'>accusationis</span> <span class='ocrx_word' id='word_1_167' title='bbox 795 1508 916 1533; x_wconf 90' lang='lat' dir='ltr'>meae.</span> <span class='ocrx_word' id='word_1_168' title='bbox 961 1494 1062 1533; x_wconf 91' lang='lat' dir='ltr'>Dico</span> <span class='ocrx_word' id='word_1_169' title='bbox 1083 1503 1254 1534; x_wconf 87' lang='lat' dir='ltr'>aratores</span> <span class='ocrx_word' id='word_1_170' title='bbox 1275 1495 1385 1533; x_wconf 87' lang='lat' dir='ltr'>istius</span> <span class='ocrx_word' id='word_1_171' title='bbox 1399 1495 1559 1534; x_wconf 86' lang='lat' dir='ltr'>avaritia</span> 
     </span>
     <span class='ocr_line' id='line_1_26' title="bbox 223 1560 1554 1610; baseline 0.001 -12"><span class='ocrx_word' id='word_1_172' title='bbox 223 1560 394 1599; x_wconf 79' lang='lat' dir='ltr'>eiectos:</span> <span class='ocrx_word' id='word_1_173' title='bbox 426 1561 558 1599; x_wconf 83' lang='lat' dir='ltr'>scribit</span> <span class='ocrx_word' id='word_1_174' title='bbox 581 1562 766 1599; x_wconf 84' lang='lat' dir='ltr'>Metellus</span> <span class='ocrx_word' id='word_1_175' title='bbox 790 1560 982 1610; x_wconf 81' lang='lat' dir='ltr'>‘reliquos</span> <span class='ocrx_word' id='word_1_176' title='bbox 999 1562 1006 1577; x_wconf 74' lang='lat'>²</span> <span class='ocrx_word' id='word_1_177' title='bbox 1026 1560 1076 1598; x_wconf 89' lang='lat' dir='ltr'>ab</span> <span class='ocrx_word' id='word_1_178' title='bbox 1107 1574 1148 1598; x_wconf 88' lang='lat' dir='ltr'>se</span> <span class='ocrx_word' id='word_1_179' title='bbox 1178 1574 1262 1599; x_wconf 85' lang='lat' dir='ltr'>esse</span> <span class='ocrx_word' id='word_1_180' title='bbox 1292 1561 1554 1599; x_wconf 88' lang='lat' dir='ltr'>confirmatos.</span> 
     </span>
     <span class='ocr_line' id='line_1_27' title="bbox 225 1625 1557 1675; baseline 0 -12"><span class='ocrx_word' id='word_1_181' title='bbox 225 1625 327 1663; x_wconf 81' lang='lat' dir='ltr'>Dico</span> <span class='ocrx_word' id='word_1_182' title='bbox 375 1639 487 1675; x_wconf 79' lang='lat' dir='ltr'>agros</span> <span class='ocrx_word' id='word_1_183' title='bbox 541 1627 694 1664; x_wconf 86' lang='lat' dir='ltr'>relictos</span> <span class='ocrx_word' id='word_1_184' title='bbox 733 1625 1007 1675; x_wconf 83' lang='lat' dir='ltr'>arationesque</span> <span class='ocrx_word' id='word_1_185' title='bbox 1046 1638 1131 1664; x_wconf 82' lang='lat' dir='ltr'>esse</span> <span class='ocrx_word' id='word_1_186' title='bbox 1186 1626 1383 1664; x_wconf 88' lang='lat' dir='ltr'>desertas:</span> <span class='ocrx_word' id='word_1_187' title='bbox 1424 1625 1557 1664; x_wconf 82' lang='lat' dir='ltr'>scribit</span> 
     </span>
     <span class='ocr_line' id='line_1_28' title="bbox 225 1689 1556 1740; baseline 0.001 -13"><span class='ocrx_word' id='word_1_188' title='bbox 225 1692 410 1729; x_wconf 77' lang='lat' dir='ltr'>Metellus</span> <span class='ocrx_word' id='word_1_189' title='bbox 431 1698 626 1729; x_wconf 85' lang='lat' dir='ltr'>aratorum</span> <span class='ocrx_word' id='word_1_190' title='bbox 648 1703 733 1728; x_wconf 88' lang='lat' dir='ltr'>csse</span> <span class='ocrx_word' id='word_1_191' title='bbox 757 1689 1012 1740; x_wconf 82' lang='lat' dir='ltr'>‘penuriam’.</span> <span class='ocrx_word' id='word_1_192' title='bbox 1073 1691 1166 1727; x_wconf 91' lang='lat' dir='ltr'>Hoc</span> <span class='ocrx_word' id='word_1_193' title='bbox 1186 1703 1276 1728; x_wconf 90' lang='lat' dir='ltr'>cum</span> <span class='ocrx_word' id='word_1_194' title='bbox 1299 1689 1442 1737; x_wconf 84' lang='lat' dir='ltr'>scribit,</span> <span class='ocrx_word' id='word_1_195' title='bbox 1461 1690 1556 1728; x_wconf 89' lang='lat' dir='ltr'>illud</span> 
     </span>
     <span class='ocr_line' id='line_1_29' title="bbox 221 1747 1555 1806; baseline 0 -13"><span class='ocrx_word' id='word_1_196' title='bbox 221 1747 418 1802; x_wconf 73' lang='lat' dir='ltr'>ostendit,</span> <span class='ocrx_word' id='word_1_197' title='bbox 439 1756 624 1802; x_wconf 86' lang='lat' dir='ltr'>deiectos,</span> <span class='ocrx_word' id='word_1_198' title='bbox 657 1755 821 1794; x_wconf 86' lang='lat' dir='ltr'>fortunis</span> <span class='ocrx_word' id='word_1_199' title='bbox 857 1755 1042 1793; x_wconf 87' lang='lat' dir='ltr'>omnibus</span> <span class='ocrx_word' id='word_1_200' title='bbox 1082 1756 1263 1805; x_wconf 82' lang='lat' dir='ltr'>expulsos</span> <span class='ocrx_word' id='word_1_201' title='bbox 1298 1769 1382 1794; x_wconf 90' lang='lat' dir='ltr'>esse</span> <span class='ocrx_word' id='word_1_202' title='bbox 1421 1755 1555 1806; x_wconf 82' lang='lat' dir='ltr'>populi</span> 
     </span>
     <span class='ocr_line' id='line_1_30' title="bbox 226 1819 1557 1871; baseline 0 -13"><span class='ocrx_word' id='word_1_203' title='bbox 226 1820 396 1858; x_wconf 88' lang='lat' dir='ltr'>Romani</span> <span class='ocrx_word' id='word_1_204' title='bbox 437 1820 564 1859; x_wconf 81' lang='lat' dir='ltr'>socios</span> <span class='ocrx_word' id='word_1_205' title='bbox 602 1829 721 1871; x_wconf 83' lang='lat' dir='ltr'>atque</span> <span class='ocrx_word' id='word_1_206' title='bbox 760 1819 920 1858; x_wconf 90' lang='lat' dir='ltr'>amicos.</span> <span class='ocrx_word' id='word_1_207' title='bbox 981 1819 1137 1869; x_wconf 80' lang='lat' dir='ltr'>Quibus</span> <span class='ocrx_word' id='word_1_208' title='bbox 1177 1819 1207 1858; x_wconf 88' lang='lat' dir='ltr'>si</span> <span class='ocrx_word' id='word_1_209' title='bbox 1247 1834 1325 1870; x_wconf 87' lang='lat' dir='ltr'>qua</span> <span class='ocrx_word' id='word_1_210' title='bbox 1356 1820 1557 1859; x_wconf 85' lang='lat' dir='ltr'>calamitas</span> 
     </span>
     <span class='ocr_line' id='line_1_31' title="bbox 223 1885 1554 1935; baseline 0 -12"><span class='ocrx_word' id='word_1_211' title='bbox 223 1893 381 1935; x_wconf 83' lang='lat' dir='ltr'>propter</span> <span class='ocrx_word' id='word_1_212' title='bbox 408 1885 525 1924; x_wconf 83' lang='lat' dir='ltr'>istum</span> <span class='ocrx_word' id='word_1_213' title='bbox 547 1886 661 1924; x_wconf 77' lang='lat' dir='ltr'>salvis</span> <span class='ocrx_word' id='word_1_214' title='bbox 690 1885 944 1935; x_wconf 82' lang='lat' dir='ltr'>vectigalibus</span> <span class='ocrx_word' id='word_1_215' title='bbox 972 1885 1113 1923; x_wconf 88' lang='lat' dir='ltr'>nostris</span> <span class='ocrx_word' id='word_1_216' title='bbox 1138 1885 1355 1931; x_wconf 86' lang='lat' dir='ltr'>accidisset,</span> <span class='ocrx_word' id='word_1_217' title='bbox 1379 1885 1554 1924; x_wconf 91' lang='lat' dir='ltr'>animum</span> 
     </span>
     <span class='ocr_line' id='line_1_32' title="bbox 223 1950 1556 2000; baseline 0 -12"><span class='ocrx_word' id='word_1_218' title='bbox 223 1952 423 1989; x_wconf 87' lang='lat' dir='ltr'>advertere</span> <span class='ocrx_word' id='word_1_219' title='bbox 444 1959 576 1989; x_wconf 87' lang='lat' dir='ltr'>tamen</span> <span class='ocrx_word' id='word_1_220' title='bbox 608 1951 645 1988; x_wconf 88' lang='lat' dir='ltr'>in</span> <span class='ocrx_word' id='word_1_221' title='bbox 676 1964 766 1989; x_wconf 86' lang='lat' dir='ltr'>eum</span> <span class='ocrx_word' id='word_1_222' title='bbox 799 1964 867 1988; x_wconf 84' lang='lat' dir='ltr'>vos</span> <span class='ocrx_word' id='word_1_223' title='bbox 898 1957 1105 2000; x_wconf 86' lang='lat' dir='ltr'>oporteret,</span> <span class='ocrx_word' id='word_1_224' title='bbox 1134 1950 1359 2000; x_wconf 86' lang='lat' dir='ltr'>praesertim</span> <span class='ocrx_word' id='word_1_225' title='bbox 1390 1964 1480 1989; x_wconf 88' lang='lat' dir='ltr'>cum</span> <span class='ocrx_word' id='word_1_226' title='bbox 1511 1964 1556 1989; x_wconf 86' lang='lat' dir='ltr'>ea</span> 
     </span>
     <span class='ocr_line' id='line_1_33' title="bbox 223 2015 1553 2065; baseline -0.001 -12"><span class='ocrx_word' id='word_1_227' title='bbox 223 2017 306 2065; x_wconf 85' lang='lat' dir='ltr'>lege</span> <span class='ocrx_word' id='word_1_228' title='bbox 328 2015 551 2054; x_wconf 84' lang='lat' dir='ltr'>iudicaretis</span> <span class='ocrx_word' id='word_1_229' title='bbox 573 2030 673 2065; x_wconf 78' lang='lat' dir='ltr'>quae</span> <span class='ocrx_word' id='word_1_230' title='bbox 696 2015 891 2053; x_wconf 86' lang='lat' dir='ltr'>sociorum</span> <span class='ocrx_word' id='word_1_231' title='bbox 922 2028 1039 2053; x_wconf 87' lang='lat' dir='ltr'>causa</span> <span class='ocrx_word' id='word_1_232' title='bbox 1067 2022 1168 2053; x_wconf 81' lang='lat' dir='ltr'>esset</span> <span class='ocrx_word' id='word_1_233' title='bbox 1197 2015 1434 2054; x_wconf 80' lang='lat' dir='ltr'>constituta:</span> <span class='ocrx_word' id='word_1_234' title='bbox 1464 2029 1553 2053; x_wconf 90' lang='lat' dir='ltr'>cum</span> 
     </span>
     <span class='ocr_line' id='line_1_34' title="bbox 223 2079 1554 2131; baseline 0.001 -14"><span class='ocrx_word' id='word_1_235' title='bbox 223 2094 313 2118; x_wconf 84' lang='lat' dir='ltr'>vero</span> <span class='ocrx_word' id='word_1_236' title='bbox 344 2081 504 2130; x_wconf 88' lang='lat' dir='ltr'>perditis</span> <span class='ocrx_word' id='word_1_237' title='bbox 531 2080 822 2131; x_wconf 79' lang='lat' dir='ltr'>profligatisque</span> <span class='ocrx_word' id='word_1_238' title='bbox 844 2079 958 2117; x_wconf 83' lang='lat' dir='ltr'>sociis</span> <span class='ocrx_word' id='word_1_239' title='bbox 987 2079 1189 2129; x_wconf 79' lang='lat' dir='ltr'>vectigalia</span> <span class='ocrx_word' id='word_1_240' title='bbox 1215 2080 1350 2130; x_wconf 92' lang='lat' dir='ltr'>populi</span> <span class='ocrx_word' id='word_1_241' title='bbox 1382 2080 1554 2118; x_wconf 86' lang='lat' dir='ltr'>Romani</span> 
     </span>
    </p>

    <p class='ocr_par' dir='ltr' id='par_1_7' title="bbox 223 2182 1554 2312">
     <span class='ocr_line' id='line_1_35' title="bbox 267 2182 1554 2224; baseline 0 -9"><span class='ocrx_word' id='word_1_242' title='bbox 267 2196 285 2224; x_wconf 84' lang='lat'><strong>5</strong></span> <span class='ocrx_word' id='word_1_243' title='bbox 311 2184 506 2215; x_wconf 79' lang='lat' dir='ltr'>familiarem</span> <span class='ocrx_word' id='word_1_244' title='bbox 525 2196 590 2216; x_wconf 84' lang='lat' dir='ltr'>om.</span> <span class='ocrx_word' id='word_1_245' title='bbox 614 2184 644 2215; x_wconf 91' lang='grc' dir='ltr'><em>Ο</em></span> <span class='ocrx_word' id='word_1_246' title='bbox 789 2195 806 2223; x_wconf 93' lang='lat'><strong>7</strong></span> <span class='ocrx_word' id='word_1_247' title='bbox 832 2185 932 2214; x_wconf 92' lang='lat' dir='ltr'>homo</span> <span class='ocrx_word' id='word_1_248' title='bbox 951 2194 1016 2214; x_wconf 81' lang='lat' dir='ltr'>om.</span> <span class='ocrx_word' id='word_1_249' title='bbox 1040 2182 1070 2212; x_wconf 92' lang='lat' dir='ltr'><strong><em>O</em></strong></span> <span class='ocrx_word' id='word_1_250' title='bbox 1201 2193 1222 2222; x_wconf 91' lang='lat'>9</span> <span class='ocrx_word' id='word_1_251' title='bbox 1246 2184 1328 2214; x_wconf 88' lang='lat' dir='ltr'>haec</span> <span class='ocrx_word' id='word_1_252' title='bbox 1348 2184 1378 2214; x_wconf 91' lang='lat' dir='ltr'><strong>O</strong></span> <span class='ocrx_word' id='word_1_253' title='bbox 1515 2194 1554 2215; x_wconf 93' lang='lat'>10</span> 
     </span>
     <span class='ocr_line' id='line_1_36' title="bbox 223 2226 1551 2268; baseline 0 -11"><span class='ocrx_word' id='word_1_254' title='bbox 223 2229 294 2258; x_wconf 85' lang='lat' dir='ltr'>eius</span> <span class='ocrx_word' id='word_1_255' title='bbox 312 2229 401 2259; x_wconf 91' lang='lat' dir='ltr'>modi</span> <span class='ocrx_word' id='word_1_256' title='bbox 422 2229 452 2259; x_wconf 88' lang='lat' dir='ltr'><strong>O</strong></span> <span class='ocrx_word' id='word_1_257' title='bbox 471 2241 477 2259; x_wconf 88' lang='lat'>:</span> <span class='ocrx_word' id='word_1_258' title='bbox 503 2230 600 2259; x_wconf 85' lang='lat' dir='ltr'>huius</span> <span class='ocrx_word' id='word_1_259' title='bbox 620 2228 709 2258; x_wconf 85' lang='lat' dir='ltr'>modi</span> <span class='ocrx_word' id='word_1_260' title='bbox 723 2233 746 2268; x_wconf 77' lang='lat' dir='ltr'>p</span> <span class='ocrx_word' id='word_1_261' title='bbox 763 2228 830 2257; x_wconf 78' lang='lat' dir='ltr'>rell.</span> <span class='ocrx_word' id='word_1_262' title='bbox 928 2237 964 2256; x_wconf 89' lang='lat'>12</span> <span class='ocrx_word' id='word_1_263' title='bbox 992 2226 1111 2257; x_wconf 85' lang='lat' dir='ltr'>Recita</span> <span class='ocrx_word' id='word_1_264' title='bbox 1129 2231 1242 2257; x_wconf 84' lang='lat' dir='ltr'>cetera</span> <span class='ocrx_word' id='word_1_265' title='bbox 1254 2226 1293 2266; x_wconf 78' lang='lat' dir='ltr'>p²</span> <span class='ocrx_word' id='word_1_266' title='bbox 1311 2226 1345 2257; x_wconf 79' lang='lat' dir='ltr'>in</span> <span class='ocrx_word' id='word_1_267' title='bbox 1361 2227 1419 2257; x_wconf 84' lang='lat' dir='ltr'>lac.</span> <span class='ocrx_word' id='word_1_268' title='bbox 1516 2237 1551 2264; x_wconf 87' lang='lat'>14</span> 
     </span>
     <span class='ocr_line' id='line_1_37' title="bbox 223 2270 1551 2312; baseline 0 -11"><span class='ocrx_word' id='word_1_269' title='bbox 223 2272 265 2301; x_wconf 83' lang='lat' dir='ltr'>dc</span> <span class='ocrx_word' id='word_1_270' title='bbox 283 2282 318 2301; x_wconf 81' lang='lat' dir='ltr'>re</span> <span class='ocrx_word' id='word_1_271' title='bbox 337 2273 452 2302; x_wconf 85' lang='lat' dir='ltr'>eadem</span> <span class='ocrx_word' id='word_1_272' title='bbox 466 2277 490 2312; x_wconf 77' lang='lat' dir='ltr'>p</span> <span class='ocrx_word' id='word_1_273' title='bbox 509 2273 574 2303; x_wconf 77' lang='lat' dir='ltr'>rell.</span> <span class='ocrx_word' id='word_1_274' title='bbox 591 2284 597 2303; x_wconf 91' lang='lat'>:</span> <span class='ocrx_word' id='word_1_275' title='bbox 623 2273 740 2302; x_wconf 88' lang='lat' dir='ltr'>eadem</span> <span class='ocrx_word' id='word_1_276' title='bbox 760 2273 801 2302; x_wconf 81' lang='lat' dir='ltr'>de</span> <span class='ocrx_word' id='word_1_277' title='bbox 819 2282 855 2301; x_wconf 86' lang='lat' dir='ltr'>re</span> <span class='ocrx_word' id='word_1_278' title='bbox 874 2270 904 2301; x_wconf 91' lang='grc' dir='ltr'><em>Ο</em></span> <span class='ocrx_word' id='word_1_279' title='bbox 1017 2281 1058 2300; x_wconf 88' lang='lat'>20</span> <span class='ocrx_word' id='word_1_280' title='bbox 1083 2275 1279 2309; x_wconf 81' lang='lat' dir='ltr'>exspectate</span> <span class='ocrx_word' id='word_1_281' title='bbox 1299 2271 1393 2310; x_wconf 75' lang='lat' dir='ltr'>(post</span> <span class='ocrx_word' id='word_1_282' title='bbox 1410 2271 1551 2307; x_wconf 74' lang='lat' dir='ltr'>iudices)</span> 
     </span>
    </p>
   </div>
   <div class='ocr_carea' id='block_1_6' title="bbox 221 2313 1552 2397">
    <p class='ocr_par' dir='ltr' id='par_1_8' title="bbox 221 2313 1552 2397">
     <span class='ocr_line' id='line_1_38' title="bbox 221 2313 1552 2355; baseline 0 -11"><span class='ocrx_word' id='word_1_283' title='bbox 221 2315 269 2344; x_wconf 87' lang='lat' dir='ltr'>cO</span> <span class='ocrx_word' id='word_1_284' title='bbox 286 2327 292 2345; x_wconf 74' lang='grc' dir='ltr'>ε</span> <span class='ocrx_word' id='word_1_285' title='bbox 317 2326 382 2346; x_wconf 82' lang='lat' dir='ltr'>om.</span> <span class='ocrx_word' id='word_1_286' title='bbox 398 2321 421 2355; x_wconf 82' lang='lat' dir='ltr'>s&gt;</span> <span class='ocrx_word' id='word_1_287' title='bbox 439 2316 501 2346; x_wconf 82' lang='lat' dir='ltr'>rell.</span> <span class='ocrx_word' id='word_1_288' title='bbox 641 2325 680 2354; x_wconf 82' lang='lat'>23</span> <span class='ocrx_word' id='word_1_289' title='bbox 706 2325 780 2345; x_wconf 83' lang='lat' dir='ltr'>esse</span> <span class='ocrx_word' id='word_1_290' title='bbox 799 2315 950 2345; x_wconf 84' lang='lat' dir='ltr'>desertas</span> <span class='ocrx_word' id='word_1_291' title='bbox 970 2314 1022 2353; x_wconf 82' lang='lat' dir='ltr'>Op</span> <span class='ocrx_word' id='word_1_292' title='bbox 1039 2313 1081 2344; x_wconf 84' lang='lat' dir='ltr'>al.</span> <span class='ocrx_word' id='word_1_293' title='bbox 1097 2324 1104 2343; x_wconf 73' lang='grc' dir='ltr'>ε</span> <span class='ocrx_word' id='word_1_294' title='bbox 1129 2315 1198 2344; x_wconf 82' lang='lat' dir='ltr'>deS.</span> <span class='ocrx_word' id='word_1_295' title='bbox 1220 2323 1296 2344; x_wconf 85' lang='lat' dir='ltr'>esse</span> <span class='ocrx_word' id='word_1_296' title='bbox 1313 2313 1381 2345; x_wconf 80' lang='lat' dir='ltr'><em>edd.</em></span> <span class='ocrx_word' id='word_1_297' title='bbox 1511 2324 1552 2354; x_wconf 75' lang='lat'>25</span> 
     </span>
     <span class='ocr_line' id='line_1_39' title="bbox 222 2356 1433 2397; baseline 0.001 -10"><span class='ocrx_word' id='word_1_298' title='bbox 222 2358 372 2389; x_wconf 85' lang='lat' dir='ltr'>delectos</span> <span class='ocrx_word' id='word_1_299' title='bbox 386 2364 408 2389; x_wconf 65' lang='grc' dir='ltr'>,ὸ</span> <span class='ocrx_word' id='word_1_300' title='bbox 424 2359 466 2390; x_wconf 82' lang='lat' dir='ltr'>al.</span> <span class='ocrx_word' id='word_1_301' title='bbox 487 2370 492 2388; x_wconf 74' lang='grc' dir='ltr'>ε</span> <span class='ocrx_word' id='word_1_302' title='bbox 519 2359 650 2389; x_wconf 84' lang='lat' dir='ltr'>deletos</span> <span class='ocrx_word' id='word_1_303' title='bbox 670 2359 700 2388; x_wconf 88' lang='grc' dir='ltr'><em>Ο</em></span> <span class='ocrx_word' id='word_1_304' title='bbox 835 2360 876 2388; x_wconf 88' lang='lat'>28</span> <span class='ocrx_word' id='word_1_305' title='bbox 901 2362 1074 2396; x_wconf 85' lang='lat' dir='ltr'>oporteret</span> <span class='ocrx_word' id='word_1_306' title='bbox 1094 2356 1124 2387; x_wconf 90' lang='lat' dir='ltr'><strong>O</strong></span> <span class='ocrx_word' id='word_1_307' title='bbox 1143 2369 1150 2388; x_wconf 69' lang='grc' dir='ltr'><em>τ</em></span> <span class='ocrx_word' id='word_1_308' title='bbox 1173 2357 1384 2397; x_wconf 86' lang='lat' dir='ltr'>oportebatp</span> <span class='ocrx_word' id='word_1_309' title='bbox 1397 2357 1433 2388; x_wconf 88' lang='lat' dir='ltr'>al</span> 
     </span>
    </p>
   </div>
   <div class='ocr_carea' id='block_1_7' title="bbox 1583 790 1621 812">
    <p class='ocr_par' dir='ltr' id='par_1_9' title="bbox 1583 790 1621 812">
     <span class='ocr_line' id='line_1_40' title="bbox 1583 790 1621 812; baseline 0 0"><span class='ocrx_word' id='word_1_310' title='bbox 1583 790 1621 812; x_wconf 89' lang='lat'>10</span> 
     </span>
    </p>
   </div>
   <div class='ocr_carea' id='block_1_8' title="bbox 1580 1116 1617 1147">
    <p class='ocr_par' dir='ltr' id='par_1_10' title="bbox 1580 1116 1617 1147">
     <span class='ocr_line' id='line_1_41' title="bbox 1580 1116 1617 1147; baseline 0 0"><span class='ocrx_word' id='word_1_311' title='bbox 1580 1116 1617 1147; x_wconf 88' lang='lat'>15</span> 
     </span>
    </p>
   </div>
   <div class='ocr_carea' id='block_1_9' title="bbox 1577 1445 1618 1467">
    <p class='ocr_par' dir='ltr' id='par_1_11' title="bbox 1577 1445 1618 1467">
     <span class='ocr_line' id='line_1_42' title="bbox 1577 1445 1618 1467; baseline 0 0"><span class='ocrx_word' id='word_1_312' title='bbox 1577 1445 1618 1467; x_wconf 90' lang='lat'>20</span> 
     </span>
    </p>
   </div>
   <div class='ocr_carea' id='block_1_10' title="bbox 1578 1768 1615 1799">
    <p class='ocr_par' dir='ltr' id='par_1_12' title="bbox 1578 1768 1615 1799">
     <span class='ocr_line' id='line_1_43' title="bbox 1578 1768 1615 1799; baseline 0 0"><span class='ocrx_word' id='word_1_313' title='bbox 1578 1768 1615 1799; x_wconf 83' lang='lat'>25</span> 
     </span>
    </p>
   </div>
   <div class='ocr_carea' id='block_1_11' title="bbox 1575 2093 1615 2124">
    <p class='ocr_par' dir='ltr' id='par_1_13' title="bbox 1575 2093 1615 2124">
     <span class='ocr_line' id='line_1_44' title="bbox 1575 2093 1615 2124; baseline 0 -8"><span class='ocrx_word' id='word_1_314' title='bbox 1575 2093 1615 2124; x_wconf 82' lang='lat'>30</span> 
     </span>
    </p>
   </div>
   <div class='ocr_carea' id='block_1_12' title="bbox 1682 1166 1715 2447">
    <p class='ocr_par' dir='ltr' id='par_1_14' title="bbox 1682 1166 1715 2447">
     <span class='ocr_line' id='line_1_45' title="bbox 1682 1166 1715 2447; baseline 0 0"><span class='ocrx_word' id='word_1_315' title='bbox 1682 1166 1715 2447; x_wconf 95' lang='lat' dir='ltr'> </span> 
     </span>
    </p>
   </div>
  </div>
 </body>
</html>
