1715 2734
168 131 221 169 43
242 137 283 167 94
612 121 667 157 M.
702 122 871 158 TVLLI
902 119 1211 159 CICERONIS

240 233 490 281 repelluntur.
564 233 705 270 Postea
725 229 924 269 convulsis
945 230 1139 280 repagulis
1164 230 1423 281 ecfractisque
1452 231 1574 270 valvis

240 295 419 334 demoliri
442 296 595 346 signum
617 310 663 334 ac
684 295 862 333 vectibus
887 295 1123 334 labefactare
1153 304 1357 334 conantur.
1420 297 1576 335 Interea

240 375 286 399 ex
301 363 471 400 clamore
488 363 591 399 fama
608 368 690 399 tota
706 361 802 399 urbe
819 360 1060 411 percrebruit
1076 361 1287 411 expugnari
1305 363 1402 399 deos
1416 361 1572 412 patrios,

241 439 321 464 non
360 426 534 465 hostium
572 428 745 465 adventu
785 426 1025 476 necopinato
1067 440 1196 476 neque
1230 427 1437 477 repentino
1472 441 1577 478 prae-

241 492 390 530 donum
424 491 585 542 impetu,
618 492 689 530 sed
724 506 769 529 ex
801 492 924 529 domo
957 499 1077 541 atque
1111 506 1157 530 ex
1192 493 1354 530 cohorte
1385 493 1578 542 praetoria
1600 512 1616 542 5

178 569 219 601 95
242 570 403 594 manum
426 556 675 606 fugitivorum
694 557 922 594 instructam
938 564 1209 607 armatamque
1229 557 1394 596 venisse.
1445 560 1578 597 Nemo

242 621 443 671 Agrigenti
475 635 604 671 neque
633 629 761 660 aetate
791 629 870 659 tam
901 623 1056 660 adfecta
1086 636 1216 672 neque
1246 622 1392 660 viribus
1423 630 1501 660 tam
1525 623 1579 661 in-

243 686 362 724 firmis
384 686 455 725 fuit
476 686 541 736 qui
565 700 645 725 non
666 686 730 724 illa
758 694 874 726 nocte
902 700 950 726 eo
981 687 1121 725 nuntio
1151 687 1340 726 excitatus
1361 688 1577 735 surrexerit,

243 752 445 801 telumque
481 753 590 801 quod
629 751 773 801 cuique
813 753 890 790 fors
931 753 1120 791 offerebat
1160 742 1374 803 arripuerit.
1438 755 1579 803 Itaque

244 815 349 854 brevi
375 824 552 866 tempore
572 817 623 855 ad
645 818 778 854 fanum
810 831 857 855 ex
888 817 985 856 urbe
1006 825 1088 856 tota
1109 818 1363 857 concurritur.
1425 821 1577 857 Horam
1602 835 1639 857 10

241 881 410 931 amplius
431 881 508 920 iam
530 882 569 920 in
597 882 854 921 demoliendo
878 882 990 933 signo
1020 882 1203 933 permulti
1234 883 1416 922 homines
1447 884 1579 923 molie-

244 947 384 985 bantur
402 962 411 995 ;
441 947 537 986 illud
558 947 706 986 interea
735 949 842 986 nulla
868 949 1027 987 lababat
1048 962 1094 986 ex
1121 956 1241 998 parte,
1263 962 1353 987 cum
1378 949 1442 987 alii
1464 949 1579 987 vecti-

243 1013 315 1050 bus
337 1012 523 1051 subiectis
544 1020 780 1052 conarentur
801 1027 1063 1060 commovere,
1077 1012 1141 1051 alii
1156 1013 1369 1063 deligatum
1392 1014 1578 1053 omnibus

243 1077 429 1115 membris
464 1091 598 1128 rapere
635 1079 686 1116 ad
726 1091 768 1116 se
806 1077 976 1117 funibus.
1038 1080 1099 1116 Ac
1138 1087 1298 1128 repente
1333 1078 1576 1129 Agrigentini

242 1151 506 1191 concurrunt3
536 1145 578 1181 fit
606 1156 747 1193 magna
773 1142 988 1193 lapidati0,·
1018 1144 1114 1182 dant
1141 1157 1226 1182 sese
1255 1143 1293 1181 in
1315 1145 1445 1193 fugam
1467 1144 1578 1182 istius
1600 1160 1637 1192 15

242 1208 427 1258 praeclari
460 1208 704 1258 imperatoris
736 1208 919 1247 nocturni
954 1207 1108 1247 milites.
1170 1210 1262 1246 Duo
1292 1217 1423 1247 tamen
1454 1208 1578 1258 sigilla

243 1276 473 1325 perparvula
493 1276 647 1321 tollunt,
669 1288 719 1313 ne
746 1273 911 1313 omnino
942 1273 1078 1312 inanes
1106 1274 1157 1312 ad
1185 1273 1301 1312 istum
1335 1275 1577 1324 praedonem

242 1339 474 1390 religionum
505 1346 757 1378 revertantur.
832 1340 1063 1388 Numquam
1096 1346 1175 1377 tam
1211 1340 1313 1377 male
1348 1346 1405 1377 est
1437 1338 1576 1377 Siculis

242 1405 337 1455 quin
369 1404 518 1455 aliquid
550 1406 675 1443 facete
710 1412 748 1443 et
783 1405 995 1442 commode
1027 1402 1172 1450 dicant,
1205 1405 1311 1442 velut
1350 1402 1389 1441 in
1424 1404 1497 1442 hac
1536 1417 1576 1442 re

241 1471 399 1509 aiebant
437 1470 477 1508 in
517 1470 670 1508 labores
707 1469 892 1508 Herculis
927 1483 1008 1507 non
1044 1469 1173 1507 minus
1206 1470 1312 1507 hunc
1345 1469 1576 1508 immanissi-
1598 1485 1637 1507 20

243 1549 351 1573 mum
390 1549 540 1573 verrem
589 1548 708 1584 quam
757 1534 867 1572 illum
915 1547 1053 1584 aprum
1104 1534 1406 1584 Erymanthium
1446 1534 1575 1573 referri

242 1608 433 1651 oportere.

298 1668 417 1704 Hanc
456 1664 637 1704 virtutem
688 1664 1033 1715 Agrigentinorum
1084 1664 1222 1703 imitati
1269 1672 1359 1704 sunt
1399 1664 1575 1704 Assorini

243 1738 389 1780 postea,
411 1730 479 1768 viri
511 1732 627 1769 fortes
656 1738 693 1768 et
722 1731 869 1777 fideles,
892 1731 961 1769 sed
989 1744 1240 1781 nequaquam
1272 1745 1317 1769 ex
1345 1739 1423 1769 tarn
1444 1732 1576 1781 ampla

242 1809 370 1845 neque
400 1804 479 1834 tam
510 1809 556 1834 ex
587 1795 709 1834 nobili
740 1795 907 1834 civitate.
967 1797 1137 1846 Chrysas
1167 1804 1225 1835 est
1253 1796 1380 1835 amnis
1408 1796 1475 1847 qui
1506 1810 1574 1847 per
1594 1809 1632 1843 ²5

241 1861 519 1899 Assorinorum
541 1874 653 1911 agros
675 1862 782 1908 fluit3
813 1860 843 1899 is
864 1862 971 1911 apud
988 1861 1074 1899 illos
1096 1861 1262 1900 habetur
1296 1863 1394 1901 deus
1428 1869 1466 1900 et
1492 1861 1575 1900 reli-

240 1925 356 1975 gione
373 1926 542 1965 maxima
558 1926 708 1965 colitur.
761 1928 912 1964 Fanum
928 1926 1011 1965 eius
1026 1934 1083 1965 est
1100 1926 1139 1964 in
1156 1940 1259 1976 agro,
1275 1935 1431 1978 propter
1449 1927 1572 1978 ipsam

241 1991 342 2029 viam
364 2005 442 2041 qua
463 1994 611 2030 Assoro
632 1992 707 2030 itur
735 1993 921 2030 Hennam
942 2006 950 2039 3
979 1991 1018 2029 in
1046 2005 1094 2030 eo
1119 1993 1292 2042 Chrysae
1322 1992 1572 2030 simulacrum

241 2065 299 2095 cst
320 2059 515 2108 praeclare
536 2059 682 2096 factum
704 2071 724 2095 e
747 2071 949 2095 marmore.
1012 2058 1059 2095 Id
1081 2057 1152 2096 iste
1182 2071 1343 2107 poscere
1366 2057 1574 2096 Assorinos

241 2130 399 2172 propter
438 2122 672 2171 singularem
712 2121 794 2160 eius
830 2121 906 2160 fani
947 2121 1173 2172 religionem
1214 2135 1293 2160 non
1332 2135 1449 2160 ausus
1489 2129 1633 2170 est530

241 2189 476 2237 Tlepolemo
498 2189 564 2225 dat
586 2195 623 2226 et
647 2186 812 2225 Hieroni
839 2187 1051 2236 negotium.
1104 2187 1165 2225 Illi
1188 2195 1307 2226 noctu
1330 2189 1431 2226 facta
1453 2200 1571 2225 manu

167 1647 222 1684 44

179 1697 222 1739 96

285 2301 305 2329 3
331 2291 539 2330 percrebruit
558 2291 634 2330 Hp:
662 2290 854 2329 percrebuit
872 2290 934 2321 RS
1081 2299 1100 2328 5
1127 2300 1169 2320 ex
1192 2291 1282 2331 (autc
1301 2290 1452 2330 cohorte)
1469 2301 1534 2321 om.
1555 2290 1572 2319 δ

884 2343 898 2359 C

243 2369 407 2407 praetoria
425 2378 556 2398 manum
577 2367 635 2407 Hp
654 2379 660 2397 :
687 2368 853 2406 praetoris
871 2377 1026 2398 amanum
1046 2367 1079 2398 R
1097 2378 1103 2397 :
1128 2367 1295 2407 praetoris
1307 2377 1345 2397 ac
1363 2377 1494 2397 manum
1507 2365 1572 2397 SD

243 2421 260 2450 7
288 2411 428 2442 infirmis
447 2412 526 2451 Hp:
554 2411 708 2441 infirmus
726 2410 790 2442 RS
