1715 2734
163 110 428 149 ACTIONIS
452 111 512 148 IN
534 111 577 149 C.
601 111 840 148 VERREM
863 110 1160 149 SECVNDAE
1182 111 1283 148 LIB.
1309 111 1374 147 III
1426 120 1483 157 40
1504 126 1544 156 93

162 223 264 260 dare.
324 221 547 260 Venerione
578 235 689 260 servo
713 229 751 260 te
781 229 957 272 praetore
978 220 1064 259 talis
1084 220 1150 268 vir,
1173 228 1329 259 senator
1348 220 1484 272 populi

164 286 346 333 Romani,
369 286 547 336 quaestui
568 286 671 324 fuit?

218 352 338 389 Hunc
367 351 545 389 ordinem
577 351 607 389 si
638 351 828 401 dignitate
857 352 1090 390 antecellere
1120 365 1200 389 non
1222 350 1482 398 existimabas,
1504 342 1549 379 41

164 430 212 454 ne
247 417 324 454 hoc
358 415 519 465 quidem
555 415 717 463 sciebas,
756 416 957 454 iudicare?
1016 418 1145 454 Antea
1175 430 1265 453 cum
1306 424 1486 465 equester
1505 402 1548 434 94

122 495 141 528 5
164 482 262 519 ordo
282 480 481 527 iudicaret,
505 481 672 531 improbi
694 489 732 519 et
758 495 917 531 rapaces
947 481 1193 531 magistratus
1215 480 1253 518 in
1274 480 1485 530 provinciis

163 546 426 585 inserviebant
445 546 693 596 publicani53
722 547 917 585 ornabant
940 560 1008 585 eos
1036 546 1103 596 qui
1133 546 1172 584 in
1202 546 1329 596 operis
1350 553 1488 594 erant;

163 625 455 661 quemcumque
494 610 667 661 equitem
709 612 938 649 Romanum
979 611 1018 648 in
1058 610 1257 661 provincia
1297 609 1484 658 viderant,

165 676 363 714 beneficiis
402 690 448 713 ac
488 675 718 714 liberalitate
757 676 1125 725 prosequebantur3
1165 689 1294 725 neque
1333 682 1485 713 tantum

163 742 227 779 illa
260 755 319 779 res
355 740 591 778 nocentibus
626 741 808 790 proderat
843 749 1035 790 quantum
1060 740 1188 778 obfuit
1223 739 1365 786 multis,
1395 753 1485 777 cum

106 825 144 847 10
162 805 310 855 aliquid
338 813 475 843 contra
501 805 707 843 utilitatem
739 805 823 843 eius
854 805 1002 843 ordinis
1032 807 1354 855 voluntatemque
1379 804 1487 858 fecis-

163 878 258 909 sent.
320 870 579 908 Retinebatur
608 871 684 908 hoc
713 878 797 908 tum
828 870 962 909 nescio
990 884 1071 920 quo
1101 871 1222 909 modo
1251 870 1361 920 quasi
1382 884 1486 908 com-

163 935 271 973 muni
310 934 475 973 consilio
506 936 557 973 ab
591 935 664 973 illis
697 935 912 985 diligenter,
949 943 1003 982 ut,
1043 935 1110 985 qui
1149 949 1271 973 unum
1308 935 1484 985 equitem

165 1003 391 1039 Romanum
413 1000 653 1039 contumelia
672 1000 835 1050 dignum
857 1008 1042 1051 putasset,
1065 1001 1115 1039 ab
1146 1002 1326 1038 universo
1347 1000 1485 1038 ordine

165 1067 268 1103 malo
302 1065 444 1115 dignus
477 1065 743 1104 iudicaretur:
775 1073 815 1103 tu
848 1065 901 1103 sic
936 1065 1115 1104 ordinem
1150 1065 1386 1103 senatorium
1422 1066 1485 1103 de-
1505 1078 1545 1111 95

106 1147 143 1179 15
165 1129 332 1180 spexisffi,
357 1130 411 1167 sic
431 1131 482 1168 ad
504 1129 661 1168 iniurias
688 1129 951 1179 libidinesque
979 1138 1063 1168 tuas
1094 1129 1227 1168 omnia
1248 1130 1484 1180 coaequasti,

164 1194 218 1233 sic
250 1194 421 1232 habuisti
457 1202 644 1232 statutum
679 1208 769 1233 cum
802 1194 936 1233 animo
968 1208 1014 1233 ac
1049 1195 1320 1241 deliberatum,
1358 1194 1487 1233 omnis

0 1254 1 1305 ζ
162 1260 229 1310 qui
255 1260 475 1298 habitarent
496 1259 535 1297 in
565 1259 705 1307 Sicilia,
734 1268 800 1298 aut
831 1259 897 1310 qui
929 1259 1099 1298 Siciliam
1131 1268 1169 1298 te
1200 1268 1376 1310 praetore
1405 1260 1487 1298 atti-

0 1318 2 1382 ᾖ
161 1325 318 1375 gissent‚
356 1325 505 1363 iudices
541 1324 684 1363 reicere
719 1332 761 1363 ut
793 1325 890 1363 illud
923 1339 1002 1363 non
1039 1325 1227 1375 cogitares
1263 1333 1405 1372 tamen,
1436 1327 1487 1364 ad

0 1384 2 1402 ‘
162 1391 339 1429 eiusdem
380 1389 527 1428 ordinis
567 1390 748 1428 homines
781 1398 819 1429 te
858 1390 1008 1429 iudices
1047 1405 1131 1429 esse
1172 1393 1410 1430 venturum?
1448 1391 1487 1429 in

0 1405 5 1552 ι
106 1474 144 1494 20
163 1455 306 1505 quibus
336 1455 367 1493 si
397 1469 443 1493 ex
473 1455 646 1505 ipsorum
677 1455 897 1494 domestico
931 1456 1189 1494 incommodo
1220 1458 1349 1495 nullus
1377 1457 1490 1496 dolor

163 1521 358 1567 insideret,
384 1528 514 1558 tamen
541 1528 642 1558 esset
671 1520 735 1559 illa
761 1521 956 1571 cogitatio,
986 1521 1025 1558 in
1056 1521 1213 1559 alterius
1246 1521 1384 1560 iniuria
1405 1536 1490 1560 sese

0 1554 5 1619 Ι
162 1587 369 1635 despectos
398 1585 708 1635 dignitatemque
741 1585 889 1624 ordinis
918 1593 1185 1635 contemptam
1217 1594 1254 1624 et
1281 1587 1485 1625 abiectam.

5 1690 7 1693 ,
164 1652 283 1700 Quod
316 1651 551 1696 mehercule,
584 1650 744 1697 iudices,
771 1650 866 1687 mihi
898 1664 977 1688 non
1011 1650 1259 1689 mediocriter
1284 1653 1489 1690 ferendum

163 1716 338 1757 videtur:
369 1716 486 1753 habet
516 1715 621 1754 enim
653 1717 851 1765 quendam
883 1718 1064 1754 aculeum
1097 1715 1346 1761 contumelia,
1370 1730 1488 1765 quem

104 1795 142 1826 25
164 1780 242 1830 pati
275 1781 467 1831 pudentes
502 1794 547 1819 ac
571 1781 640 1818 viri
674 1780 768 1819 boni
804 1781 1031 1819 difficillime
1069 1788 1243 1830 possunt.
1305 1779 1487 1830 Spoliasti
1507 1786 1549 1827 96

165 1848 343 1895 Siculosg
378 1850 504 1887 solent
536 1849 640 1887 enim
677 1849 775 1887 muti
809 1863 892 1888 esse
925 1849 963 1887 in
1000 1848 1148 1886 iniuriis
1182 1848 1270 1886 suis.
1331 1848 1488 1886 Vexasti

163 1913 422 1963 negotiatores
439 1929 447 1961 3
469 1914 578 1952 inviti
592 1915 696 1953 enim
713 1917 883 1953 Romam
903 1928 1067 1964 raroque
1083 1915 1292 1952 decedunt.
1327 1913 1488 1963 Equites

8 2024 11 2029 4
164 1981 367 2017 Romanos
389 1980 439 2017 ad
454 1979 604 2029 Aproni
625 1980 782 2019 iniurias
805 1980 972 2028 dedisti;
1004 1980 1099 2031 quid
1123 1980 1227 2017 enim
1251 1978 1326 2016 iam
1349 1992 1490 2017 nocere

7 2032 13 2119 ἱ
163 2053 325 2094 possunt
347 2045 489 2094 quibus
521 2059 599 2084 non
630 2045 720 2084 licet
750 2046 951 2085 iudicare?
1010 2047 1147 2096 Quid?
1180 2059 1268 2082 cum
1293 2051 1490 2082 senatores

105 2127 143 2157 30
163 2109 325 2147 summis
347 2109 494 2148 iniuriis
511 2111 660 2157 adficiS‚
677 2112 772 2162 quid
789 2112 895 2152 aliud
912 2112 1009 2151 dicis
1032 2112 1104 2150 nisi
1128 2113 1213 2157 hoc,
1243 2111 1377 2148 ‘Cedo
1394 2108 1491 2146 mihi

10 2228 13 2236 ¹
206 2221 226 2248 6
250 2219 303 2257 qui
323 2218 369 2248 cO
388 2229 393 2247 :
418 2218 608 2256 quicunque
627 2217 692 2248 rell.
888 2228 924 2256 15
948 2218 1105 2249 libidincs
1126 2220 1326 2260 iniuriasque
1349 2221 1379 2251 O
1400 2222 1429 2259 (ξ
1449 2223 1490 2260 63

10 2244 15 2274 l
164 2265 279 2300 suprm
506 2269 541 2298 17
567 2260 760 2290 habitarent
773 2265 796 2300 p
815 2261 875 2291 rell.
895 2272 902 2290 ε
927 2262 1090 2293 haberent
1107 2264 1154 2293 cO
1171 2264 1266 2304 (sort.
1283 2270 1423 2304 agerent
1440 2276 1447 2295 :
1468 2265 1486 2299 i.

166 2307 181 2340 ξ
219 2304 294 2342 149)
460 2305 497 2333 18
522 2304 691 2342 cogitares
722 2308 848 2341 tamen,
882 2303 992 2335 Mucll.
1014 2316 1019 2334 :
1061 2306 1238 2343 cogitares,
1275 2311 1386 2337 tamen
1420 2307 1488 2339 edd.

13 2357 16 2385 ῃ
165 2348 313 2385 (tandem
327 2348 352 2387 3)
471 2357 509 2376 21
536 2357 572 2377 se
593 2346 623 2377 O
757 2348 799 2376 26
824 2347 900 2377 muti
921 2347 972 2377 O:
998 2348 1128 2387 multip
1147 2349 1212 2380 rell.
1307 2351 1340 2380 in
1360 2351 1490 2381 iniuriis

164 2391 233 2420 suis
251 2390 298 2422 cO
313 2401 319 2420 :
345 2389 476 2421 iniuriis
494 2390 576 2431 (sine
593 2390 642 2430 in)
662 2390 730 2420 suis
746 2400 866 2429 graves
883 2391 950 2422 rell.
1087 2402 1129 2430 29
1153 2393 1206 2431 qui
1225 2402 1298 2423 cum
1318 2393 1349 2425 Ο

1342 2437 1401 2466 16*
