<?xml version="1.0" encoding="UTF-8"?>
<!DOCTYPE html PUBLIC "-//W3C//DTD XHTML 1.0 Transitional//EN"
    "http://www.w3.org/TR/xhtml1/DTD/xhtml1-transitional.dtd">
<html xmlns="http://www.w3.org/1999/xhtml" xml:lang="en" lang="en">
 <head>
  <title>
</title>
<meta http-equiv="Content-Type" content="text/html;charset=utf-8" />
  <meta name='ocr-system' content='tesseract 3.04.00' />
  <meta name='ocr-capabilities' content='ocr_page ocr_carea ocr_par ocr_line ocrx_word'/>
</head>
<body>
  <div class='ocr_page' id='page_1' title='image "./orationesrecogno03ciceuoft/orationesrecogno03ciceuoft_0256.png"; bbox 0 0 1715 2734; ppageno 0'>
   <div class='ocr_carea' id='block_1_1' title="bbox 151 55 1183 102">
    <p class='ocr_par' dir='ltr' id='par_1_1' title="bbox 151 55 1183 102">
     <span class='ocr_line' id='line_1_1' title="bbox 151 55 1183 102; baseline 0.001 -11"><span class='ocrx_word' id='word_1_1' title='bbox 151 63 203 102; x_wconf 87' lang='lat'>25</span> <span class='ocrx_word' id='word_1_2' title='bbox 221 60 260 92; x_wconf 84' lang='lat'>62</span> <span class='ocrx_word' id='word_1_3' title='bbox 590 56 644 92; x_wconf 92' lang='lat' dir='ltr'>M.</span> <span class='ocrx_word' id='word_1_4' title='bbox 677 56 844 93; x_wconf 90' lang='lat' dir='ltr'><strong>TVLLI</strong></span> <span class='ocrx_word' id='word_1_5' title='bbox 877 55 1183 95; x_wconf 89' lang='lat' dir='ltr'>CICERONIS</span> 
     </span>
    </p>
   </div>
   <div class='ocr_carea' id='block_1_2' title="bbox 157 370 197 411">
    <p class='ocr_par' dir='ltr' id='par_1_2' title="bbox 157 370 197 411">
     <span class='ocr_line' id='line_1_2' title="bbox 157 370 197 411; baseline 0 0"><span class='ocrx_word' id='word_1_6' title='bbox 157 370 197 411; x_wconf 82' lang='lat'>63</span> 
     </span>
    </p>
   </div>
   <div class='ocr_carea' id='block_1_3' title="bbox 141 1314 195 1351">
    <p class='ocr_par' dir='ltr' id='par_1_3' title="bbox 141 1314 195 1351">
     <span class='ocr_line' id='line_1_3' title="bbox 141 1314 195 1351; baseline 0.037 -2"><span class='ocrx_word' id='word_1_7' title='bbox 141 1314 195 1351; x_wconf 88' lang='lat'>26</span> 
     </span>
    </p>
   </div>
   <div class='ocr_carea' id='block_1_4' title="bbox 213 166 1546 1391">
    <p class='ocr_par' dir='ltr' id='par_1_4' title="bbox 213 166 1546 1325">
     <span class='ocr_line' id='line_1_4' title="bbox 218 166 1546 217; baseline 0.001 -12"><span class='ocrx_word' id='word_1_8' title='bbox 218 180 263 205; x_wconf 84' lang='lat' dir='ltr'>ac</span> <span class='ocrx_word' id='word_1_9' title='bbox 294 168 382 205; x_wconf 84' lang='lat' dir='ltr'>ludo</span> <span class='ocrx_word' id='word_1_10' title='bbox 411 180 490 205; x_wconf 91' lang='lat' dir='ltr'>non</span> <span class='ocrx_word' id='word_1_11' title='bbox 522 167 649 205; x_wconf 87' lang='lat' dir='ltr'>risisse</span> <span class='ocrx_word' id='word_1_12' title='bbox 679 166 745 217; x_wconf 87' lang='lat' dir='ltr'>qui</span> <span class='ocrx_word' id='word_1_13' title='bbox 777 180 883 204; x_wconf 90' lang='lat' dir='ltr'>nunc</span> <span class='ocrx_word' id='word_1_14' title='bbox 912 166 952 204; x_wconf 90' lang='lat' dir='ltr'>in</span> <span class='ocrx_word' id='word_1_15' title='bbox 983 166 1157 217; x_wconf 89' lang='lat' dir='ltr'>periculo</span> <span class='ocrx_word' id='word_1_16' title='bbox 1186 174 1306 217; x_wconf 90' lang='lat' dir='ltr'>atque</span> <span class='ocrx_word' id='word_1_17' title='bbox 1336 167 1454 206; x_wconf 86' lang='lat' dir='ltr'>exitio</span> <span class='ocrx_word' id='word_1_18' title='bbox 1473 181 1546 206; x_wconf 91' lang='lat' dir='ltr'>suo</span> 
     </span>
     <span class='ocr_line' id='line_1_5' title="bbox 219 231 1546 282; baseline 0.002 -14"><span class='ocrx_word' id='word_1_19' title='bbox 219 231 336 269; x_wconf 91' lang='lat' dir='ltr'>risum</span> <span class='ocrx_word' id='word_1_20' title='bbox 373 239 504 270; x_wconf 88' lang='lat' dir='ltr'>tenere</span> <span class='ocrx_word' id='word_1_21' title='bbox 538 246 617 270; x_wconf 92' lang='lat' dir='ltr'>non</span> <span class='ocrx_word' id='word_1_22' title='bbox 654 231 786 282; x_wconf 82' lang='lat' dir='ltr'>possit.</span> <span class='ocrx_word' id='word_1_23' title='bbox 847 233 910 270; x_wconf 90' lang='lat' dir='ltr'>Ne</span> <span class='ocrx_word' id='word_1_24' title='bbox 945 234 1078 278; x_wconf 87' lang='lat' dir='ltr'>multa,</span> <span class='ocrx_word' id='word_1_25' title='bbox 1113 231 1288 270; x_wconf 87' lang='lat' dir='ltr'>iudices:</span> <span class='ocrx_word' id='word_1_26' title='bbox 1319 232 1378 271; x_wconf 88' lang='lat' dir='ltr'>his</span> <span class='ocrx_word' id='word_1_27' title='bbox 1411 240 1546 271; x_wconf 90' lang='lat' dir='ltr'>contu-</span> 
     </span>
     <span class='ocr_line' id='line_1_6' title="bbox 220 296 1546 347; baseline 0 -12"><span class='ocrx_word' id='word_1_28' title='bbox 220 296 344 335; x_wconf 89' lang='lat' dir='ltr'>meliis</span> <span class='ocrx_word' id='word_1_29' title='bbox 379 297 517 335; x_wconf 87' lang='lat' dir='ltr'>scitote</span> <span class='ocrx_word' id='word_1_30' title='bbox 553 300 601 346; x_wconf 85' lang='lat' dir='ltr'>Q.</span> <span class='ocrx_word' id='word_1_31' title='bbox 640 296 810 335; x_wconf 85' lang='lat' dir='ltr'>Lollium</span> <span class='ocrx_word' id='word_1_32' title='bbox 845 304 1027 335; x_wconf 89' lang='lat' dir='ltr'>coactum</span> <span class='ocrx_word' id='word_1_33' title='bbox 1057 299 1107 336; x_wconf 87' lang='lat' dir='ltr'>ad</span> <span class='ocrx_word' id='word_1_34' title='bbox 1140 297 1289 347; x_wconf 82' lang='lat' dir='ltr'>Aproni</span> <span class='ocrx_word' id='word_1_35' title='bbox 1324 299 1427 347; x_wconf 84' lang='lat' dir='ltr'>leges</span> <span class='ocrx_word' id='word_1_36' title='bbox 1456 312 1546 335; x_wconf 88' lang='lat' dir='ltr'>con-</span> 
     </span>
     <span class='ocr_line' id='line_1_7' title="bbox 219 361 1544 412; baseline 0 -13"><span class='ocrx_word' id='word_1_37' title='bbox 219 361 476 412; x_wconf 86' lang='lat' dir='ltr'>dicionesque</span> <span class='ocrx_word' id='word_1_38' title='bbox 498 362 659 400; x_wconf 84' lang='lat' dir='ltr'>venisse.</span> <span class='ocrx_word' id='word_1_39' title='bbox 721 362 871 400; x_wconf 85' lang='lat' dir='ltr'>Lollius</span> <span class='ocrx_word' id='word_1_40' title='bbox 892 370 1019 400; x_wconf 81' lang='lat' dir='ltr'>aetate</span> <span class='ocrx_word' id='word_1_41' title='bbox 1040 370 1078 400; x_wconf 89' lang='lat' dir='ltr'>et</span> <span class='ocrx_word' id='word_1_42' title='bbox 1099 362 1239 401; x_wconf 88' lang='lat' dir='ltr'>morbo</span> <span class='ocrx_word' id='word_1_43' title='bbox 1260 361 1473 412; x_wconf 87' lang='lat' dir='ltr'>impeditus</span> <span class='ocrx_word' id='word_1_44' title='bbox 1493 363 1544 400; x_wconf 85' lang='lat' dir='ltr'>ad</span> 
     </span>
     <span class='ocr_line' id='line_1_8' title="bbox 219 427 1544 478; baseline 0 -13"><span class='ocrx_word' id='word_1_45' title='bbox 219 427 488 465; x_wconf 89' lang='lat' dir='ltr'>testimonium</span> <span class='ocrx_word' id='word_1_46' title='bbox 521 427 736 465; x_wconf 89' lang='lat' dir='ltr'>dicendum</span> <span class='ocrx_word' id='word_1_47' title='bbox 757 427 890 465; x_wconf 91' lang='lat' dir='ltr'>venire</span> <span class='ocrx_word' id='word_1_48' title='bbox 916 441 997 466; x_wconf 91' lang='lat' dir='ltr'>non</span> <span class='ocrx_word' id='word_1_49' title='bbox 1025 427 1164 478; x_wconf 90' lang='lat' dir='ltr'>potuit.</span> <span class='ocrx_word' id='word_1_50' title='bbox 1225 427 1335 475; x_wconf 83' lang='lat' dir='ltr'>Quid</span> <span class='ocrx_word' id='word_1_51' title='bbox 1365 441 1464 477; x_wconf 86' lang='lat' dir='ltr'>opus</span> <span class='ocrx_word' id='word_1_52' title='bbox 1487 435 1544 465; x_wconf 87' lang='lat' dir='ltr'>est</span> 
     </span>
     <span class='ocr_line' id='line_1_9' title="bbox 219 492 1544 539; baseline 0 -9"><span class='ocrx_word' id='word_1_53' title='bbox 219 492 376 531; x_wconf 87' lang='lat' dir='ltr'>Lollio?</span> <span class='ocrx_word' id='word_1_54' title='bbox 433 494 563 530; x_wconf 87' lang='lat' dir='ltr'>Nemo</span> <span class='ocrx_word' id='word_1_55' title='bbox 585 494 661 530; x_wconf 88' lang='lat' dir='ltr'>hoc</span> <span class='ocrx_word' id='word_1_56' title='bbox 682 492 818 539; x_wconf 85' lang='lat' dir='ltr'>nescit,</span> <span class='ocrx_word' id='word_1_57' title='bbox 842 506 962 530; x_wconf 90' lang='lat' dir='ltr'>nemo</span> <span class='ocrx_word' id='word_1_58' title='bbox 982 500 1139 530; x_wconf 89' lang='lat' dir='ltr'>tuorum</span> <span class='ocrx_word' id='word_1_59' title='bbox 1160 492 1389 538; x_wconf 88' lang='lat' dir='ltr'>amicorum,</span> <span class='ocrx_word' id='word_1_60' title='bbox 1425 506 1544 530; x_wconf 89' lang='lat' dir='ltr'>nemo</span> 
     </span>
     <span class='ocr_line' id='line_1_10' title="bbox 215 557 1543 608; baseline 0.001 -13"><span class='ocrx_word' id='word_1_61' title='bbox 215 558 285 596; x_wconf 87' lang='lat' dir='ltr'>abs</span> <span class='ocrx_word' id='word_1_62' title='bbox 307 565 345 596; x_wconf 92' lang='lat' dir='ltr'>te</span> <span class='ocrx_word' id='word_1_63' title='bbox 365 559 592 607; x_wconf 81' lang='lat' dir='ltr'>productus,</span> <span class='ocrx_word' id='word_1_64' title='bbox 613 571 732 596; x_wconf 91' lang='lat' dir='ltr'>nemo</span> <span class='ocrx_word' id='word_1_65' title='bbox 753 558 824 596; x_wconf 86' lang='lat' dir='ltr'>abs</span> <span class='ocrx_word' id='word_1_66' title='bbox 845 565 883 596; x_wconf 94' lang='lat' dir='ltr'>te</span> <span class='ocrx_word' id='word_1_67' title='bbox 903 557 1162 608; x_wconf 83' lang='lat' dir='ltr'>interrogatus</span> <span class='ocrx_word' id='word_1_68' title='bbox 1183 572 1289 596; x_wconf 90' lang='lat' dir='ltr'>nunc</span> <span class='ocrx_word' id='word_1_69' title='bbox 1311 572 1352 596; x_wconf 88' lang='lat' dir='ltr'>se</span> <span class='ocrx_word' id='word_1_70' title='bbox 1373 558 1543 608; x_wconf 91' lang='lat' dir='ltr'>primum</span> 
     </span>
     <span class='ocr_line' id='line_1_11' title="bbox 215 622 1544 670; baseline 0.001 -10"><span class='ocrx_word' id='word_1_71' title='bbox 215 624 292 661; x_wconf 91' lang='lat' dir='ltr'>hoc</span> <span class='ocrx_word' id='word_1_72' title='bbox 326 622 429 661; x_wconf 92' lang='lat' dir='ltr'>dicet</span> <span class='ocrx_word' id='word_1_73' title='bbox 468 622 613 660; x_wconf 89' lang='lat' dir='ltr'>audire.</span> <span class='ocrx_word' id='word_1_74' title='bbox 676 624 731 660; x_wconf 89' lang='lat' dir='ltr'>M.</span> <span class='ocrx_word' id='word_1_75' title='bbox 766 622 927 668; x_wconf 82' lang='lat' dir='ltr'>Lollius,</span> <span class='ocrx_word' id='word_1_76' title='bbox 959 622 1061 661; x_wconf 87' lang='lat' dir='ltr'>filius</span> <span class='ocrx_word' id='word_1_77' title='bbox 1093 622 1187 670; x_wconf 87' lang='lat' dir='ltr'>eius,</span> <span class='ocrx_word' id='word_1_78' title='bbox 1221 624 1454 661; x_wconf 83' lang='lat' dir='ltr'><strong>adulescens</strong></span> <span class='ocrx_word' id='word_1_79' title='bbox 1495 625 1544 662; x_wconf 90' lang='lat' dir='ltr'>le-</span> 
     </span>
     <span class='ocr_line' id='line_1_12' title="bbox 215 687 1544 738; baseline 0.002 -13"><span class='ocrx_word' id='word_1_80' title='bbox 215 687 424 734; x_wconf 81' lang='lat' dir='ltr'>ctissimus,</span> <span class='ocrx_word' id='word_1_81' title='bbox 446 696 601 738; x_wconf 89' lang='lat' dir='ltr'>praesto</span> <span class='ocrx_word' id='word_1_82' title='bbox 623 695 705 726; x_wconf 85' lang='lat' dir='ltr'>est:</span> <span class='ocrx_word' id='word_1_83' title='bbox 737 687 853 726; x_wconf 89' lang='lat' dir='ltr'>huius</span> <span class='ocrx_word' id='word_1_84' title='bbox 875 688 993 726; x_wconf 87' lang='lat' dir='ltr'>verba</span> <span class='ocrx_word' id='word_1_85' title='bbox 1013 688 1192 727; x_wconf 88' lang='lat' dir='ltr'>audietis.</span> <span class='ocrx_word' id='word_1_86' title='bbox 1252 689 1355 725; x_wconf 89' lang='lat' dir='ltr'>Nam</span> <span class='ocrx_word' id='word_1_87' title='bbox 1383 690 1433 737; x_wconf 85' lang='lat' dir='ltr'>Q.</span> <span class='ocrx_word' id='word_1_88' title='bbox 1457 690 1544 727; x_wconf 94' lang='lat' dir='ltr'>Lol-</span> 
     </span>
     <span class='ocr_line' id='line_1_13' title="bbox 215 752 1542 802; baseline 0.002 -13"><span class='ocrx_word' id='word_1_89' title='bbox 215 752 299 799; x_wconf 80' lang='lat' dir='ltr'>lius,</span> <span class='ocrx_word' id='word_1_90' title='bbox 318 752 400 790; x_wconf 90' lang='lat' dir='ltr'>cius</span> <span class='ocrx_word' id='word_1_91' title='bbox 422 752 535 797; x_wconf 87' lang='lat' dir='ltr'>filius,</span> <span class='ocrx_word' id='word_1_92' title='bbox 557 752 624 802; x_wconf 88' lang='lat' dir='ltr'>qui</span> <span class='ocrx_word' id='word_1_93' title='bbox 646 752 844 792; x_wconf 82' lang='lat' dir='ltr'>Calidium</span> <span class='ocrx_word' id='word_1_94' title='bbox 865 753 1074 800; x_wconf 84' lang='lat' dir='ltr'>accusavit,</span> <span class='ocrx_word' id='word_1_95' title='bbox 1097 755 1333 792; x_wconf 79' lang='lat' dir='ltr'>adulescens</span> <span class='ocrx_word' id='word_1_96' title='bbox 1354 761 1392 792; x_wconf 91' lang='lat' dir='ltr'>et</span> <span class='ocrx_word' id='word_1_97' title='bbox 1413 755 1542 792; x_wconf 91' lang='lat' dir='ltr'>bonus</span> 
     </span>
     <span class='ocr_line' id='line_1_14' title="bbox 215 818 1543 869; baseline 0.001 -13"><span class='ocrx_word' id='word_1_98' title='bbox 215 825 252 856; x_wconf 89' lang='lat' dir='ltr'>et</span> <span class='ocrx_word' id='word_1_99' title='bbox 270 818 376 857; x_wconf 89' lang='lat' dir='ltr'>fortis</span> <span class='ocrx_word' id='word_1_100' title='bbox 398 826 435 857; x_wconf 92' lang='lat' dir='ltr'>et</span> <span class='ocrx_word' id='word_1_101' title='bbox 457 818 495 856; x_wconf 93' lang='lat' dir='ltr'>in</span> <span class='ocrx_word' id='word_1_102' title='bbox 517 819 650 869; x_wconf 86' lang='lat' dir='ltr'>primis</span> <span class='ocrx_word' id='word_1_103' title='bbox 665 819 844 865; x_wconf 89' lang='lat' dir='ltr'>disertus,</span> <span class='ocrx_word' id='word_1_104' title='bbox 860 833 950 857; x_wconf 88' lang='lat' dir='ltr'>cum</span> <span class='ocrx_word' id='word_1_105' title='bbox 972 819 1032 857; x_wconf 90' lang='lat' dir='ltr'>his</span> <span class='ocrx_word' id='word_1_106' title='bbox 1048 819 1197 857; x_wconf 87' lang='lat' dir='ltr'>iniuriis</span> <span class='ocrx_word' id='word_1_107' title='bbox 1211 819 1543 869; x_wconf 80' lang='lat' dir='ltr'>contumeliisque</span> 
     </span>
     <span class='ocr_line' id='line_1_15' title="bbox 214 883 1540 934; baseline 0.001 -13"><span class='ocrx_word' id='word_1_108' title='bbox 214 891 439 922; x_wconf 84' lang='lat' dir='ltr'>commotus</span> <span class='ocrx_word' id='word_1_109' title='bbox 460 884 498 921; x_wconf 93' lang='lat' dir='ltr'>in</span> <span class='ocrx_word' id='word_1_110' title='bbox 521 884 692 923; x_wconf 78' lang='lat' dir='ltr'>Siciliam</span> <span class='ocrx_word' id='word_1_111' title='bbox 715 891 816 922; x_wconf 85' lang='lat' dir='ltr'>esset</span> <span class='ocrx_word' id='word_1_112' title='bbox 837 885 1046 934; x_wconf 88' lang='lat' dir='ltr'>profectus,</span> <span class='ocrx_word' id='word_1_113' title='bbox 1070 883 1110 922; x_wconf 88' lang='lat' dir='ltr'>in</span> <span class='ocrx_word' id='word_1_114' title='bbox 1138 884 1276 922; x_wconf 88' lang='lat' dir='ltr'>itinere</span> <span class='ocrx_word' id='word_1_115' title='bbox 1296 884 1450 922; x_wconf 88' lang='lat' dir='ltr'>occisus</span> <span class='ocrx_word' id='word_1_116' title='bbox 1471 892 1540 922; x_wconf 91' lang='lat' dir='ltr'>est.</span> 
     </span>
     <span class='ocr_line' id='line_1_16' title="bbox 215 948 1545 999; baseline 0.001 -13"><span class='ocrx_word' id='word_1_117' title='bbox 215 948 338 987; x_wconf 87' lang='lat' dir='ltr'>Cuius</span> <span class='ocrx_word' id='word_1_118' title='bbox 371 949 505 987; x_wconf 90' lang='lat' dir='ltr'>mortis</span> <span class='ocrx_word' id='word_1_119' title='bbox 545 963 703 987; x_wconf 81' lang='lat' dir='ltr'>causam</span> <span class='ocrx_word' id='word_1_120' title='bbox 743 949 892 999; x_wconf 84' lang='lat' dir='ltr'>fugitivi</span> <span class='ocrx_word' id='word_1_121' title='bbox 932 949 1136 996; x_wconf 89' lang='lat' dir='ltr'>sustinent,</span> <span class='ocrx_word' id='word_1_122' title='bbox 1179 963 1219 987; x_wconf 88' lang='lat' dir='ltr'>re</span> <span class='ocrx_word' id='word_1_123' title='bbox 1259 949 1421 998; x_wconf 88' lang='lat' dir='ltr'>quidem</span> <span class='ocrx_word' id='word_1_124' title='bbox 1454 963 1545 987; x_wconf 81' lang='lat' dir='ltr'>vera</span> 
     </span>
     <span class='ocr_line' id='line_1_17' title="bbox 214 1013 1543 1064; baseline 0.002 -13"><span class='ocrx_word' id='word_1_125' title='bbox 214 1027 333 1051; x_wconf 90' lang='lat' dir='ltr'>nemo</span> <span class='ocrx_word' id='word_1_126' title='bbox 364 1013 404 1051; x_wconf 90' lang='lat' dir='ltr'>in</span> <span class='ocrx_word' id='word_1_127' title='bbox 439 1014 570 1052; x_wconf 80' lang='lat' dir='ltr'>Sicilia</span> <span class='ocrx_word' id='word_1_128' title='bbox 604 1014 759 1052; x_wconf 90' lang='lat' dir='ltr'>dubitat</span> <span class='ocrx_word' id='word_1_129' title='bbox 790 1014 884 1064; x_wconf 85' lang='lat' dir='ltr'>quin</span> <span class='ocrx_word' id='word_1_130' title='bbox 914 1028 963 1053; x_wconf 92' lang='lat' dir='ltr'>eo</span> <span class='ocrx_word' id='word_1_131' title='bbox 992 1014 1041 1052; x_wconf 90' lang='lat' dir='ltr'>sit</span> <span class='ocrx_word' id='word_1_132' title='bbox 1076 1014 1231 1053; x_wconf 89' lang='lat' dir='ltr'>occisus</span> <span class='ocrx_word' id='word_1_133' title='bbox 1265 1016 1373 1064; x_wconf 87' lang='lat' dir='ltr'>quod</span> <span class='ocrx_word' id='word_1_134' title='bbox 1399 1015 1543 1053; x_wconf 87' lang='lat' dir='ltr'>habere</span> 
     </span>
     <span class='ocr_line' id='line_1_18' title="bbox 213 1079 1541 1130; baseline 0 -13"><span class='ocrx_word' id='word_1_135' title='bbox 213 1081 346 1117; x_wconf 84' lang='lat' dir='ltr'>clausa</span> <span class='ocrx_word' id='word_1_136' title='bbox 366 1094 446 1118; x_wconf 92' lang='lat' dir='ltr'>non</span> <span class='ocrx_word' id='word_1_137' title='bbox 468 1079 637 1129; x_wconf 89' lang='lat' dir='ltr'>potuerit</span> <span class='ocrx_word' id='word_1_138' title='bbox 668 1093 737 1118; x_wconf 84' lang='lat' dir='ltr'>sua</span> <span class='ocrx_word' id='word_1_139' title='bbox 768 1079 931 1118; x_wconf 80' lang='lat' dir='ltr'>consilia</span> <span class='ocrx_word' id='word_1_140' title='bbox 951 1081 1002 1118; x_wconf 91' lang='lat' dir='ltr'>de</span> <span class='ocrx_word' id='word_1_141' title='bbox 1022 1082 1154 1118; x_wconf 87' lang='lat' dir='ltr'>Verre.</span> <span class='ocrx_word' id='word_1_142' title='bbox 1217 1081 1297 1118; x_wconf 80' lang='lat' dir='ltr'>Iste</span> <span class='ocrx_word' id='word_1_143' title='bbox 1326 1093 1441 1130; x_wconf 90' lang='lat' dir='ltr'>porro</span> <span class='ocrx_word' id='word_1_144' title='bbox 1463 1093 1541 1118; x_wconf 93' lang='lat' dir='ltr'>non</span> 
     </span>
     <span class='ocr_line' id='line_1_19' title="bbox 213 1144 1542 1195; baseline 0 -12"><span class='ocrx_word' id='word_1_145' title='bbox 213 1144 423 1183; x_wconf 81' lang='lat' dir='ltr'>dubitabat</span> <span class='ocrx_word' id='word_1_146' title='bbox 454 1145 549 1195; x_wconf 91' lang='lat' dir='ltr'>quin</span> <span class='ocrx_word' id='word_1_147' title='bbox 580 1144 621 1192; x_wconf 90' lang='lat' dir='ltr'>is,</span> <span class='ocrx_word' id='word_1_148' title='bbox 655 1145 721 1195; x_wconf 89' lang='lat' dir='ltr'>qui</span> <span class='ocrx_word' id='word_1_149' title='bbox 751 1144 870 1183; x_wconf 90' lang='lat' dir='ltr'>alium</span> <span class='ocrx_word' id='word_1_150' title='bbox 900 1152 1017 1183; x_wconf 86' lang='lat' dir='ltr'>antea</span> <span class='ocrx_word' id='word_1_151' title='bbox 1045 1144 1177 1183; x_wconf 87' lang='lat' dir='ltr'>studio</span> <span class='ocrx_word' id='word_1_152' title='bbox 1206 1146 1402 1184; x_wconf 86' lang='lat' dir='ltr'>adductus</span> <span class='ocrx_word' id='word_1_153' title='bbox 1431 1158 1542 1183; x_wconf 90' lang='lat' dir='ltr'>accu-</span> 
     </span>
     <span class='ocr_line' id='line_1_20' title="bbox 213 1209 1542 1260; baseline 0.002 -14"><span class='ocrx_word' id='word_1_154' title='bbox 213 1217 346 1255; x_wconf 81' lang='lat' dir='ltr'>sasset,</span> <span class='ocrx_word' id='word_1_155' title='bbox 388 1209 460 1247; x_wconf 84' lang='lat' dir='ltr'>sibi</span> <span class='ocrx_word' id='word_1_156' title='bbox 500 1209 726 1248; x_wconf 84' lang='lat' dir='ltr'>advenienti</span> <span class='ocrx_word' id='word_1_157' title='bbox 767 1218 922 1260; x_wconf 80' lang='lat' dir='ltr'>praesto</span> <span class='ocrx_word' id='word_1_158' title='bbox 960 1217 1063 1248; x_wconf 88' lang='lat' dir='ltr'>esset</span> <span class='ocrx_word' id='word_1_159' title='bbox 1102 1211 1266 1255; x_wconf 89' lang='lat' dir='ltr'>futurus,</span> <span class='ocrx_word' id='word_1_160' title='bbox 1307 1223 1399 1248; x_wconf 88' lang='lat' dir='ltr'>cum</span> <span class='ocrx_word' id='word_1_161' title='bbox 1440 1218 1542 1248; x_wconf 84' lang='lat' dir='ltr'>esset</span> 
     </span>
     <span class='ocr_line' id='line_1_21' title="bbox 214 1274 1313 1325; baseline 0.003 -13"><span class='ocrx_word' id='word_1_162' title='bbox 214 1274 384 1325; x_wconf 81' lang='lat' dir='ltr'>parentis</span> <span class='ocrx_word' id='word_1_163' title='bbox 416 1275 564 1313; x_wconf 89' lang='lat' dir='ltr'>iniuriis</span> <span class='ocrx_word' id='word_1_164' title='bbox 594 1283 632 1314; x_wconf 90' lang='lat' dir='ltr'>et</span> <span class='ocrx_word' id='word_1_165' title='bbox 662 1275 883 1314; x_wconf 86' lang='lat' dir='ltr'>domestico</span> <span class='ocrx_word' id='word_1_166' title='bbox 912 1276 1049 1314; x_wconf 91' lang='lat' dir='ltr'>dolore</span> <span class='ocrx_word' id='word_1_167' title='bbox 1077 1283 1313 1316; x_wconf 84' lang='lat' dir='ltr'>commotus,</span> 
     </span>
    </p>

    <p class='ocr_par' dir='ltr' id='par_1_5' title="bbox 271 1340 1540 1391">
     <span class='ocr_line' id='line_1_22' title="bbox 271 1340 1540 1391; baseline 0.002 -14"><span class='ocrx_word' id='word_1_168' title='bbox 271 1342 408 1379; x_wconf 81' lang='lat' dir='ltr'>Iamne</span> <span class='ocrx_word' id='word_1_169' title='bbox 438 1340 672 1390; x_wconf 85' lang='lat' dir='ltr'>intellegitis,</span> <span class='ocrx_word' id='word_1_170' title='bbox 702 1340 864 1387; x_wconf 80' lang='lat' dir='ltr'>iudiceS,</span> <span class='ocrx_word' id='word_1_171' title='bbox 892 1354 993 1390; x_wconf 80' lang='lat' dir='ltr'>quae</span> <span class='ocrx_word' id='word_1_172' title='bbox 1022 1340 1153 1391; x_wconf 83' lang='lat' dir='ltr'>pestis,</span> <span class='ocrx_word' id='word_1_173' title='bbox 1186 1354 1286 1391; x_wconf 82' lang='lat' dir='ltr'>quae</span> <span class='ocrx_word' id='word_1_174' title='bbox 1316 1340 1540 1379; x_wconf 86' lang='lat' dir='ltr'>immanitas</span> 
     </span>
    </p>
   </div>
   <div class='ocr_carea' id='block_1_5' title="bbox 214 1405 1576 1457">
    <p class='ocr_par' dir='ltr' id='par_1_6' title="bbox 214 1405 1576 1457">
     <span class='ocr_line' id='line_1_23' title="bbox 214 1405 1576 1457; baseline 0.001 -14"><span class='ocrx_word' id='word_1_175' title='bbox 214 1406 252 1443; x_wconf 90' lang='lat' dir='ltr'>in</span> <span class='ocrx_word' id='word_1_176' title='bbox 292 1413 418 1443; x_wconf 83' lang='lat' dir='ltr'>vestra</span> <span class='ocrx_word' id='word_1_177' title='bbox 455 1405 728 1455; x_wconf 82' lang='lat' dir='ltr'>antiquissima</span> <span class='ocrx_word' id='word_1_178' title='bbox 777 1405 1005 1444; x_wconf 86' lang='lat' dir='ltr'>fidelissima</span> <span class='ocrx_word' id='word_1_179' title='bbox 1045 1405 1300 1456; x_wconf 80' lang='lat' dir='ltr'>proximaque</span> <span class='ocrx_word' id='word_1_180' title='bbox 1339 1405 1576 1457; x_wconf 78' lang='lat' dir='ltr'>provinciaz</span> 
     </span>
    </p>
   </div>
   <div class='ocr_carea' id='block_1_6' title="bbox 210 1470 1540 1976">
    <p class='ocr_par' dir='ltr' id='par_1_7' title="bbox 210 1470 1540 1976">
     <span class='ocr_line' id='line_1_24' title="bbox 212 1470 1540 1520; baseline 0.001 -12"><span class='ocrx_word' id='word_1_181' title='bbox 212 1478 361 1508; x_wconf 83' lang='lat' dir='ltr'>versata</span> <span class='ocrx_word' id='word_1_182' title='bbox 383 1470 459 1508; x_wconf 87' lang='lat' dir='ltr'>sit?</span> <span class='ocrx_word' id='word_1_183' title='bbox 489 1470 564 1508; x_wconf 82' lang='lat' dir='ltr'>iam</span> <span class='ocrx_word' id='word_1_184' title='bbox 587 1470 726 1509; x_wconf 81' lang='lat' dir='ltr'>videtis</span> <span class='ocrx_word' id='word_1_185' title='bbox 757 1484 875 1520; x_wconf 89' lang='lat' dir='ltr'>quam</span> <span class='ocrx_word' id='word_1_186' title='bbox 906 1471 959 1509; x_wconf 86' lang='lat' dir='ltr'>ob</span> <span class='ocrx_word' id='word_1_187' title='bbox 988 1484 1147 1509; x_wconf 84' lang='lat' dir='ltr'>causam</span> <span class='ocrx_word' id='word_1_188' title='bbox 1169 1471 1310 1517; x_wconf 87' lang='lat' dir='ltr'>Sicilia,</span> <span class='ocrx_word' id='word_1_189' title='bbox 1339 1479 1396 1509; x_wconf 90' lang='lat' dir='ltr'>tot</span> <span class='ocrx_word' id='word_1_190' title='bbox 1417 1471 1540 1509; x_wconf 90' lang='lat' dir='ltr'>homi-</span> 
     </span>
     <span class='ocr_line' id='line_1_25' title="bbox 213 1535 1536 1587; baseline 0.001 -14"><span class='ocrx_word' id='word_1_191' title='bbox 213 1550 306 1573; x_wconf 89' lang='lat' dir='ltr'>num</span> <span class='ocrx_word' id='word_1_192' title='bbox 328 1543 443 1574; x_wconf 87' lang='lat' dir='ltr'>antea</span> <span class='ocrx_word' id='word_1_193' title='bbox 465 1537 564 1574; x_wconf 79' lang='lat' dir='ltr'>furta</span> <span class='ocrx_word' id='word_1_194' title='bbox 585 1536 738 1586; x_wconf 83' lang='lat' dir='ltr'>rapinas</span> <span class='ocrx_word' id='word_1_195' title='bbox 760 1535 985 1586; x_wconf 83' lang='lat' dir='ltr'>iniquitates</span> <span class='ocrx_word' id='word_1_196' title='bbox 1007 1535 1322 1586; x_wconf 82' lang='lat' dir='ltr'>ignominiasque</span> <span class='ocrx_word' id='word_1_197' title='bbox 1342 1550 1536 1587; x_wconf 85' lang='lat' dir='ltr'>perpessa,</span> 
     </span>
     <span class='ocr_line' id='line_1_26' title="bbox 212 1601 1538 1651; baseline 0.001 -13"><span class='ocrx_word' id='word_1_198' title='bbox 212 1602 287 1639; x_wconf 80' lang='lat' dir='ltr'>hoc</span> <span class='ocrx_word' id='word_1_199' title='bbox 327 1615 405 1640; x_wconf 92' lang='lat' dir='ltr'>non</span> <span class='ocrx_word' id='word_1_200' title='bbox 446 1601 615 1651; x_wconf 86' lang='lat' dir='ltr'>potuerit</span> <span class='ocrx_word' id='word_1_201' title='bbox 654 1615 800 1639; x_wconf 87' lang='lat' dir='ltr'>novum</span> <span class='ocrx_word' id='word_1_202' title='bbox 840 1615 886 1639; x_wconf 90' lang='lat' dir='ltr'>ac</span> <span class='ocrx_word' id='word_1_203' title='bbox 925 1601 1118 1651; x_wconf 84' lang='lat' dir='ltr'>singulare</span> <span class='ocrx_word' id='word_1_204' title='bbox 1155 1609 1274 1651; x_wconf 84' lang='lat' dir='ltr'>atque</span> <span class='ocrx_word' id='word_1_205' title='bbox 1308 1601 1538 1640; x_wconf 86' lang='lat' dir='ltr'>incredibile</span> 
     </span>
     <span class='ocr_line' id='line_1_27' title="bbox 210 1666 1538 1716; baseline 0 -12"><span class='ocrx_word' id='word_1_206' title='bbox 210 1680 333 1715; x_wconf 82' lang='lat' dir='ltr'>genus</span> <span class='ocrx_word' id='word_1_207' title='bbox 355 1666 579 1705; x_wconf 87' lang='lat' dir='ltr'>iniuriarum</span> <span class='ocrx_word' id='word_1_208' title='bbox 602 1666 1011 1716; x_wconf 83' lang='lat' dir='ltr'>contumeliarumque</span> <span class='ocrx_word' id='word_1_209' title='bbox 1039 1668 1234 1716; x_wconf 84' lang='lat' dir='ltr'>perferre?</span> <span class='ocrx_word' id='word_1_210' title='bbox 1293 1669 1376 1705; x_wconf 80' lang='lat' dir='ltr'>Iam</span> <span class='ocrx_word' id='word_1_211' title='bbox 1399 1680 1538 1705; x_wconf 86' lang='lat' dir='ltr'>omnes</span> 
     </span>
     <span class='ocr_line' id='line_1_28' title="bbox 212 1731 1536 1782; baseline 0 -13"><span class='ocrx_word' id='word_1_212' title='bbox 212 1731 441 1781; x_wconf 80' lang='lat' dir='ltr'>intellegunt</span> <span class='ocrx_word' id='word_1_213' title='bbox 463 1746 530 1770; x_wconf 91' lang='lat' dir='ltr'>cur</span> <span class='ocrx_word' id='word_1_214' title='bbox 560 1732 740 1770; x_wconf 80' lang='lat' dir='ltr'>universa</span> <span class='ocrx_word' id='word_1_215' title='bbox 769 1731 970 1782; x_wconf 86' lang='lat' dir='ltr'>provincia</span> <span class='ocrx_word' id='word_1_216' title='bbox 1000 1733 1248 1770; x_wconf 85' lang='lat' dir='ltr'>defensorem</span> <span class='ocrx_word' id='word_1_217' title='bbox 1277 1746 1372 1770; x_wconf 78' lang='lat' dir='ltr'>suae</span> <span class='ocrx_word' id='word_1_218' title='bbox 1402 1732 1536 1769; x_wconf 83' lang='lat' dir='ltr'>salutis</span> 
     </span>
     <span class='ocr_line' id='line_1_29' title="bbox 211 1795 1537 1847; baseline 0 -13"><span class='ocrx_word' id='word_1_219' title='bbox 211 1811 300 1835; x_wconf 83' lang='lat' dir='ltr'>cum</span> <span class='ocrx_word' id='word_1_220' title='bbox 332 1796 565 1847; x_wconf 78' lang='lat' dir='ltr'>quaesiverit</span> <span class='ocrx_word' id='word_1_221' title='bbox 600 1797 710 1835; x_wconf 85' lang='lat' dir='ltr'>cuius</span> <span class='ocrx_word' id='word_1_222' title='bbox 745 1796 817 1835; x_wconf 82' lang='lat' dir='ltr'>iste</span> <span class='ocrx_word' id='word_1_223' title='bbox 848 1796 940 1835; x_wconf 83' lang='lat' dir='ltr'>fidei</span> <span class='ocrx_word' id='word_1_224' title='bbox 972 1796 1197 1845; x_wconf 78' lang='lat' dir='ltr'>diligentiae</span> <span class='ocrx_word' id='word_1_225' title='bbox 1227 1795 1537 1846; x_wconf 86' lang='lat' dir='ltr'>perseverantiae</span> 
     </span>
     <span class='ocr_line' id='line_1_30' title="bbox 211 1860 1538 1912; baseline -0.001 -13"><span class='ocrx_word' id='word_1_226' title='bbox 211 1863 317 1900; x_wconf 81' lang='lat' dir='ltr'>nulla</span> <span class='ocrx_word' id='word_1_227' title='bbox 356 1862 505 1900; x_wconf 80' lang='lat' dir='ltr'>ratione</span> <span class='ocrx_word' id='word_1_228' title='bbox 544 1861 637 1912; x_wconf 73' lang='lat' dir='ltr'>eripi</span> <span class='ocrx_word' id='word_1_229' title='bbox 679 1861 810 1912; x_wconf 76' lang='lat' dir='ltr'>possit.</span> <span class='ocrx_word' id='word_1_230' title='bbox 871 1863 949 1899; x_wconf 68' lang='lat' dir='ltr'>&#39;I&#39;ot</span> <span class='ocrx_word' id='word_1_231' title='bbox 1000 1860 1154 1899; x_wconf 86' lang='lat' dir='ltr'>iudiciis</span> <span class='ocrx_word' id='word_1_232' title='bbox 1202 1860 1439 1906; x_wconf 87' lang='lat' dir='ltr'>interfuistis,</span> <span class='ocrx_word' id='word_1_233' title='bbox 1480 1868 1538 1898; x_wconf 91' lang='lat' dir='ltr'>tot</span> 
     </span>
     <span class='ocr_line' id='line_1_31' title="bbox 211 1926 1538 1976; baseline -0.001 -12"><span class='ocrx_word' id='word_1_234' title='bbox 211 1927 391 1965; x_wconf 76' lang='lat' dir='ltr'>homines</span> <span class='ocrx_word' id='word_1_235' title='bbox 414 1926 591 1964; x_wconf 87' lang='lat' dir='ltr'>nocentis</span> <span class='ocrx_word' id='word_1_236' title='bbox 618 1934 655 1964; x_wconf 89' lang='lat' dir='ltr'>et</span> <span class='ocrx_word' id='word_1_237' title='bbox 684 1926 887 1976; x_wconf 80' lang='lat' dir='ltr'>improbos</span> <span class='ocrx_word' id='word_1_238' title='bbox 911 1934 1116 1965; x_wconf 84' lang='lat' dir='ltr'>accusatos</span> <span class='ocrx_word' id='word_1_239' title='bbox 1147 1934 1185 1964; x_wconf 90' lang='lat' dir='ltr'>et</span> <span class='ocrx_word' id='word_1_240' title='bbox 1206 1934 1330 1964; x_wconf 86' lang='lat' dir='ltr'>vestra</span> <span class='ocrx_word' id='word_1_241' title='bbox 1359 1933 1397 1964; x_wconf 93' lang='lat' dir='ltr'>et</span> <span class='ocrx_word' id='word_1_242' title='bbox 1427 1939 1538 1975; x_wconf 87' lang='lat' dir='ltr'>supe-</span> 
     </span>
    </p>
   </div>
   <div class='ocr_carea' id='block_1_7' title="bbox 203 2026 1537 2327">
    <p class='ocr_par' dir='ltr' id='par_1_8' title="bbox 203 2026 1537 2327">
     <span class='ocr_line' id='line_1_32' title="bbox 260 2026 1537 2068; baseline -0.002 -11"><span class='ocrx_word' id='word_1_243' title='bbox 260 2038 267 2056; x_wconf 81' lang='grc' dir='ltr'><strong>ι</strong></span> <span class='ocrx_word' id='word_1_244' title='bbox 297 2032 397 2066; x_wconf 80' lang='lat' dir='ltr'>atque</span> <span class='ocrx_word' id='word_1_245' title='bbox 419 2028 448 2057; x_wconf 92' lang='lat' dir='ltr'>O</span> <span class='ocrx_word' id='word_1_246' title='bbox 571 2027 648 2057; x_wconf 87' lang='lat' dir='ltr'>ludo</span> <span class='ocrx_word' id='word_1_247' title='bbox 664 2028 799 2068; x_wconf 59' lang='lat' dir='ltr'>scripsi:</span> <span class='ocrx_word' id='word_1_248' title='bbox 827 2027 918 2057; x_wconf 89' lang='lat' dir='ltr'>lucro</span> <span class='ocrx_word' id='word_1_249' title='bbox 936 2026 1004 2056; x_wconf 69' lang='lat' dir='ltr'>(On</span> <span class='ocrx_word' id='word_1_250' title='bbox 1022 2038 1028 2057; x_wconf 73' lang='grc' dir='ltr'>ε</span> <span class='ocrx_word' id='word_1_251' title='bbox 1054 2026 1159 2058; x_wconf 87' lang='lat' dir='ltr'>lustro</span> <span class='ocrx_word' id='word_1_252' title='bbox 1181 2026 1262 2068; x_wconf 81' lang='lat' dir='ltr'>ng.</span> <span class='ocrx_word' id='word_1_253' title='bbox 1283 2037 1312 2066; x_wconf 86' lang='lat'>5,</span> <span class='ocrx_word' id='word_1_254' title='bbox 1333 2037 1373 2065; x_wconf 88' lang='lat'>27</span> <span class='ocrx_word' id='word_1_255' title='bbox 1392 2037 1398 2056; x_wconf 89' lang='lat'>:</span> <span class='ocrx_word' id='word_1_256' title='bbox 1423 2026 1537 2056; x_wconf 81' lang='lat' dir='ltr'>lustris</span> 
     </span>
     <span class='ocr_line' id='line_1_33' title="bbox 206 2068 1536 2110; baseline 0.004 -12"><span class='ocrx_word' id='word_1_257' title='bbox 206 2069 315 2099; x_wconf 69' lang='lat' dir='ltr'>Jluell.</span> <span class='ocrx_word' id='word_1_258' title='bbox 337 2070 390 2108; x_wconf 50' lang='lat' dir='ltr'>[cf.</span> <span class='ocrx_word' id='word_1_259' title='bbox 408 2069 490 2100; x_wconf 74' lang='lat' dir='ltr'>Post</span> <span class='ocrx_word' id='word_1_260' title='bbox 503 2068 582 2099; x_wconf 82' lang='lat' dir='ltr'>Rcd.</span> <span class='ocrx_word' id='word_1_261' title='bbox 601 2069 649 2099; x_wconf 83' lang='lat' dir='ltr'>ad</span> <span class='ocrx_word' id='word_1_262' title='bbox 660 2069 774 2099; x_wconf 68' lang='lat' dir='ltr'>Sonat.</span> <span class='ocrx_word' id='word_1_263' title='bbox 796 2071 810 2105; x_wconf 67' lang='grc' dir='ltr'>ξ</span> <span class='ocrx_word' id='word_1_264' title='bbox 834 2072 909 2108; x_wconf 50' lang='grc' dir='ltr'>ῐ3ᾊε</span> <span class='ocrx_word' id='word_1_265' title='bbox 934 2070 1011 2100; x_wconf 83' lang='lat' dir='ltr'>luxu</span> <span class='ocrx_word' id='word_1_266' title='bbox 1031 2070 1117 2110; x_wconf 81' lang='lat' dir='ltr'>vulg.</span> <span class='ocrx_word' id='word_1_267' title='bbox 1226 2081 1244 2100; x_wconf 85' lang='lat'><em>2</em></span> <span class='ocrx_word' id='word_1_268' title='bbox 1271 2073 1344 2102; x_wconf 84' lang='lat' dir='ltr'>istis</span> <span class='ocrx_word' id='word_1_269' title='bbox 1364 2071 1394 2102; x_wconf 90' lang='grc' dir='ltr'><em>Ο</em></span> <span class='ocrx_word' id='word_1_270' title='bbox 1517 2075 1536 2103; x_wconf 91' lang='grc'>8</span> 
     </span>
     <span class='ocr_line' id='line_1_34' title="bbox 206 2112 1536 2154; baseline 0.004 -13"><span class='ocrx_word' id='word_1_271' title='bbox 206 2114 266 2143; x_wconf 64' lang='lat' dir='ltr'>linc</span> <span class='ocrx_word' id='word_1_272' title='bbox 295 2113 382 2143; x_wconf 86' lang='lat' dir='ltr'>dicet</span> <span class='ocrx_word' id='word_1_273' title='bbox 403 2118 427 2153; x_wconf 84' lang='lat' dir='ltr'><em>p</em></span> <span class='ocrx_word' id='word_1_274' title='bbox 452 2112 516 2143; x_wconf 80' lang='lat' dir='ltr'>rcll.</span> <span class='ocrx_word' id='word_1_275' title='bbox 551 2113 662 2152; x_wconf 46' lang='lat' dir='ltr'>gpmb.</span> <span class='ocrx_word' id='word_1_276' title='bbox 688 2113 763 2142; x_wconf 76' lang='lat' dir='ltr'>Zt&#39;cl.</span> <span class='ocrx_word' id='word_1_277' title='bbox 789 2118 822 2152; x_wconf 77' lang='lat' dir='ltr'>p.</span> <span class='ocrx_word' id='word_1_278' title='bbox 845 2114 942 2153; x_wconf 74' lang='lat'><strong>195):</strong></span> <span class='ocrx_word' id='word_1_279' title='bbox 979 2113 1105 2144; x_wconf 78' lang='lat' dir='ltr'>diceret</span> <span class='ocrx_word' id='word_1_280' title='bbox 1134 2125 1212 2154; x_wconf 40' lang='lat' dir='ltr'>gom,</span> <span class='ocrx_word' id='word_1_281' title='bbox 1240 2115 1316 2145; x_wconf 55' lang='lat' dir='ltr'>hoc)</span> <span class='ocrx_word' id='word_1_282' title='bbox 1345 2115 1375 2145; x_wconf 91' lang='lat' dir='ltr'><em>O</em></span> <span class='ocrx_word' id='word_1_283' title='bbox 1464 2116 1536 2147; x_wconf 84' lang='lat' dir='ltr'>eius</span> 
     </span>
     <span class='ocr_line' id='line_1_35' title="bbox 206 2155 1535 2196; baseline 0.002 -10"><span class='ocrx_word' id='word_1_284' title='bbox 206 2157 292 2186; x_wconf 69' lang='lat' dir='ltr'>lilius</span> <span class='ocrx_word' id='word_1_285' title='bbox 313 2156 342 2185; x_wconf 91' lang='lat' dir='ltr'><em>O</em></span> <span class='ocrx_word' id='word_1_286' title='bbox 492 2166 527 2187; x_wconf 78' lang='grc' dir='ltr'>ιο</span> <span class='ocrx_word' id='word_1_287' title='bbox 551 2157 701 2186; x_wconf 81' lang='lat' dir='ltr'>ciusdem</span> <span class='ocrx_word' id='word_1_288' title='bbox 723 2155 753 2185; x_wconf 90' lang='lat' dir='ltr'>O</span> <span class='ocrx_word' id='word_1_289' title='bbox 904 2166 936 2185; x_wconf 87' lang='lat'>11</span> <span class='ocrx_word' id='word_1_290' title='bbox 964 2167 1000 2186; x_wconf 85' lang='lat' dir='ltr'>ac</span> <span class='ocrx_word' id='word_1_291' title='bbox 1019 2157 1050 2186; x_wconf 83' lang='lat' dir='ltr'>in</span> <span class='ocrx_word' id='word_1_292' title='bbox 1071 2159 1186 2196; x_wconf 86' lang='lat' dir='ltr'>primis</span> <span class='ocrx_word' id='word_1_293' title='bbox 1205 2158 1235 2188; x_wconf 85' lang='lat' dir='ltr'><strong><em>O</em></strong></span> <span class='ocrx_word' id='word_1_294' title='bbox 1325 2160 1535 2190; x_wconf 82' lang='lat' dir='ltr'>contumeliis</span> 
     </span>
     <span class='ocr_line' id='line_1_36' title="bbox 205 2199 1535 2241; baseline 0.004 -13"><span class='ocrx_word' id='word_1_295' title='bbox 205 2200 399 2238; x_wconf 83' lang='lat' dir='ltr'>iniuriisque</span> <span class='ocrx_word' id='word_1_296' title='bbox 420 2200 450 2230; x_wconf 90' lang='grc' dir='ltr'><em>Ο</em></span> <span class='ocrx_word' id='word_1_297' title='bbox 469 2203 499 2239; x_wconf 54' lang='grc' dir='ltr'>(ξ</span> <span class='ocrx_word' id='word_1_298' title='bbox 521 2210 561 2239; x_wconf 83' lang='lat'>95</span> <span class='ocrx_word' id='word_1_299' title='bbox 581 2199 685 2239; x_wconf 66' lang='lat' dir='ltr'>infin)</span> <span class='ocrx_word' id='word_1_300' title='bbox 869 2201 907 2229; x_wconf 87' lang='lat'>16</span> <span class='ocrx_word' id='word_1_301' title='bbox 931 2206 1008 2230; x_wconf 83' lang='lat' dir='ltr'>ante</span> <span class='ocrx_word' id='word_1_302' title='bbox 1032 2200 1072 2229; x_wconf 76' lang='lat' dir='ltr'>rrk</span> <span class='ocrx_word' id='word_1_303' title='bbox 1097 2201 1145 2239; x_wconf 41' lang='lat' dir='ltr'>tii,</span> <span class='ocrx_word' id='word_1_304' title='bbox 1166 2205 1180 2239; x_wconf 63' lang='grc' dir='ltr'><strong>ξ</strong></span> <span class='ocrx_word' id='word_1_305' title='bbox 1199 2203 1256 2241; x_wconf 52' lang='lat'>82)</span> <span class='ocrx_word' id='word_1_306' title='bbox 1439 2204 1476 2232; x_wconf 83' lang='lat'>18</span> <span class='ocrx_word' id='word_1_307' title='bbox 1501 2208 1535 2233; x_wconf 85' lang='lat' dir='ltr'>et</span> 
     </span>
     <span class='ocr_line' id='line_1_37' title="bbox 203 2243 1531 2284; baseline 0.003 -11"><span class='ocrx_word' id='word_1_308' title='bbox 203 2244 390 2274; x_wconf 78' lang='lat' dir='ltr'>domestico</span> <span class='ocrx_word' id='word_1_309' title='bbox 408 2255 434 2274; x_wconf 89' lang='lat' dir='ltr'>s.</span> <span class='ocrx_word' id='word_1_310' title='bbox 457 2244 476 2275; x_wconf 91' lang='lat' dir='ltr'>l.</span> <span class='ocrx_word' id='word_1_311' title='bbox 489 2243 526 2283; x_wconf 75' lang='lat' dir='ltr'>p²</span> <span class='ocrx_word' id='word_1_312' title='bbox 687 2254 729 2274; x_wconf 89' lang='lat'>20</span> <span class='ocrx_word' id='word_1_313' title='bbox 752 2248 867 2274; x_wconf 84' lang='lat' dir='ltr'>nostra</span> <span class='ocrx_word' id='word_1_314' title='bbox 887 2243 916 2273; x_wconf 85' lang='lat' dir='ltr'><em>O</em></span> <span class='ocrx_word' id='word_1_315' title='bbox 935 2245 964 2281; x_wconf 55' lang='lat' dir='ltr'>t§</span> <span class='ocrx_word' id='word_1_316' title='bbox 983 2253 1021 2282; x_wconf 88' lang='lat'>57</span> <span class='ocrx_word' id='word_1_317' title='bbox 1041 2248 1157 2284; x_wconf 73' lang='lat' dir='ltr'>supra)</span> <span class='ocrx_word' id='word_1_318' title='bbox 1300 2255 1335 2274; x_wconf 88' lang='lat'>21</span> <span class='ocrx_word' id='word_1_319' title='bbox 1365 2246 1473 2277; x_wconf 84' lang='lat' dir='ltr'>iamne</span> <span class='ocrx_word' id='word_1_320' title='bbox 1489 2247 1531 2277; x_wconf 84' lang='lat' dir='ltr'>al.</span> 
     </span>
     <span class='ocr_line' id='line_1_38' title="bbox 203 2287 1533 2327; baseline 0.004 -12"><span class='ocrx_word' id='word_1_321' title='bbox 203 2287 236 2316; x_wconf 82' lang='lat' dir='ltr'>in</span> <span class='ocrx_word' id='word_1_322' title='bbox 258 2298 324 2327; x_wconf 78' lang='lat' dir='ltr'>mg.</span> <span class='ocrx_word' id='word_1_323' title='bbox 345 2287 464 2318; x_wconf 83' lang='lat' dir='ltr'>Lamb.</span> <span class='ocrx_word' id='word_1_324' title='bbox 486 2289 566 2327; x_wconf 76' lang='lat'>1584</span> <span class='ocrx_word' id='word_1_325' title='bbox 735 2297 775 2317; x_wconf 82' lang='lat'>22</span> <span class='ocrx_word' id='word_1_326' title='bbox 801 2287 889 2317; x_wconf 80' lang='lat' dir='ltr'>furta</span> <span class='ocrx_word' id='word_1_327' title='bbox 907 2291 1006 2317; x_wconf 83' lang='lat' dir='ltr'>antea</span> <span class='ocrx_word' id='word_1_328' title='bbox 1025 2287 1055 2317; x_wconf 94' lang='lat' dir='ltr'>O</span> <span class='ocrx_word' id='word_1_329' title='bbox 1231 2298 1271 2326; x_wconf 80' lang='lat'>24</span> <span class='ocrx_word' id='word_1_330' title='bbox 1298 2288 1448 2327; x_wconf 84' lang='lat' dir='ltr'>perferre</span> <span class='ocrx_word' id='word_1_331' title='bbox 1465 2288 1533 2320; x_wconf 88' lang='lat' dir='ltr'>cO:</span> 
     </span>
    </p>
   </div>
   <div class='ocr_carea' id='block_1_8' title="bbox 205 2331 410 2370">
    <p class='ocr_par' dir='ltr' id='par_1_9' title="bbox 205 2331 410 2370">
     <span class='ocr_line' id='line_1_39' title="bbox 205 2331 410 2370; baseline 0.005 -9"><span class='ocrx_word' id='word_1_332' title='bbox 205 2331 234 2361; x_wconf 82' lang='lat' dir='ltr'>se</span> <span class='ocrx_word' id='word_1_333' title='bbox 241 2341 292 2360; x_wconf 87' lang='lat' dir='ltr'>rre</span> <span class='ocrx_word' id='word_1_334' title='bbox 307 2336 330 2370; x_wconf 79' lang='lat' dir='ltr'><em>p</em></span> <span class='ocrx_word' id='word_1_335' title='bbox 348 2331 410 2362; x_wconf 67' lang='lat' dir='ltr'>rell.</span> 
     </span>
    </p>
   </div>
   <div class='ocr_carea' id='block_1_9' title="bbox 1565 443 1582 474">
    <p class='ocr_par' dir='ltr' id='par_1_10' title="bbox 1565 443 1582 474">
     <span class='ocr_line' id='line_1_40' title="bbox 1565 443 1582 474; baseline 0 0"><span class='ocrx_word' id='word_1_336' title='bbox 1565 443 1582 474; x_wconf 90' lang='grc'>5</span> 
     </span>
    </p>
   </div>
   <div class='ocr_carea' id='block_1_10' title="bbox 1566 771 1605 793">
    <p class='ocr_par' dir='ltr' id='par_1_11' title="bbox 1566 771 1605 793">
     <span class='ocr_line' id='line_1_41' title="bbox 1566 771 1605 793; baseline 0 0"><span class='ocrx_word' id='word_1_337' title='bbox 1566 771 1605 793; x_wconf 85' lang='lat'>10</span> 
     </span>
    </p>
   </div>
   <div class='ocr_carea' id='block_1_11' title="bbox 1566 1095 1601 1126">
    <p class='ocr_par' dir='ltr' id='par_1_12' title="bbox 1566 1095 1601 1126">
     <span class='ocr_line' id='line_1_42' title="bbox 1566 1095 1601 1126; baseline 0 0"><span class='ocrx_word' id='word_1_338' title='bbox 1566 1095 1601 1126; x_wconf 83' lang='lat'>15</span> 
     </span>
    </p>
   </div>
   <div class='ocr_carea' id='block_1_12' title="bbox 1688 1964 1715 2734">
    <p class='ocr_par' dir='ltr' id='par_1_13' title="bbox 1688 1964 1715 2734">
     <span class='ocr_line' id='line_1_43' title="bbox 1688 1964 1715 2734; baseline 0 0"><span class='ocrx_word' id='word_1_339' title='bbox 1688 1964 1715 2734; x_wconf 95' lang='lat' dir='ltr'> </span> 
     </span>
    </p>
   </div>
  </div>
 </body>
</html>
