1715 2734
131 779 168 800 10

132 1425 171 1446 20

187 69 454 111 ACTIONIS
485 69 545 107 IN
576 68 621 106 c.
643 67 885 104 VERREM
916 66 1214 104 SECVNDAE
1245 65 1350 102 LIB.
1371 66 1408 101 V
1455 73 1506 111 54
1528 78 1590 110 140

243 184 350 221 Num
372 188 484 231 potes
510 181 587 218 hoc
607 192 757 228 negare,
782 180 932 223 Verres,
956 176 994 214 in
1022 178 1107 214 foro
1132 175 1308 225 Lilybaei
1335 175 1506 214 maximo
1525 181 1576 220 54

187 254 385 285 conventu
414 247 456 285 C.
481 243 698 289 Servilium,
728 242 852 280 civem
882 243 1108 279 Romanum
1137 254 1158 278 e
1185 248 1382 278 conventu
1411 242 1508 277 Pan-

187 311 425 357 hormitano,
454 317 623 348 veterem
655 307 951 357 negotiatorem,
982 307 1032 343 ad
1069 305 1237 343 tribunal
1266 313 1357 342 ante
1386 305 1507 354 pedes

187 383 275 413 tuos
302 376 353 413 ad
382 383 522 412 terram
543 372 658 423 virgis
686 380 724 411 et
748 371 974 412 verberibus
1000 370 1229 408 abiectum?
1285 370 1402 407 Aude
1431 370 1507 407 hoc

186 440 356 490 primum
385 452 535 487 negare,
563 437 593 475 si
622 444 758 487 potes,
788 449 907 474 nemo
935 434 1109 484 Lilybaei
1137 434 1208 472 fuit
1233 434 1328 484 quin
1356 433 1505 480 viderit,

186 518 305 542 nemo
336 504 374 541 in
405 502 536 541 Sicilia
565 501 660 551 quin
690 500 890 539 audiverit.
951 501 1078 549 Plagis
1108 501 1331 537 confectum
1367 499 1458 536 dico
1487 512 1509 536 a

187 569 388 607 lictoribus
410 568 484 606 tuis
506 567 631 605 civem
655 569 882 604 Romanum
902 573 993 603 ante
1009 566 1144 602 oculos
1166 572 1254 602 tuos
1275 563 1505 602 concidisse.

187 637 240 672 At
261 648 379 684 quam
401 634 452 671 ob
475 646 644 678 causam,
666 631 705 669 di
728 631 966 668 immortales
987 633 993 668 1
1033 629 1186 667 tametsi
1208 629 1387 667 iniuriam
1410 629 1509 666 facio
1534 642 1588 673 141

188 697 389 736 communi
420 710 559 735 causae
590 705 627 734 et
657 696 726 733 iuri
763 695 952 742 civitatis,
992 694 1102 744 quasi
1137 694 1241 732 enim
1276 696 1353 732 ulla
1388 693 1510 743 possit

188 776 272 800 esse
299 775 417 799 causa
443 775 511 799 cur
540 762 616 798 hoc
637 760 821 809 cuiquam
851 759 924 797 civi
958 761 1143 797 Romano
1170 759 1250 796 iure
1271 758 1433 812 accidat,
1458 758 1510 796 ita

187 840 333 877 quaero
355 839 455 876 quae
476 825 515 862 in
538 824 699 863 Servilio
720 837 837 862 causa
859 823 981 861 fuerit.
1043 823 1240 873 Ignoscite
1261 823 1298 861 in
1321 825 1397 861 hoc
1418 837 1507 869 uno,

188 890 361 938 iudices;
394 890 434 927 in
462 889 599 928 ceteris
629 889 734 927 enim
762 902 842 926 non
871 901 1108 939 magnopere
1137 901 1273 926 causas
1303 887 1506 937 requiram.

189 957 364 994 Locutus
389 962 468 993 erat
496 954 654 993 liberius
682 955 732 992 de
759 953 868 991 istius
896 953 1146 1002 improbitate
1175 961 1293 1003 atque
1323 953 1497 1002 nequitia

191 1022 311 1069 Quod
342 1020 403 1058 isti
434 1020 548 1057 simul
575 1033 621 1057 ac
648 1018 913 1057 renuntiatum
942 1026 1010 1065 est,
1039 1019 1241 1057 hominem
1273 1018 1381 1057 iubet
1411 1018 1508 1068 Lily-

188 1087 330 1124 baeum
358 1085 628 1124 vadimonium
653 1084 824 1122 Venerio
852 1097 962 1122 servo
990 1083 1226 1133 promittere.
1286 1083 1511 1130 Promittit3

189 1151 418 1200 Lilybaeum
441 1150 601 1188 venitur.
663 1150 814 1198 Cogere
842 1162 932 1187 eum
954 1149 1095 1198 coepit,
1118 1162 1207 1186 cum
1229 1156 1359 1198 ageret
1379 1161 1509 1195 nemo,

189 1229 307 1253 nemo
336 1216 560 1265 postularet,
592 1214 845 1264 sponsionem
881 1213 986 1252 mille
1021 1227 1228 1251 nummum
1263 1215 1390 1251 facere
1419 1226 1510 1250 cum

189 1277 325 1316 lictore
345 1290 427 1324 suo,
451 1276 526 1314 ‘Ni
551 1275 658 1313 furtis
680 1284 887 1325 quaestum
914 1277 1080 1314 faceret.'
1139 1277 1449 1325 Recuperatores
1470 1288 1511 1312 se

190 1343 240 1379 de
264 1342 426 1379 cohorte
453 1354 521 1379 sua
549 1340 705 1378 dicebat
733 1341 926 1378 daturum.
988 1339 1169 1378 Servilius
1200 1347 1237 1377 et
1268 1353 1444 1378 recusare
1474 1348 1511 1378 et

190 1406 389 1456 deprecari
423 1419 473 1443 ne
506 1405 649 1454 iniquis
688 1405 883 1443 iudicibus
919 1406 1028 1443 nullo
1066 1404 1287 1442 adversario
1321 1405 1510 1443 iudicium

189 1471 325 1521 capitis
347 1471 385 1508 in
407 1484 447 1508 se
467 1470 775 1509 constitueretur.
837 1472 950 1508 Haec
971 1484 1060 1507 cum
1090 1469 1256 1507 maxime
1277 1471 1510 1519 loqueretur,
1536 1485 1591 1516 ¹42

191 1550 257 1574 sex
286 1536 440 1574 lictores
468 1534 758 1573 circumsistunt
779 1534 1033 1573 valentissimi
1055 1542 1092 1572 et
1118 1536 1167 1572 ad
1199 1536 1413 1584 pulsandos
1434 1547 1513 1573 ver-

190 1601 466 1650 berandosque
514 1599 694 1638 homines
742 1599 1060 1646 exercitatissimi,
1109 1600 1280 1637 caedunt
1326 1599 1513 1638 acerrime

190 1665 330 1715 virgis,-
367 1665 538 1714 denique
572 1664 772 1714 proximus
806 1665 928 1711 lictor,
960 1665 1010 1703 de
1044 1677 1124 1714 quo
1158 1664 1235 1702 iam
1270 1677 1386 1714 saepe
1420 1665 1512 1712 dixi,

191 1730 353 1776 Sextius,
383 1742 573 1767 converso
603 1729 743 1767 baculo
774 1731 909 1767 oculos
940 1730 1082 1767 misero
1112 1729 1276 1767 tundere
1306 1730 1513 1767 vehemen-

190 1794 338 1832 tissime
359 1793 498 1843 coepit.
559 1794 699 1842 Itaque
720 1793 793 1839 ille,
817 1806 907 1831 cum
930 1793 1085 1843 sanguis
1107 1806 1151 1831 os
1172 1794 1388 1843 oculosque
1409 1806 1513 1831 corn-

235 1907 254 1926 2
280 1897 573 1936 Panormitanop:
600 1896 934 1926 Panhormitanorum
954 1895 1017 1926 RS
1106 1897 1127 1926 6
1151 1896 1319 1926 audiverit
1336 1894 1513 1927 Zielinski:

191 1940 335 1971 audierit
351 1940 437 1971 codd.
572 1950 593 1978 9
617 1940 723 1978 possit
742 1939 807 1969 ulla
825 1951 846 1968 π
861 1950 867 1969 :
892 1939 999 1978 possit
1017 1949 1092 1969 esse
1111 1939 1179 1969 ulla
1197 1940 1212 1968 δ
1351 1941 1390 1969 16
1414 1950 1514 1970 nemo

191 1985 288 2014 semel
311 1984 426 2014 habent
448 1981 562 2013 codd.:
597 1983 722 2013 iteravit
748 1982 962 2022 Naugerius:
995 1993 1070 2013 cum
1100 1993 1199 2012 nemo
1224 1983 1411 2021 postularet
1437 1983 1509 2021 (del.

191 2029 322 2066 ageret)
341 2026 496 2056 Zielinski
629 2036 666 2065 17
692 2026 780 2056 mille
799 2026 988 2055 ,Mommsen
1004 2037 1010 2055 :
1035 2026 1176 2057 militum
1195 2026 1278 2056 RS:
1305 2025 1366 2055 HS
1385 2026 1513 2056 duobus

192 2071 408 2109 sponsionem
449 2070 558 2099 facere
585 2072 628 2108 p&
645 2080 651 2098 :
702 2070 919 2108 sponsionem
962 2079 986 2099 11
1027 2070 1150 2099 milium
1192 2079 1361 2099 nummum
1403 2069 1512 2099 facere

192 2113 348 2143 Zielinski
502 2113 538 2142 18
563 2117 818 2151 recuperatores
834 2122 870 2142 se
888 2111 1012 2152 Zumpt
1027 2123 1033 2142 :
1058 2123 1240 2150 recuperor
1257 2122 1332 2142 esse
1349 2111 1414 2142 RS
1430 2125 1436 2142 z
1461 2123 1510 2143 re—

193 2162 411 2196 cuperatores
430 2156 509 2195 (om.
534 2156 588 2194 se)
608 2157 624 2184 δ
643 2160 729 2191 (aule
745 2155 850 2186 vocab.
880 2156 1123 2194 reciperatores
1146 2156 1274 2195 liabetp
1290 2156 1427 2194 sedego,
1454 2155 1473 2185 i.
1484 2167 1508 2186 e.

191 2210 229 2230 Se
257 2200 298 2229 de
330 2198 523 2240 co<h0rte>,
551 2209 624 2228 cnm
653 2199 760 2238 signis
787 2200 928 2238 transp.)
1066 2209 1104 2238 19
1128 2199 1207 2229 dicit
1233 2200 1249 2227 δ
1381 2210 1421 2237 24
1448 2199 1509 2229 iam

191 2252 295 2282 saepe
312 2242 345 2272 R
362 2253 368 2272 z
392 2248 457 2272 tam
477 2251 578 2280 saepe
594 2240 658 2271 SD
674 2253 680 2271 :
704 2251 807 2280 saepe
824 2242 886 2272 iam
899 2247 923 2281 p
941 2253 947 2272 :
972 2252 1074 2281 saepe
1091 2253 1157 2272 om.
1173 2252 1213 2281 qr
1329 2251 1370 2280 25
1394 2243 1512 2273 baculo

192 2285 309 2317 RSD:
336 2285 455 2314 bacillo
468 2286 508 2324 ρδ
525 2283 656 2314 Nonius
