1715 2734
2 2051 7 2129 ἓ

2 2132 7 2194 ὲ

2 2199 6 2219 l

2 2228 6 2280 ε

170 75 437 115 ACTIONIS
469 77 530 114 IN
560 76 605 114 C.
628 76 870 113 VERREM
901 75 1199 114 SECVNDAE
1230 76 1332 112 LIB.
1357 76 1375 112 Ι
1419 84 1475 122 59
1499 89 1559 121 154

151 185 260 223 testis
290 187 422 224 esset?
467 184 554 234 quis
583 198 606 222 a
637 184 748 234 signo
780 184 990 222 Vortumni
1017 184 1057 221 in
1087 184 1234 222 circum
1264 184 1476 222 maximum

150 249 256 287 venit
276 250 371 298 quin
391 249 423 287 is
444 262 524 286 uno
544 262 704 298 quoque
723 250 845 298 gradu
866 250 916 287 de
936 249 1094 286 avaritia
1124 256 1190 285 tua
1212 262 1476 287 commonere-

150 316 240 352 tur?
286 328 405 364 quam
440 322 482 351 tu
516 313 619 351 viam
658 321 856 351 tensarum
895 322 1014 363 atque
1049 327 1218 363 pompae
1253 314 1335 351 eius
1370 314 1477 352 modi

149 378 309 428 exegisti
329 386 371 416 ut
391 386 433 416 tu
453 378 538 427 ipse
558 378 623 416 illa
642 378 697 416 ire
717 392 797 416 non
818 380 974 416 audeas.
1036 380 1096 415 Te
1116 386 1226 427 putet
1256 379 1474 428 quisquam,

113 457 131 489 5
150 456 239 480 cum
268 443 320 480 ab
350 443 463 480 Italia
492 444 591 480 freto
620 442 818 480 diiunctus
849 457 964 489 esses,
988 443 1104 480 sociis
1136 450 1385 492 temperasse,
1410 443 1476 493 qui

148 509 288 545 aedem
333 507 507 546 Castoris
546 515 686 545 testem
727 516 883 545 tuorum
924 510 1112 545 furtorum
1154 521 1238 544 esse
1278 508 1477 546 volueris?

110 601 113 603 >
149 586 267 621 quam
288 574 457 622 populus
480 574 685 610 Romanus
706 573 861 619 cotidie,
892 572 1041 610 iudices
1062 572 1180 610 etiam
1202 579 1284 609 tum
1313 585 1402 610 cum
1425 574 1476 611 de

148 644 187 674 te
207 637 441 674 sententiam
462 638 596 683 ferent,
619 637 821 675 videbunt.

201 704 334 751 Atque
350 702 466 740 etiam
483 702 671 740 iudicium
689 702 727 739 in
745 710 923 752 praetura
942 702 1146 752 publicum
1167 702 1337 741 exercuit
1354 717 1364 751 3
1393 717 1473 740 non

91 781 130 802 10
148 766 253 804 enim
287 768 615 815 praetereundum
646 774 703 804 est
733 781 783 804 ne
812 767 851 805 id
881 767 1054 817 quidem.
1115 768 1241 806 Petita
1269 769 1393 805 multa
1416 776 1474 806 est

147 832 253 880 apud
283 831 403 868 istum
433 839 651 880 praetorem
685 845 708 868 a
735 833 783 880 Q.
808 832 994 881 Opimio,
1024 832 1091 882 qui
1120 834 1315 870 adductus
1345 833 1472 870 estin

147 895 347 942 iudicium,
371 896 491 933 verbo
520 897 639 944 quod,
671 910 763 933 cum
793 905 895 934 esset
925 897 1103 934 tribunus
1134 896 1269 946 plebis,
1293 897 1473 935 interces-

146 960 259 998 sisset
288 968 425 998 contra
453 962 579 1010 legem
603 961 841 1007 Corneliam,
872 974 913 998 re
939 974 1031 999 vera
1061 963 1169 1010 quod
1200 961 1238 998 in
1273 961 1472 1000 tribunatu

145 1025 305 1063 dixisset
343 1034 479 1063 contra
513 1026 677 1063 alicuius
707 1026 878 1063 hominis
910 1026 1054 1063 nobilis
1086 1028 1338 1064 voluntatem.
1411 1028 1473 1064 De

89 1107 125 1138 15
145 1103 224 1139 quo
246 1090 392 1127 iudicio
412 1089 444 1127 si
465 1090 581 1127 velim
613 1090 743 1128 dicere
763 1091 906 1137 omnia,
931 1091 1043 1128 multi
1072 1091 1298 1140 appellandi
1318 1093 1472 1130 laeden-

143 1154 263 1204 dique
293 1155 381 1201 sint,
407 1154 447 1192 id
477 1155 586 1204 quod
610 1155 705 1193 mihi
736 1169 817 1193 non
846 1163 904 1193 est
934 1169 1119 1202 necesse,
1149 1163 1299 1193 tantum
1328 1156 1468 1204 dicam,

143 1232 289 1269 paucos
329 1219 520 1266 homines,
556 1227 600 1256 ut
638 1220 833 1258 levissime
870 1222 1078 1270 appellem,
1119 1222 1352 1269 adrogantes
1395 1222 1470 1259 hoc

142 1284 320 1322 adiutore
342 1286 389 1333 Q.
415 1285 619 1335 Opimium
640 1299 708 1335 per
728 1287 866 1323 ludum
888 1292 927 1323 et
947 1285 1078 1324 iocum
1099 1286 1263 1324 fortunis
1284 1286 1469 1324 omnibus

143 1360 335 1387 evertisse.

1496 682 1553 719 60

1499 751 1556 782 155

83 1431 124 1452 20
198 1416 236 1452 Is
259 1415 354 1453 mihi
376 1416 493 1453 etiam
508 1415 681 1466 queritur
697 1417 806 1466 quod
826 1430 849 1454 a
870 1417 985 1456 nobis
1004 1429 1049 1455 lx
1071 1416 1162 1455 solis
1184 1417 1324 1455 diebus
1345 1417 1469 1467 prima
1493 1422 1552 1464 156

141 1480 244 1518 actio
265 1481 323 1518 sui
345 1481 464 1518 iudici
491 1490 685 1519 transacta
709 1481 768 1527 sit,
799 1495 891 1520 cum
917 1483 1024 1531 apud
1054 1482 1181 1531 ipsum
1210 1482 1332 1520 tribus
1363 1483 1466 1521 horis

143 1548 191 1595 Q.
222 1546 414 1595 Opimius,
443 1554 599 1584 senator
628 1546 762 1596 populi
786 1547 968 1593 Romani,
993 1548 1109 1593 bona,
1142 1549 1327 1593 fortunas,
1359 1562 1467 1586 orna-

143 1620 275 1649 menta
304 1611 436 1649 onmia
465 1611 666 1649 amiserit?
713 1612 823 1650 cuius
854 1621 1011 1662 propter
1043 1612 1316 1661 indignitatem
1346 1613 1466 1651 iudici

142 1676 367 1726 saepissime
383 1686 439 1714 est
459 1687 590 1714 actum
608 1677 646 1714 in
663 1685 800 1715 senatu
821 1685 863 1715 ut
878 1691 1001 1727 genus
1022 1679 1098 1715 hoc
1114 1686 1239 1715 totum
1256 1680 1464 1716 multarum

84 1758 121 1788 25
140 1749 259 1790 atque
286 1741 368 1779 eius
397 1741 504 1779 modi
529 1741 763 1779 iudiciorum
788 1743 996 1780 tolleretur.
1058 1743 1142 1779 Iam
1168 1756 1258 1780 vero
1282 1742 1321 1780 in
1350 1743 1464 1781 bonis

141 1807 190 1854 Q.
214 1806 347 1855 Opimi
369 1806 587 1843 vendendis
615 1820 711 1855 quas
738 1806 808 1844 iste
839 1807 1014 1855 praedas,
1038 1820 1156 1856 quam
1178 1814 1319 1856 aperte,
1344 1820 1461 1856 quam

138 1870 317 1920 improbe
337 1871 480 1917 fecerit,
513 1873 673 1920 longum
695 1879 752 1909 est
780 1871 934 1909 dicere:
965 1873 1041 1909 hoc
1063 1871 1259 1917 diCO‚·nisi
1287 1872 1398 1910 vobis
1423 1873 1462 1911 id

138 1935 343 1972 hominum
389 1936 756 1973 honestissimorum
802 1936 945 1974 tabulis
984 1938 1145 1986 planum
1190 1937 1327 1982 fecero,
1369 1936 1462 1986 fingi

183 2049 194 2067 1
221 2040 397 2069 Vortumni
416 2039 519 2070 Asa:
551 2040 729 2070 Vertumni
755 2040 880 2072 Fris-az
906 2042 1037 2072 vertusii
1062 2047 1108 2081 p:
1135 2041 1264 2070 vertuni
1292 2051 1332 2078 qr
1441 2052 1460 2070 2

135 2082 215 2119 quin
231 2083 264 2111 in
281 2092 348 2112 uno
366 2083 444 2113 com‘.
464 2084 573 2113 Halm
662 2096 681 2122 4
706 2090 739 2114 tu
759 2095 824 2114 om.
844 2085 959 2123 Prisc„
973 2086 1039 2115 secl.
1061 2085 1146 2115 Ioni,
1249 2093 1266 2121 5
1293 2084 1460 2114 diiunctus

136 2136 177 2154 πε
203 2125 386 2155 disiunctus
403 2126 439 2155 hss
460 2127 516 2165 (iv,
539 2130 575 2164 ἐξ
597 2137 669 2165 103,
692 2129 764 2166 117)
863 2131 883 2157 6
907 2129 1070 2158 furtorum
1089 2133 1221 2158 tuorum
1239 2127 1339 2157 Prisc.
1440 2128 1460 2157 8

135 2167 259 2198 ferrent
273 2169 459 2209 videruntp
564 2181 601 2209 13
626 2181 662 2200 re
679 2182 758 2201 vera
775 2171 850 2202 add.
864 2172 966 2202 Prisc.
1079 2173 1117 2201 16
1141 2173 1205 2201 sint
1218 2170 1312 2207 Em„
1330 2169 1434 2208 Kays.
1452 2181 1459 2200 ;

134 2216 211 2240 sunt
225 2217 248 2250 p
267 2212 330 2242 rell.
423 2214 454 2243 id
473 2215 562 2252 quod
580 2226 600 2242 π
616 2226 622 2244 :
647 2216 733 2253 quod
751 2215 768 2243 b
781 2215 844 2245 rell.
940 2226 975 2254 17
1001 2216 1167 2254 appellem
1187 2227 1206 2243 π
1223 2227 1229 2244 z
1254 2215 1362 2244 dicam
1378 2214 1457 2243 Asc.

135 2263 177 2282 20
200 2255 240 2283 ab
258 2256 352 2285 nobis
365 2261 411 2295 pq
427 2261 455 2286 et
472 2270 473 2277 ¹
489 2268 568 2287 corr.
587 2268 625 2287 ex
640 2259 681 2287 ab
699 2258 867 2297 omnibus)
887 2271 905 2289 r
1005 2269 1042 2288 21
1072 2260 1181 2297 ipsum
1194 2264 1218 2297 p
1237 2258 1300 2288 rell.
1318 2269 1324 2287 1
1357 2257 1455 2287 istum

136 2296 242 2334 ipsum
256 2298 355 2328 Prisc.
448 2310 487 2337 :25
513 2301 584 2329 eius
602 2302 692 2330 modi
710 2302 777 2331 iud.
791 2307 837 2341 pq
854 2301 956 2332 Prisc.
975 2314 981 2332 z
1007 2303 1073 2331 iud.
1095 2302 1167 2331 eius
1185 2301 1275 2331 modi
1292 2301 1327 2330 ὐδ
