1715 2734
139 772 177 793 10

131 1424 170 1445 20

128 1746 165 1777 25

123 2072 163 2102 30

202 65 469 105 ACTIONIS
501 68 561 105 IN
597 68 642 106 C.
665 67 906 105 VERREM
936 67 1236 106 SECVNDAE
1268 68 1371 105 LIB.
1394 69 1431 104 V
1474 77 1527 113 42

202 175 347 226 hospiti
394 176 476 215 iura
523 176 563 214 in
611 178 684 215 hac
732 177 894 215 immani
934 178 1051 216 belua
1090 180 1390 216 commemoro?
1447 177 1527 227 Qui

200 240 406 279 Sthenium
428 241 739 288 Thermitanum,
764 241 957 290 hospitem
987 255 1111 288 suum,
1137 241 1246 279 cuius
1275 243 1438 280 domum
1460 256 1528 293 per

199 305 413 355 hospitium
444 307 621 344 exhausit
656 314 693 344 et
728 306 948 353 exinanivit,
982 307 1185 344 absentem
1222 306 1260 343 in
1297 321 1382 345 reos
1413 315 1526 346 rettu-

198 370 294 415 lerit,
318 384 435 409 causa
456 371 603 409 indicta
623 372 750 421 capite
772 370 976 417 damnarit,
999 371 1049 409 ab
1072 385 1118 409 eo
1140 384 1245 408 nunc
1267 372 1525 422 hospitiorum

198 436 279 472 iura
299 443 417 485 atque
438 437 564 473 officia
586 449 818 485 quaeramus
836 438 851 473 ?
909 437 1010 474 Cum
1035 435 1195 473 homine
1220 434 1360 488 [enim]
1378 439 1524 475 crudeli

198 500 311 537 nobis
334 514 391 538 res
413 507 470 539 est
490 514 539 538 an
561 514 650 538 cum
682 502 760 539 fera
789 508 907 550 atque
939 501 1099 537 immani
1127 501 1271 539 belua?
1327 503 1385 539 Te
1408 502 1525 551 patris

197 565 377 603 lacrimae
410 566 459 603 de
491 565 712 604 innocentis
748 565 799 603 fili
833 564 1006 615 periculo
1046 579 1125 603 non
1168 567 1403 613 movebant,
1434 580 1523 604 cum

196 636 344 678 patrem
380 629 488 668 domi
522 630 755 680 reliquisses,
793 629 915 668 filium
949 638 1078 668 tecum
1114 631 1288 677 haberes,
1324 639 1361 669 te
1396 645 1525 681 neque

196 706 378 741 praesens
410 693 511 732 filius
546 695 595 732 de
628 694 793 732 liberum
824 694 982 732 caritate
1013 708 1142 744 neque
1172 696 1315 733 absens
1346 704 1454 745 pater
1474 698 1524 735 de

195 756 438 807 indulgentia
465 758 586 808 patria
611 759 920 797 commonebat?
977 760 1148 798 Catenas
1179 760 1349 799 habebat
1380 763 1523 812 hospes

194 830 283 860 tuus
324 823 510 870 Aristeus,
553 824 728 862 Dexonis
768 823 879 861 filius.
960 824 1068 872 Quid
1108 823 1188 862 ita?
1266 826 1521 865 ‘Prodiderat

193 889 380 926 classem.’
458 889 579 936 Quod
623 889 675 927 ob
720 890 970 938 praemium?
1053 891 1336 928 ‘Deseruerat.’
1412 893 1521 940 Quid

194 954 460 991 Cleomenes?
518 955 713 1002 ‘Ignavus
746 954 893 992 fuerat.'
950 956 1002 992 At
1037 967 1127 992 eum
1167 962 1207 992 tu
1245 955 1298 993 ob
1338 955 1519 995 virtutem

192 1031 338 1055 corona
358 1026 449 1056 ante
469 1019 648 1056 donaras.
733 1018 945 1057 Dimiserat
966 1021 1127 1057 nautas)
1186 1021 1237 1057 At
1262 1021 1312 1058 ab
1334 1021 1519 1060 omnibus

156 1097 172 1126 5
193 1090 232 1119 tu
266 1084 488 1120 mercedem
520 1082 715 1121 missionis
739 1096 958 1133 acceperas.
1018 1085 1127 1122 Alter
1157 1098 1295 1134 parens
1325 1099 1371 1123 ex
1400 1088 1520 1124 altera

191 1154 299 1196 parte
320 1155 399 1185 erat
422 1147 671 1186 Herbitensis
699 1148 908 1195 Eubulida,
934 1149 1055 1186 homo
1081 1149 1190 1187 domi
1218 1163 1310 1188 suae
1336 1152 1461 1189 clarus
1482 1159 1519 1189 et

190 1211 360 1259 nobilis,
389 1212 455 1262 qui
486 1212 577 1262 quia
599 1214 856 1252 Cleomenem
881 1213 921 1250 in
948 1215 1201 1253 defendendo
1232 1215 1311 1253 filio
1344 1217 1516 1263 laeserat,

190 1278 320 1314 nudus
344 1290 470 1326 paene
499 1284 558 1314 est
587 1277 808 1315 destitutus.
870 1277 978 1326 Quid
1009 1286 1089 1316 erat
1118 1286 1250 1316 autem
1279 1281 1387 1329 quod
1419 1281 1520 1330 quis-

190 1355 308 1391 quam
329 1341 475 1380 diceret
496 1349 562 1379 aut
583 1343 841 1380 defenderet?
898 1346 907 1362 ‘
923 1344 1181 1383 Cleomenem
1213 1344 1415 1383 nominare
1437 1360 1517 1384 non

189 1406 302 1444 licet.'
350 1408 402 1444 At
422 1420 539 1444 causa
559 1406 672 1455 cogit.
735 1411 743 1426 ⁴
761 1407 941 1455 Moriere,
966 1408 996 1445 si
1017 1409 1223 1458 appellaris
1238 1411 1270 1457 '3
1300 1424 1516 1460 numquam

188 1471 292 1509 enim
326 1471 397 1509 iste
435 1471 620 1521 cuiquam
652 1480 709 1510 est
743 1472 991 1511 mediocriter
1028 1473 1207 1511 minatus.
1267 1477 1319 1513 At
1353 1477 1516 1526 remiges

188 1550 267 1573 non
297 1543 416 1574 erant.
478 1538 486 1555 ‘
504 1537 726 1574 Praetorem
760 1544 800 1574 tu
835 1540 1028 1576 accuses?
1062 1539 1193 1588 frange
1227 1539 1419 1578 cervices.'
1476 1541 1515 1580 Si

187 1614 316 1649 neque
336 1607 554 1649 praetorem
575 1614 704 1650 neque
724 1601 912 1650 praetoris
933 1604 1129 1640 aemulum
1163 1604 1347 1653 appellari
1370 1605 1515 1653 licebit,

188 1679 277 1703 cum
299 1665 338 1702 in
359 1664 418 1702 his
439 1665 596 1703 duobus
618 1673 699 1703 tota
720 1679 837 1704 causa
858 1666 915 1713 sit,
940 1667 1036 1716 quid
1058 1669 1229 1705 futurum
1251 1671 1340 1707 est?

243 1729 349 1767 Dicit
363 1729 479 1767 etiam
494 1743 651 1768 causam
668 1732 885 1769 Heracleus
902 1733 1146 1781 Segestanus,
1165 1734 1284 1772 homo
1298 1735 1406 1772 domi
1421 1749 1513 1774 suae

187 1793 433 1832 nobilissimo
448 1795 537 1832 loco
550 1802 674 1832 natus.
719 1795 876 1842 Audite,
897 1804 938 1833 ut
954 1804 1080 1834 vestra
1093 1798 1314 1836 humanitas
1331 1802 1512 1848 postulat,

186 1858 361 1906 iudices3
389 1858 555 1896 audietis
585 1858 689 1896 enim
724 1860 774 1897 de
807 1860 955 1910 magnis
990 1861 1253 1900 incommodis
1286 1863 1512 1915 iniuriisque

185 1924 393 1962 sociorum.
455 1925 577 1961 Hunc
598 1924 737 1962 scitote
758 1924 875 1963 fuisse
899 1927 1138 1965 Heracleum
1168 1927 1207 1964 in
1229 1942 1274 1966 ea
1294 1943 1421 1977 causa,
1444 1932 1510 1981 qui

182 1996 340 2038 propter
373 2001 527 2037 gravem
562 1988 743 2026 morbum
776 1991 978 2028 oculorum
1012 1998 1093 2029 tum
1127 2006 1206 2030 non
1243 1994 1437 2043 navigant,
1472 2003 1510 2034 et

182 2054 288 2092 iussu
320 2053 404 2092 eius
438 2053 505 2103 qui
537 2061 770 2103 potestatem
804 2056 940 2094 habuit
975 2057 1013 2094 in
1049 2066 1271 2097 commeatu
1312 2061 1508 2109 Syracusis

225 2169 243 2196 4
269 2158 394 2187 indicta
411 2167 511 2187 causa
533 2158 565 2186 V
648 2169 667 2197 5
692 2159 780 2189 enim
800 2160 918 2191 seclusi
933 2163 987 2203 (βξ
1011 2174 1080 2203 127,
1102 2175 1161 2204 143
1175 2166 1278 2205 infral
1296 2178 1301 2195 :
1330 2165 1507 2195 hominene

180 2201 308 2238 Eberlz„
327 2199 395 2230 edd.
418 2211 487 2231 recc.
602 2202 623 2230 6
648 2202 723 2232 lacr.
745 2204 849 2241 patris
867 2203 926 2235 ,ΞΨ
1049 2218 1087 2238 12
1113 2209 1305 2240 deseruerat
1324 2209 1507 2239 exercitum

174 2246 218 2283 p6
355 2254 391 2281 14
416 2248 449 2273 at
466 2244 507 2273 ab
526 2255 567 2274 rr:
591 2245 631 2273 ab
648 2245 728 2276 RS:
756 2252 790 2276 ut
810 2272 816 2278 .
836 2271 843 2278 .
865 2272 871 2279 .
893 2273 899 2278 .
917 2249 1090 2290 acciperes
1107 2254 1123 2281 δ
1249 2262 1290 2282 22
1313 2262 1350 2283 se
1367 2262 1508 2282 accuses

179 2286 265 2317 RS:
291 2292 326 2316 tu
343 2297 482 2317 accusas
493 2293 537 2326 pr
696 2299 736 2327 23
762 2291 932 2330 appellare
946 2295 987 2333 p&
1116 2305 1156 2334 25
1185 2296 1227 2335 (et
1243 2296 1298 2336 28>
1319 2295 1508 2326 Heracleus

180 2331 272 2369 qu:
298 2329 443 2360 eraclius
460 2330 507 2361 S:
536 2330 716 2362 Heraclius
728 2334 770 2371 ρδ
788 2333 853 2364 edd.

1549 84 1608 116 109

1549 779 1605 800 110

1531 1715 1584 1752 43

1538 1776 1592 1797 ΙΙῐ
