1715 2734
218 99 266 127 22

225 403 268 436 60

211 731 261 767 23

218 1445 255 1477 61

287 105 328 138 59
655 89 710 126 M.
743 88 910 126 TVLLI
943 87 1250 127 CICERONIS

285 207 401 238 antea
435 200 501 250 qui
536 200 652 239 sociis
682 199 841 238 iniurias
876 188 1047 238 fecerant
1080 199 1254 238 accusari
1289 207 1326 238 et
1358 199 1614 239 condemnari

286 266 475 312 solebant,
499 265 553 304 ibi
575 279 660 304 esse
680 267 809 315 palam
831 266 958 315 posita
988 278 1033 303 ea
1059 278 1161 315 quae
1185 265 1236 303 ab
1257 265 1372 303 sociis
1400 278 1468 316 per
1488 266 1615 304 scelus

285 331 415 369 ablata
435 339 646 381 ereptaque
667 338 807 369 essent.

341 395 421 434 Hic
443 409 515 446 ego
546 409 625 433 non
647 395 811 433 arbitror
832 396 941 432 illum
972 402 1203 444 negaturum
1229 395 1339 444 signa
1367 408 1408 433 se
1435 393 1617 444 plurima,

284 460 437 498 tabulas
468 460 591 510 pictas
621 459 916 497 innumerabilis
946 459 1116 506 habere,
1149 461 1229 506 sed,
1262 467 1303 497 ut
1333 459 1483 508 opinor,
1517 460 1615 496 solet

284 526 381 564 haec
413 539 513 575 quae
548 525 674 574 rapuit
709 532 746 562 et
781 525 928 562 furatus
960 532 1017 562 est
1051 538 1130 562 non
1162 537 1380 573 numquam
1413 524 1543 561 dicere
1574 536 1615 561 se

284 591 436 637 emisse,
460 590 648 640 quoniam
681 590 842 640 quidem
874 590 913 627 in
942 589 1145 636 Achaiam,
1170 590 1316 636 Asiam,
1342 588 1613 638 Pamphyliam

283 664 442 706 sumptu
479 656 640 706 publico
675 663 711 693 et
744 655 949 705 legationis
981 654 1143 693 nomine
1182 662 1374 692 mercator
1413 653 1613 703 signorum

283 722 583 770 tabularumque
605 720 795 770 pictarum
819 719 960 757 missus
990 727 1058 757 est.
1120 721 1169 757 Et
1192 719 1300 757 istius
1323 727 1359 757 et
1390 719 1508 768 patris
1529 719 1613 757 eius

281 785 415 835 accepi
437 785 590 823 tabulas
612 785 752 831 omnis,
775 798 872 834 quas
897 783 1195 834 diligentissime
1216 783 1288 833 legi
1317 791 1435 833 atque
1456 783 1614 833 digessi,

281 850 411 900 patris,
434 851 566 900 quoad
587 849 690 897 vixit,
714 857 811 896 tuas,
838 850 971 899 quoad
999 848 1055 886 ais
1083 857 1120 887 te
1151 849 1378 887 confecisse.
1438 850 1543 886 Nam
1573 849 1612 886 in

281 917 367 962 isto,
408 915 568 962 iudices,
610 916 687 953 hoe
735 928 883 952 novum
923 914 1131 964 reperietis
1202 914 1400 952 Audimus
1439 913 1611 963 aliquem

281 981 434 1018 tabulas
455 993 672 1030 numquam
699 980 942 1026 confecisse;
971 993 1072 1029 quae
1093 987 1151 1017 est
1175 979 1310 1029 opinio
1332 979 1538 1016 hominum
1559 980 1610 1017 de

282 1045 457 1084 Antonio
478 1047 583 1092 falsa,
602 1058 693 1083 narn
715 1045 807 1083 fecit
827 1044 1149 1095 diligentissime3
1178 1058 1311 1082 verum
1334 1044 1471 1082 sithoc
1487 1057 1610 1094 genus

279 1111 452 1161 aliquod,
476 1111 638 1149 minime
658 1111 920 1161 probandum.
980 1109 1177 1148 Audimus
1193 1110 1312 1148 alium
1328 1123 1406 1147 non
1427 1110 1477 1147 ab
1500 1109 1611 1148 initio

280 1177 427 1222 fecisse,
452 1178 521 1215 sed
551 1189 597 1215 ex
618 1184 795 1225 tempore
815 1175 950 1225 aliquo
979 1175 1197 1214 confecisse
1212 1190 1221 1223 3
1251 1182 1309 1213 est
1338 1175 1468 1224 aliqua
1493 1174 1610 1212 etiam

278 1242 441 1280 huiusce
455 1242 508 1280 rei
525 1243 635 1280 ratio.
682 1245 774 1280 Hoc
789 1255 881 1280 vero
897 1256 1045 1280 novum
1058 1250 1097 1280 et
1112 1243 1320 1281 ridiculum
1339 1250 1410 1289 est,
1424 1243 1532 1292 quod
1546 1242 1609 1279 hic

279 1306 394 1344 nobis
416 1305 617 1356 respondit
639 1319 729 1343 cum
759 1305 810 1343 ab
838 1319 887 1343 eo
907 1305 1061 1343 tabulas
1082 1306 1380 1354 postularemus,
1406 1319 1530 1355 usque
1559 1307 1610 1345 ad

280 1373 336 1410 M.
360 1371 591 1409 Terentium
622 1378 660 1408 ct
696 1372 739 1410 C.
775 1370 958 1409 Cassium
994 1371 1176 1408 consules
1211 1370 1438 1416 confecisse,
1474 1379 1611 1420 postea

277 1437 484 1476 destitisse.
544 1436 633 1475 Alio
663 1438 752 1474 loco
784 1437 859 1474 hoc
889 1436 999 1474 cuius
1032 1436 1138 1474 modi
1171 1436 1217 1474 sit
1247 1436 1610 1485 considerabimus,

278 1517 384 1541 nunc
405 1502 501 1540 nihil
522 1504 572 1540 ad
594 1516 657 1540 me
677 1501 815 1539 attinet
834 1516 844 1548 3
873 1503 1013 1539 horum
1032 1501 1136 1539 enim
1159 1509 1381 1551 temporum
1404 1502 1443 1539 in
1465 1502 1609 1551 quibus

278 1582 383 1607 nunc
409 1581 539 1606 versor
560 1568 689 1605 habeo
710 1567 862 1604 tabulas
884 1575 921 1604 et
950 1575 1034 1604 tuas
1056 1575 1093 1604 et
1118 1567 1245 1616 patris.
1309 1567 1479 1605 Plurima
1500 1567 1609 1618 signa

278 1633 549 1684 pulcherrima,
573 1633 760 1683 plurimas
781 1632 934 1669 tabulas
956 1631 1124 1681 optimas
1153 1633 1381 1681 deportasse
1409 1640 1446 1670 te
1467 1646 1609 1682 negare

278 1713 357 1737 non
380 1706 503 1749 potes.
564 1700 696 1747 Atque
718 1697 866 1735 utinam
889 1700 1030 1746 neges!
1062 1699 1194 1735 Vnum
1218 1699 1383 1736 ostende
1405 1698 1443 1735 in
1465 1698 1608 1736 tabulis

277 1773 343 1803 aut
382 1764 457 1802 tuis
495 1771 561 1802 aut
600 1762 718 1813 patris
758 1762 812 1800 tui
852 1770 1028 1812 emptum
1069 1776 1177 1800 esse:
1217 1763 1353 1801 vicisti.
1414 1764 1477 1801 Ne
1511 1765 1608 1801 haec

277 1829 437 1880 quidem
473 1830 553 1866 duo
587 1828 696 1877 signa
728 1827 989 1877 pulcherrima
1021 1841 1121 1877 quae
1155 1841 1260 1866 nunc
1291 1829 1342 1866 ad
1375 1827 1606 1878 impluvium

277 1903 388 1933 tuum
411 1902 523 1941 stant,
547 1907 648 1944 quae
677 1895 819 1931 multos
849 1907 974 1931 annos
1005 1902 1095 1931 ante
1116 1896 1245 1932 valvas
1269 1894 1433 1932 lunonis
1454 1895 1608 1933 Samiae

323 2009 339 2037 7
365 1998 479 2029 Asiam
497 1997 552 2027 Db
570 2010 575 2028 :
604 2009 668 2028 0111.
687 2004 751 2037 pq:
780 2002 853 2028 aule
871 1999 1030 2029 Achaiam
1050 1998 1085 2028 K
1200 2009 1220 2036 9
1248 1998 1366 2029 Habeo
1385 2004 1417 2029 et
1437 1999 1534 2029 istius
1551 1998 1607 2039 Dp

276 2043 318 2073 al.
340 2043 476 2083 vgipsius)
495 2043 572 2075 Asc.
590 2055 596 2073 :
621 2044 662 2074 ab
680 2055 720 2074 eo
738 2044 834 2074 istius
848 2044 865 2073 b
882 2044 923 2074 al.
944 2055 951 2074 :
987 2054 1070 2074 num
1091 2043 1136 2074 At
1148 2054 1230 2074 vero
1249 2054 1274 2075 s.
1298 2043 1373 2083 Age
1390 2053 1471 2074 vero
1487 2043 1584 2073 istius
1599 2044 1610 2074 ἲ

279 2090 324 2121 CI.
347 2090 424 2121 Rev.
444 2091 520 2121 xvii.
539 2101 603 2120 202
707 2101 744 2121 10
767 2091 879 2130 accepi
900 2092 953 2121 Dr»
972 2091 1036 2121 rell.
1059 2102 1065 2121 z
1089 2091 1216 2129 accepti
1237 2089 1311 2120 Asc.
1332 2089 1479 2128 iaceepti
1498 2094 1532 2119 et
1550 2100 1606 2118 ex-

277 2134 373 2174 pensi
386 2134 436 2174 2):
461 2134 528 2164 secl.
547 2133 617 2164 edd.
732 2143 780 2170 12,
803 2143 840 2173 15
865 2134 1065 2164 Audivimus
1086 2134 1127 2173 (ἶΔΙῘ
1221 2143 1257 2171 13
1281 2142 1463 2171 numquam
1483 2133 1548 2162 tab.
1570 2143 1609 2172 qr

281 2188 318 2216 14
345 2178 494 2208 Antonio
510 2177 566 2216 Dp
583 2177 646 2207 rell.
662 2191 666 2208 z
694 2177 738 2209 M.
756 2177 907 2208 Antonio
924 2180 1000 2210 Asc.
1019 2178 1088 2209 edd.
1110 2178 1201 2211 (Div.
1220 2179 1234 2213 ξ
1251 2176 1309 2212 22)
1409 2175 1487 2205 fecit
1499 2181 1522 2215 p
1539 2176 1581 2206 al.
1599 2187 1607 2206 :

278 2221 332 2260 leg
344 2220 416 2259 DZ,
434 2221 518 2260 legis
533 2219 631 2258 ΒΗΚ,
652 2220 731 2258 legit
750 2233 762 2251 ς
871 2231 906 2261 17
932 2222 1070 2252 huiusce
1083 2221 1127 2261 pb
1143 2221 1220 2250 Asc.
1238 2221 1272 2259 ti.
1290 2223 1305 2257 ξ
1321 2222 1396 2258 56Ϊ<ε
1421 2221 1534 2250 eiusce
1549 2220 1611 2250 ΒΨ

282 2265 318 2293 18
342 2265 382 2294 ab
409 2275 475 2295 om.
507 2264 562 2304 Dp
706 2273 744 2301 19
769 2268 802 2293 et
834 2262 889 2303 Dp
923 2264 985 2294 rell.
1006 2275 1012 2293 ε
1047 2273 1112 2293 om.
1144 2264 1220 2293 Asc.
1254 2263 1301 2302 (v,
1335 2267 1350 2299 ᾗ
1374 2266 1430 2302 34]
1518 2271 1522 2274 ·
1564 2274 1606 2303 23

278 2307 423 2346 optimas
441 2307 517 2347 qu
535 2319 540 2337 z
564 2317 628 2338 om.
654 2306 748 2345 G2K6
839 2308 880 2335 26
905 2306 1099 2345 impluvium
1115 2306 1171 2345 qrb
1188 2306 1375 2346 (impluium
1390 2308 1429 2346 p)
1447 2319 1453 2337 ε
1479 2307 1605 2346 pluium

277 2361 303 2382 s.
330 2350 478 2390 pluvium
497 2350 560 2380 ΒΨ
652 2361 691 2389 27
716 2350 757 2380 ad
775 2349 888 2380 valvas
907 2351 923 2379 δ

1635 469 1652 500 5

1637 798 1674 820 10

1636 1123 1670 1155 Ι5

1631 1453 1671 1474 20
