1715 2734
167 59 192 96 8
215 75 253 107 19
579 61 636 98 M.
669 61 837 99 TVLLI
869 60 1178 101 CICERONIS

209 170 320 209 nicae
352 171 446 222 legis
479 179 629 210 mutare
661 173 898 210 noluerunt:
939 179 993 219 tu,
1033 173 1156 211 homo
1195 171 1347 210 minimi
1386 171 1537 219 consili,

208 236 352 274 nullius
381 237 634 283 auctoritatis,
668 237 817 275 iniussu
847 237 983 288 populi
1012 251 1057 276 ac
1090 245 1259 285 senatus,
1292 245 1374 275 tota
1405 237 1539 276 Sicilia

207 309 427 349 recusante,
459 315 550 340 cum
582 301 754 339 maximo
784 301 1022 340 detrimento
1051 310 1171 352 atque
1200 303 1302 340 adeo
1329 301 1447 340 exitio
1476 316 1538 341 ve-

149 379 188 400 20
207 365 406 416 ctigalium
437 374 559 405 totam
593 366 850 405 Hieronicam
886 368 1012 416 legem
1052 367 1272 406 sustulisti?
1327 370 1380 405 At
1415 381 1534 418 quarn

139 1164 173 1185 21

206 431 331 480 legem
352 431 517 481 corrigit,
539 430 698 478 iudices,
717 439 836 481 atque
855 433 958 470 adeo
979 440 1101 471 totam
1123 433 1223 471 tollit
1244 436 1250 470 ἓ
1294 432 1534 471 Acutissime

203 508 249 533 ac
271 495 568 546 diligentissime
589 496 784 545 scriptam,
809 509 911 545 quae
933 497 994 534 lex
1020 497 1206 535 omnibus
1231 496 1421 535 custodiis
1443 497 1533 535 sub-

203 560 349 599 iectum
379 569 571 600 aratorem
602 562 826 599 decumano
856 561 1027 608 tradidit,
1050 571 1092 601 ut
1123 577 1253 613 neque
1275 563 1314 600 in
1335 563 1532 613 segetibus

202 639 332 676 neque
362 626 401 664 in
430 626 528 665 areis
559 640 689 676 neque
715 626 753 664 in
776 626 923 665 horreis
945 641 1075 677 neque
1097 627 1135 665 in
1157 629 1382 666 amovendo
1403 641 1532 678 neque

201 691 240 729 in
279 692 524 741 exportando
563 693 762 730 frumento
810 705 932 742 grano
980 705 1061 730 uno
1111 700 1243 742 posset
1281 701 1409 731 arator
1448 693 1532 732 sine

201 756 370 794 maxima
399 770 528 806 poena
557 757 736 795 fraudare
759 758 1038 795 decumanum.
1100 757 1251 808 Scripta
1282 759 1342 796 lex
1367 757 1419 796 ita
1449 757 1532 796 dili-

198 828 334 870 genter
353 830 412 860 est
432 829 474 860 ut
495 835 585 860 eum
607 821 808 871 scripsisse
835 829 1021 872 appareat
1043 822 1110 872 qui
1130 822 1205 860 alia
1223 823 1429 872 vectigalia
1450 836 1530 862 non

199 886 372 933 haberet,
395 886 448 925 ita
467 895 582 925 acute
602 894 644 926 ut
667 887 853 933 Siculum,
878 887 931 925 ita
958 900 1091 926 severe
1115 895 1157 925 ut
1187 895 1395 937 tyrannum
1414 902 1424 935 ;
1452 901 1530 938 qua

198 952 283 1000 lege
304 951 444 990 Siculis
464 960 597 991 tamen
617 966 725 991 arare
747 951 947 1002 expediret
964 967 974 999 3
1004 965 1096 990 nam
1124 952 1178 990 ita
1206 952 1412 1002 diligenter
1439 966 1530 991 con-

198 1017 333 1055 stituta
353 1026 444 1056 sunt
464 1017 548 1056 iura
568 1018 792 1056 decumano
813 1025 854 1055 ut
878 1025 1011 1056 tamen
1031 1017 1083 1056 ab
1110 1016 1233 1056 invito
1261 1024 1413 1056 aratore
1440 1019 1527 1068 plus

198 1083 367 1120 decuma
388 1096 468 1120 non
489 1083 612 1133 possit
631 1082 781 1121 auferri.

253 1148 356 1186 Cum
388 1148 485 1185 haec
515 1155 645 1186 essent
677 1147 729 1185 ita
759 1146 983 1194 constituta,
1007 1149 1148 1186 Verres
1178 1154 1237 1186 tot
1265 1147 1379 1186 annis
1408 1155 1528 1198 atque

197 1213 300 1251 adeo
329 1212 495 1250 saeculis
531 1220 587 1251 tot
621 1212 803 1250 inventus
834 1220 891 1250 est
921 1211 988 1261 qui
1023 1213 1121 1250 haec
1152 1225 1233 1250 non
1267 1220 1526 1252 commutaret

198 1279 268 1316 sed
301 1285 501 1324 everteret,
533 1291 659 1328 eaque
695 1291 797 1327 quae
829 1277 905 1315 iam
939 1277 1006 1315 diu
1041 1278 1092 1315 ad
1127 1279 1293 1315 salutem
1328 1278 1524 1316 sociorum

196 1343 484 1393 utilitatemque
513 1343 567 1381 rei
597 1343 779 1393 publicae
806 1341 1027 1392 composita
1059 1350 1364 1392 comparataque
1393 1352 1524 1382 essent

1553 449 1570 480 5

1556 774 1592 795 10

1551 1097 1588 1128 15

193 1410 245 1447 ad
275 1422 366 1447 suos
397 1408 710 1458 improbissimos
742 1415 927 1458 quaestus
962 1415 1232 1455 converteret,
1261 1408 1327 1457 qui
1352 1408 1523 1457 primum
1546 1423 1585 1444 20

193 1482 320 1513 certos
350 1473 560 1512 instituerit
591 1473 752 1511 nomine
783 1474 1038 1519 decumanos,
1063 1486 1102 1510 re
1131 1486 1221 1511 vera
1251 1473 1448 1512 ministros
1477 1487 1523 1512 ac

193 1540 378 1579 satellites
408 1539 670 1590 cupiditatum
702 1552 870 1585 suarum,
896 1552 962 1588 per
992 1550 1093 1588 quos
1124 1539 1330 1576 ostendam
1361 1538 1416 1576 sic
1438 1551 1521 1589 pro-

192 1605 360 1644 vinciam
391 1618 460 1655 per
483 1604 695 1643 triennium
717 1612 894 1642 vexatam
924 1612 1043 1653 atque
1064 1611 1265 1650 vastatam,
1296 1603 1456 1644 iudices.
1481 1612 1522 1642 ut

192 1684 279 1709 eam
301 1670 432 1708 multis
453 1669 566 1708 annis
588 1671 801 1708 multorum
820 1667 1046 1707 innocentia
1062 1668 1332 1718 sapientiaque
1349 1682 1521 1708 recreare

193 1749 447 1785 nequeamus.
520 1736 668 1773 Eorum
707 1733 887 1772 omnium
927 1733 993 1783 qui
1033 1733 1244 1772 decumani
1277 1734 1519 1772 vocabantur
1542 1748 1579 1780 25

192 1802 372 1851 princeps
404 1807 485 1839 erat
520 1801 570 1848 Q.
606 1799 670 1838 ille
706 1798 916 1849 AproniuS,
951 1811 1070 1848 quem
1109 1797 1251 1837 videtis
1269 1813 1279 1845 3
1318 1799 1368 1837 de
1407 1798 1518 1837 cuius

191 1866 442 1916 improbitate
480 1864 663 1915 singulari
701 1863 1014 1914 gravissimarum
1054 1863 1295 1913 legationum
1327 1863 1519 1913 querimo-

191 1933 274 1970 nias
321 1930 535 1970 audivistis.
613 1929 801 1980 Aspicite,
851 1929 1011 1974 iudices‚
1062 1930 1212 1967 vultum
1262 1928 1433 1966 hominis
1481 1937 1519 1967 et

189 2005 404 2047 aspectum,
428 2004 466 2035 et
494 2010 540 2034 ex
564 2009 610 2034 ea
637 1994 887 2033 contumacia
916 2007 1036 2044 quarn
1060 1994 1124 2032 hic
1150 1993 1188 2031 in
1217 1993 1377 2044 perditis
1402 1993 1517 2032 rebus

232 2113 250 2140 4
276 2109 344 2132 tum
363 2107 464 2132 totam
485 2099 526 2130 0¹
548 2101 651 2139 :sort⁴
670 2105 705 2130 tu
725 2104 825 2130 totam
846 2102 962 2135 (totam
981 2104 1084 2129 totam
1103 2097 1173 2128 Μἶ
1187 2097 1231 2135 C)
1438 2100 1459 2129 6
1483 2104 1515 2129 et

189 2146 279 2184 dilig.
301 2146 330 2175 Ο
349 2149 381 2182 ’ξ
406 2146 477 2183 [43Ὗ
569 2144 625 2174 lex
641 2143 708 2173 cO:
733 2155 799 2173 om.
823 2143 888 2173 rrll.
995 2143 1015 2173 8
1040 2153 1149 2182 neque
1166 2146 1236 2182 post
1253 2142 1383 2172 horreis
1400 2152 1463 2172 om.
1487 2142 1517 2172 O

187 2200 208 2228 9
231 2189 444 2228 exportando
466 2188 528 2228 ch
544 2188 586 2218 al.
607 2198 613 2217 :
639 2187 844 2226 asportando
865 2186 894 2215 O
1073 2195 1109 2224 14
1135 2186 1319 2216 decumano
1340 2184 1434 2215 VcO:
1460 2185 1515 2217 de-

188 2233 316 2262 cumani
330 2238 354 2272 p
372 2232 436 2262 rell.
557 2240 593 2269 15
619 2235 733 2270 posset
753 2229 792 2259 Οι
911 2232 949 2260 16
974 2230 1017 2260 ita
1031 2234 1143 2260 essent
1165 2229 1196 2258 V
1306 2229 1343 2258 18
1367 2233 1515 2259 verteret

192 2276 224 2305 V
368 2286 406 2314 19
431 2274 676 2313 utilitatemque
698 2273 777 2304 VO:
803 2273 980 2304 utilitatem
996 2278 1018 2313 p
1035 2273 1078 2305 al.
1222 2282 1259 2301 21
1288 2271 1478 2302 institueret
1494 2283 1515 2301 π

189 2328 228 2357 25
254 2319 400 2349 omnium
419 2329 485 2349 om.
507 2318 539 2347 V
667 2317 708 2346 28
732 2316 907 2348 audivistis
927 2316 975 2348 O:
1001 2316 1142 2347 audistis
1155 2321 1179 2356 p
1196 2315 1287 2356 vulg.
