1715 2734
166 80 431 118 ACTIONIS
464 80 524 117 IN
556 79 599 117 C.
623 80 863 116 VERREM
895 78 1192 116 SECVNDAE
1225 79 1326 115 LIB.
1352 79 1417 115 III
1459 87 1483 124 3
1503 84 1522 114 6

164 190 389 229 varietatem
409 189 692 238 libidinemque
717 191 964 227 decretorum
987 190 1171 226 tuorum?
1201 188 1267 237 qui
1289 188 1484 226 sociorum

163 254 311 292 iniuriis
342 254 708 304 provinciarumque
736 253 999 291 incommodis
1034 254 1176 298 doleat,
1209 252 1239 290 is
1273 252 1312 289 in
1340 260 1377 290 te
1404 266 1484 290 non

162 319 397 368 expilatione
417 319 544 365 Asiae,
564 318 768 357 vexatione
784 317 1047 368 Pamphyliae,
1068 319 1247 366 squalore
1263 325 1300 355 et
1317 317 1484 355 lacrimis

162 383 315 422 Siciliae
339 384 585 422 concitetur?
615 383 682 433 qui
704 383 847 422 civium
872 385 1143 422 Romanorum
1166 382 1248 419 iura
1267 395 1312 419 ac
1334 382 1485 419 liberta-

123 455 240 494 5tem
272 456 446 486 sanctam
478 450 584 498 apud
623 448 750 486 onmis
789 447 924 486 haberi
957 447 1058 494 velit,
1099 447 1130 484 is
1169 460 1249 484 non
1288 446 1358 484 tibi
1397 448 1484 496 plus

160 512 278 550 etiam
311 527 429 563 quam
462 513 642 551 inimicus
670 527 755 552 esse
788 513 942 560 debeat,
975 526 1062 550 cum
1095 519 1160 550 tua
1190 512 1360 558 verbera,
1393 525 1482 549 cum

160 577 315 624 securis,
338 591 429 616 cum
453 591 587 616 cruces
618 579 668 616 ad,
699 578 841 616 civium
869 580 1139 616 Romanorum
1170 576 1362 626 supplicia
1389 578 1481 614 fixas

158 645 411 682 recordetur?
467 646 530 681 An
558 643 588 681 si
609 657 686 693 qua
706 643 746 680 in
767 657 806 682 re
833 651 968 681 contra
989 656 1068 680 rem
1090 656 1218 680 meam
1246 642 1481 680 decrevisset

158 708 306 757 aliquid
337 708 485 755 iniuria,
510 708 591 747 iure
620 709 655 746 ei
677 722 739 746 me
770 708 972 746 inimicum
995 721 1079 745 esse
1109 707 1358 745 arbitrarere:
1389 720 1478 744 cum

104 790 140 812 10
159 774 293 812 omnia
310 782 445 811 contra
466 773 644 811 omnium
670 774 864 812 bonorum
886 787 966 811 rem
989 786 1144 811 causam
1171 772 1360 809 rationem
1383 771 1481 809 utili-

157 845 277 875 tatem
312 840 633 887 voluntatemque
664 838 806 884 fecerit,
839 837 991 887 quaeris
1026 851 1094 875 cur
1127 836 1161 874 ei
1197 836 1268 873 sim
1300 836 1481 874 inimicus

155 902 217 940 cui
256 904 424 952 populus
466 905 670 941 Romanus
705 903 868 941 infestus
907 904 994 941 est?
1032 902 1098 951 qui
1133 901 1358 951 praesertim
1394 903 1480 951 plus

153 967 271 1004 etiam
315 981 433 1017 quam
475 981 562 1017 pars
601 967 718 1005 virilis
764 969 934 1017 postulat
983 980 1052 1016 pro
1100 968 1301 1004 voluntate
1344 966 1479 1016 populi

154 1032 326 1070 Romani
353 1032 481 1070 oneris
509 1046 555 1070 ac
583 1031 753 1070 muneris
783 1031 980 1081 suscipere
1008 1031 1187 1068 debeam.
1248 1030 1385 1078 Quid?
1416 1030 1480 1068 illa
1497 1037 1523 1074 4

98 1114 133 1145 15
154 1109 255 1145 quae
288 1096 432 1134 leviora
461 1097 643 1135 videntur
672 1110 757 1134 esse
792 1110 872 1134 non
904 1095 1073 1133 cuiusvis
1108 1094 1284 1133 animum
1314 1104 1479 1144 possunt

153 1173 320 1206 movere,
362 1162 470 1210 quod
508 1162 559 1198 ad
603 1169 710 1198 tuam
754 1160 874 1210 ipsius
923 1159 1135 1197 amicitiam
1180 1167 1478 1209 ceterorumque

152 1224 358 1263 hominum
403 1239 633 1275 magnorum
677 1233 795 1274 atque
834 1224 1027 1262 nobilium
1074 1224 1287 1262 faciliorem
1325 1224 1477 1262 aditum

152 1289 261 1327 istius
292 1291 410 1328 habet
435 1290 609 1340 nequitia
639 1298 676 1328 et
702 1289 867 1328 audacia
894 1303 1011 1339 quam
1041 1289 1272 1338 cuiusquam
1299 1296 1477 1327 nostrum

151 1354 270 1392 virtus
291 1364 328 1393 et
350 1355 577 1404 integritas?
617 1355 767 1394 Odistis
789 1354 995 1392 hominum
1018 1367 1210 1392 novorum
1231 1354 1474 1400 industriam,

94 1437 132 1458 20
150 1420 349 1470 despicitis
381 1434 516 1458 eorum
551 1420 822 1469 frugalitatem,
855 1421 1046 1469 pudorem
1078 1419 1340 1465 contemnitis,
1374 1419 1476 1468 inge-

150 1485 258 1522 nium
291 1499 382 1523 vero
420 1493 458 1523 et
492 1485 673 1523 virtutem
707 1486 932 1535 depressam
968 1484 1278 1534 exstinctamque
1310 1484 1474 1534 cupitis:

149 1551 311 1588 Verrem
338 1550 500 1588 amatis!
560 1551 620 1588 Ita
647 1551 789 1587 credo:
820 1549 851 1587 si
878 1562 958 1586 non
986 1549 1136 1595 virtute,
1164 1562 1244 1587 non
1272 1549 1474 1596 industria,
1494 1553 1512 1583 8

149 1628 230 1652 non
254 1615 490 1662 innocentia,
518 1628 599 1653 non
628 1616 790 1664 pudore,
815 1628 895 1652 non
925 1614 1122 1667 pudicitia,
1155 1622 1193 1651 at
1221 1628 1413 1660 sermone,
1435 1622 1474 1652 at

148 1679 293 1726 litteris,
324 1688 362 1717 at
392 1679 636 1718 humanitate
666 1679 748 1717 eius
778 1678 1042 1717 delectamini.
1104 1679 1213 1716 Nihil
1238 1692 1374 1717 eorum
1402 1687 1470 1725 est,

91 1762 128 1794 25
148 1752 363 1793 contraque
383 1752 472 1782 sunt
493 1744 626 1781 onmia
647 1758 737 1782 cum
768 1757 924 1781 summo
944 1744 1139 1781 dedecore
1159 1757 1204 1781 ac
1233 1743 1473 1793 turpitudine

148 1816 231 1847 tum
267 1809 450 1858 singulari
489 1808 651 1846 stultitia
687 1816 806 1858 atque
845 1808 1133 1846 inhumanitate
1171 1808 1303 1846 oblita.
1365 1809 1473 1847 Huic

148 1873 299 1911 homini
334 1874 365 1911 si
403 1873 513 1911 cuius
549 1874 691 1911 domus
721 1880 838 1922 patet,
876 1880 1005 1910 utrum
1036 1886 1081 1910 ea
1115 1880 1246 1922 patere
1283 1886 1334 1910 an
1366 1873 1472 1911 hiare

146 1951 193 1976 ac
224 1952 384 1988 poscere
415 1937 564 1987 aliquid
599 1937 779 1975 videtur?
838 1938 958 1975 Hunc
989 1936 1105 1975 vestri
1138 1937 1332 1983 ianitores,
1367 1939 1472 1975 hunc

147 2003 374 2041 cubicularii
395 2002 586 2052 diligunt3
617 2004 722 2040 hunc
749 2001 876 2040 liberti
898 2001 1024 2047 vestri,
1049 2003 1154 2039 hunc
1176 2001 1273 2039 servi
1293 2002 1472 2040 ancillae-

89 2084 129 2114 30
147 2081 225 2117 que
261 2075 419 2114 amantg
464 2067 528 2105 hic
561 2080 652 2105 cum
686 2066 792 2104 venit
826 2074 931 2105 extra
968 2065 1148 2104 ordinem
1187 2074 1372 2114 vocatur3
1408 2067 1472 2105 hic

1503 651 1518 684 ΚΪ

190 2183 208 2211 5
234 2172 347 2203 haberi
365 2172 447 2203 velit
464 2171 549 2202 HcO
567 2183 573 2201 z
597 2171 721 2201 habere
738 2171 806 2201 volt
823 2170 865 2200 vrk
1032 2171 1052 2200 8
1077 2171 1282 2201 decrevisset
1298 2170 1369 2201 ΗΟ
1384 2183 1390 2201 :
1415 2172 1469 2201 de-

147 2221 272 2246 cresset
286 2221 309 2256 p
327 2216 390 2248 rell,
506 2226 527 2254 9
551 2226 603 2245 me
624 2216 654 2245 ei
672 2216 687 2243 δ
776 2215 976 2244 arbitrarere
995 2213 1129 2246 Holom.
1149 2225 1154 2243 :
1180 2215 1362 2244 arbitrarer
1377 2214 1466 2245 codd.

150 2270 185 2289 12
211 2265 261 2290 est
277 2259 349 2289 ΗΟ
366 2271 371 2289 :
396 2259 476 2299 sitp
494 2258 558 2290 rell.
686 2268 723 2296 15
749 2258 853 2288 cuivis
873 2257 902 2287 O
1023 2268 1057 2296 17
1083 2259 1253 2288 hominum
1272 2268 1468 2296 magnorum

145 2299 231 2330 HcO
249 2315 254 2332 :
280 2303 428 2332 omnium
447 2303 607 2332 maiorum
620 2307 644 2341 p
664 2302 727 2331 rell.
866 2312 904 2340 19
929 2302 1122 2331 industriam
1141 2300 1246 2331 HcO:
1264 2311 1314 2331 -as
1329 2307 1351 2342 p
1370 2302 1431 2331 rell.
