1715 2734
154 94 421 132 ACTIONIS
453 94 513 130 IN
545 94 589 132 C.
613 93 855 130 VERREM
887 93 1187 131 SECVNDAE
1218 93 1320 130 LIB.
1346 93 1364 130 I
1408 102 1453 139 14

126 206 256 245 Carbo
288 204 412 254 attigit
446 217 575 253 neque
610 205 716 242 Sulla
747 204 843 243 vidit
876 217 1005 254 neque
1035 203 1075 242 in
1112 203 1303 242 aerarium
1335 205 1454 242 relata

123 278 223 309 sunt.
282 268 486 320 Oppidum
522 267 595 307 sibi
620 268 735 318 elegit
760 269 993 314 Ariminum,
1017 270 1126 318 quod
1155 276 1250 315 tum,
1269 282 1359 307 cum
1381 269 1452 307 iste

122 334 290 372 rationes
312 333 514 379 referebat,
531 345 762 382 oppressum
781 333 1058 383 direptumque
1086 341 1189 370 erat:
1219 346 1300 371 non
1331 333 1451 383 suspi-

121 399 289 444 cabatur,
320 397 360 435 id
395 398 503 446 quod
538 410 644 435 nunc
672 396 823 443 sentiet,
847 397 938 435 satis
960 399 1105 435 multos
1132 410 1178 435 ex
1205 397 1270 435 illa
1297 397 1451 435 calami-

49 512 51 515 ·
82 475 98 506 5
120 470 197 501 tate
230 461 540 500 Ariminensium
569 460 677 499 testis
704 461 819 500 nobis
849 461 888 498 in
915 462 1018 499 hanc
1045 475 1126 499 rem
1152 461 1321 511 reliquos
1351 475 1446 500 esse.

120 527 258 566 Recita
300 528 446 565 denuo.
505 528 546 564 P.
583 528 783 564 LENTVLO
827 527 869 563 L.
913 527 1100 564 TRIARIO
1140 537 1510 570 QVAESTORIBVS,-

118 604 294 630 VRBANIS
317 604 392 629 RES
415 603 636 629 RATIONVM
655 603 921 628 RELATARVM.
974 591 1123 628 Recita.
1175 592 1233 628 Ex
1260 593 1448 629 SENATVS

117 668 343 696 CONSVLTO.
402 658 455 694 Vt
476 657 553 695 hoc
574 664 693 706 pacto
718 656 908 694 rationem
933 657 1071 694 referre
1094 655 1236 702 liceret,
1260 669 1309 694 eo
1329 657 1449 694 Sulla—

116 736 189 760 nus
220 729 381 772 repente
412 722 536 760 factus
559 728 628 768 est,
652 735 732 759 non
762 728 804 759 ut
835 721 961 758 honos
992 728 1029 759 et
1057 720 1225 771 dignitas
1253 720 1445 759 nobilitati

59 803 98 825 10
116 787 392 826 restitueretur.

169 852 324 901 Quodsi
359 851 465 890 illinc
503 850 629 889 inanis
672 850 920 901 profugisses,
965 857 1097 889 tamen
1131 850 1204 888 ista
1248 858 1314 889 tua
1357 852 1447 901 fuga

113 917 258 956 nefaria
278 916 449 967 proditio
470 915 642 955 consulis
659 915 714 954 tui
728 917 994 954 conscelerata
1010 915 1255 954 iudicaretur.
1292 919 1300 934 ‘
1314 917 1445 954 Malus

112 982 216 1028 civis,
246 982 450 1032 improbus
485 983 634 1028 consul,
680 980 889 1020 seditiosus
924 982 1046 1019 homo
1078 982 1149 1020 Cn.
1188 981 1321 1020 Carbo
1350 981 1445 1019 fuit.'

113 1047 244 1085 Fuerit
281 1046 392 1085 aliis:
434 1046 504 1085 tibi
547 1047 708 1096 quando
738 1059 822 1084 esse
854 1045 1016 1096 coepit?
1074 1053 1332 1096 posteaquam
1372 1046 1443 1084 tibi

55 1129 91 1161 15
111 1113 332 1163 pecuniam,
365 1126 446 1150 rem
493 1111 797 1158 frumentariam,
835 1111 1003 1150 rationes
1047 1111 1176 1149 omnis
1217 1125 1306 1150 suas
1341 1125 1443 1150 exer-

110 1177 311 1228 citumque
336 1177 544 1216 commisit.
606 1179 710 1215 Nam
743 1176 774 1215 si
802 1176 871 1214 tibi
899 1184 1014 1214 antea
1039 1176 1313 1226 displicuisset,
1337 1176 1441 1215 idem

110 1242 266 1281 fecisses
287 1244 396 1293 quod
416 1227 522 1281 a'nno
542 1249 631 1291 post
653 1243 708 1279 M.
730 1241 830 1280 Piso.
892 1243 1089 1290 Quaestor
1101 1255 1191 1279 cum
1207 1243 1249 1279 L.
1267 1241 1441 1291 Scipioni

109 1308 261 1348 consuli
294 1307 509 1358 obtigisset,
542 1321 621 1346 non
646 1306 771 1357 attigit
804 1307 1024 1357 pecuniam,
1043 1319 1123 1345 non
1155 1308 1206 1345 ad
1227 1307 1440 1346 exercitum

108 1375 304 1424 profectus
339 1381 425 1420 est3
455 1373 563 1423 quod
588 1374 638 1411 de
665 1386 704 1411 re
732 1372 890 1422 publica
913 1372 1044 1418 sensit,
1075 1372 1127 1410 ita
1147 1372 1267 1410 sensit
1295 1380 1337 1410 ut
1366 1387 1439 1411 nec

51 1455 91 1478 20
109 1440 227 1478 fidem
249 1452 359 1477 suam
381 1424 455 1476 nec
477 1451 625 1476 morem
658 1437 850 1475 maiorum
876 1451 948 1476 nec
970 1437 1303 1476 necessitudinem
1325 1437 1438 1476 sortis

107 1503 287 1542 laederet.
335 1503 493 1541 Etenim
528 1503 559 1540 si
587 1503 683 1540 haec
716 1502 940 1552 perturbare
971 1502 1106 1540 omnia
1130 1516 1176 1541 ac
1203 1502 1437 1552 permiscere

106 1569 297 1614 volumus,
321 1575 444 1606 totam
465 1567 584 1606 vitam
606 1567 877 1618 periculosam,
910 1567 1155 1615 invidiosam,
1174 1567 1437 1618 infestamque

105 1632 417 1679 reddemus,—si
459 1633 607 1670 nullam
652 1632 880 1682 religionem
930 1646 1011 1670 sors
1070 1632 1243 1679 habebit,
1287 1634 1435 1671 nullam

105 1698 332 1737 societatem
354 1697 581 1737 coniunctio
606 1699 804 1736 secundae
830 1697 1054 1747 dubiaeque
1076 1699 1265 1745 fortunae,
1286 1699 1434 1736 nullam

48 1778 83 1810 25
103 1763 375 1801 auctoritatem
405 1776 533 1801 mores
553 1769 672 1812 atque
693 1762 869 1800 instituta
891 1762 1093 1801 maiorum.
1154 1763 1345 1801 Omnium
1376 1771 1433 1801 est

103 1827 324 1866 communis
346 1827 527 1865 inimicus
551 1826 619 1877 qui
639 1826 711 1864 fuit
732 1827 855 1866 hostis
878 1841 1047 1866 suorum.
1092 1829 1222 1866 Nemo
1243 1842 1431 1878 umquam

102 1892 256 1942 sapiens
286 1891 475 1942 proditori
510 1892 752 1930 credendum
787 1892 947 1942 putavit.
1001 1894 1092 1942 Ipse
1126 1894 1242 1939 Sulla,
1275 1893 1338 1931 cui
1367 1894 1432 1932 ad-

101 1966 238 1996 ventus
260 1957 369 1996 istius
389 1957 628 2008 gratissimus
659 1970 744 1995 esse
765 1957 912 2005 debuit,
944 1958 995 1996 ab
1023 1972 1064 1997 se
1088 1957 1291 1996 hominem
1312 1966 1431 2009 atque

100 2023 149 2061 ab
184 2022 353 2061 exercitu
385 2036 456 2061 suo
491 2021 678 2060 removit:
718 2022 933 2061 Beneventi
966 2037 1051 2062 esse
1083 2023 1193 2062 iussit
1225 2025 1332 2074 apud
1362 2038 1429 2063 eos

143 2136 163 2165 3
188 2126 422 2165 direptumque
439 2125 473 2155 D
486 2125 528 2157 al.
542 2125 560 2155 b
578 2137 583 2155 :
609 2125 842 2166 directumque
851 2131 914 2167 pr:
938 2127 1152 2166 dirutumque
1167 2127 1203 2157 K
1218 2126 1277 2168 Lg.
1293 2138 1334 2166 42
1408 2131 1429 2159 6

101 2168 140 2199 G.
161 2169 267 2200 Triar.
286 2169 393 2209 DZp:
417 2169 585 2208 Q.Tria1·.
609 2168 701 2207 G12K
812 2181 828 2209 7
854 2171 1134 2201 restaurationum
1154 2171 1246 2202 relat.
1267 2183 1287 2200 π
1390 2182 1428 2201 12

100 2212 260 2243 scelerata
278 2212 325 2242 Ζδ
427 2223 465 2250 14
489 2213 549 2242 tibi
566 2213 701 2252 quando
713 2212 757 2252 pb
773 2224 779 2243 x
803 2214 861 2243 tibi
881 2215 999 2244 iterum
1016 2214 1120 2254 suppl.
1138 2223 1165 2244 S.
1180 2214 1197 2245 l.
1211 2214 1264 2246 D:
1290 2215 1348 2246 tibi
1367 2215 1425 2245 tibi

100 2256 233 2292 quando
258 2255 345 2286 KZ:
379 2256 516 2295 quando
543 2256 600 2286 tibi
629 2266 668 2295 qr
809 2266 845 2295 17
872 2257 1015 2295 legisses
1040 2255 1106 2285 ΒΨ
1130 2256 1187 2298 (cf,
1213 2260 1228 2294 ξ
1254 2260 1297 2289 60
1321 2259 1422 2297 infra)

101 2297 166 2335 Qui
193 2304 351 2338 quaestor
380 2300 477 2330 malit
502 2299 613 2329 Muell.
743 2310 784 2329 22
809 2300 1008 2330 invidiosam
1037 2299 1091 2340 Dp
1117 2301 1204 2330 rell.:
1229 2301 1425 2332 insidiosam

101 2339 218 2372 Lamb.
238 2342 306 2372 edd.
440 2352 481 2381 25
508 2343 728 2380 institutaque
746 2353 766 2382 q

1474 98 1513 138 36

1458 1489 1501 1526 15
