1715 2734
129 99 397 138 ACTIONIS
419 100 480 137 IN
502 99 545 138 C.
568 100 810 137 VERREM
833 99 1133 138 SECVNDAE
1154 100 1257 137 LIB.
1283 100 1348 137 III
1402 98 1453 135 88

128 209 292 260 graviter
317 217 355 248 et
389 209 548 260 copiose
568 209 712 248 dixisse
738 223 784 247 ac
804 211 1029 259 deplorasse
1050 208 1215 253 dicitur;
1245 222 1290 246 ex
1311 207 1455 258 quibus

129 277 205 313 hoc
228 274 273 313 iis
298 274 364 324 qui
388 276 712 322 aderant,-nam
737 288 880 324 magno
906 281 1103 312 conventu
1127 281 1214 311 acta
1243 287 1303 311 res
1330 280 1456 320 est,—

129 339 444 389 indignissimum
482 339 698 386 videbatur,
735 353 814 390 qua
861 339 899 377 in
948 352 988 377 re
1027 345 1184 377 senatus
1223 337 1373 388 optime
1410 352 1456 376 ac

130 404 407 454 benignissime
446 418 536 442 cum
575 404 791 442 aratoribus
831 403 981 454 egisset,
1018 405 1122 453 large
1168 402 1457 452 liberaliterque

90 484 107 514 5
129 469 382 516 aestimasset,
406 469 445 507 in
475 483 522 508 ea
551 483 589 508 re
620 469 797 519 praedari
827 477 1058 519 praetorem,
1082 468 1197 506 bonis
1227 468 1346 506 everti
1375 482 1455 506 ara-

129 541 242 581 tores,
274 542 312 573 et
342 534 382 573 id
412 548 493 572 non
524 536 645 573 modo
675 534 756 573 fieri
787 536 857 573 sed
887 534 940 572 ita
969 533 1051 572 fieri
1081 533 1192 583 quasi
1222 532 1335 571 liceat
1366 547 1456 572 con-

129 613 362 649 cessumque
392 599 450 637 sit.

184 664 292 712 Quid
323 665 374 702 ad
403 665 501 703 haec
534 664 801 703 Hortensius?
842 666 981 702 falsum
1013 677 1097 702 esse
1127 662 1305 701 crimen?
1363 664 1457 701 Hoc

129 742 346 778 numquam
393 730 508 767 dicet.
579 731 672 767 Non
717 743 898 779 magnam
946 730 1020 767 hac
1058 728 1208 766 ratione
1246 727 1455 777 pecuniam

72 809 110 831 10
130 796 315 843 captam?
389 795 451 833 Ne
493 794 533 832 id
573 794 733 844 quidem
773 795 888 833 dicet.
949 796 1041 832 Non
1086 793 1264 831 iniuriam
1314 795 1457 832 factam

130 857 269 896 Siculis
307 866 425 908 atque
457 859 703 897 aratoribus?
760 859 839 907 Qui
871 859 1012 909 poterit
1040 858 1198 897 dicere?
1256 858 1364 907 Quid
1394 858 1459 908 igi-

130 931 191 961 tur
219 922 353 961 dicet?
411 923 566 961 Fecisse
595 923 703 961 alios.
764 923 873 972 Quid
904 931 961 960 est
991 924 1096 961 hoc?
1144 930 1274 960 utrum
1305 922 1458 961 crimini

129 988 308 1027 defensio
345 1001 396 1026 an
432 988 641 1026 comitatus
673 988 809 1027 exsilio
841 988 1069 1038 quaeritur?
1124 989 1187 1025 Tu
1227 987 1265 1025 in
1304 989 1379 1026 hac
1418 1002 1457 1027 re

129 1052 287 1103 publica
310 1060 429 1102 atque
452 1052 492 1090 in
517 1054 590 1090 hac
618 1052 824 1091 hominum
850 1052 1014 1091 libidine
1035 1060 1083 1099 et,
1107 1060 1149 1090 ut
1170 1053 1300 1091 adhuc
1322 1053 1459 1091 habuit

73 1131 109 1164 15
130 1132 170 1156 se
199 1125 321 1156 status
352 1118 597 1165 iudiciorum,
631 1118 749 1157 etiam
780 1118 946 1166 licentia,
979 1132 1059 1156 non
1090 1132 1136 1156 ex
1166 1117 1259 1164 iure,
1292 1132 1372 1156 non
1412 1133 1459 1157 ex

129 1183 340 1233 aequitate,
360 1197 440 1221 non
464 1197 510 1221 ex
538 1185 633 1233 lege,
657 1197 736 1222 non
766 1198 813 1222 ex
839 1197 887 1222 eo
911 1185 1017 1233 quod
1045 1183 1269 1233 oportuerit,
1300 1197 1381 1222 non
1412 1198 1459 1222 ex

130 1262 178 1286 eo
208 1249 316 1297 quod
355 1247 516 1294 licuerit,
549 1249 619 1287 sed
649 1262 696 1286 ex
725 1261 772 1287 eo
805 1249 914 1298 quod
949 1248 1070 1297 aliqui
1100 1248 1244 1295 fecerit,
1278 1249 1317 1286 id
1349 1250 1458 1298 quod

130 1312 425 1363 reprehenditur
458 1320 562 1351 recte
600 1314 747 1351 factum
778 1327 862 1351 esse
892 1314 1114 1351 defendes?
1171 1315 1365 1351 Fecerunt
1394 1313 1459 1351 alii

130 1377 291 1428 quidem
311 1377 483 1427 aliquam
506 1379 653 1426 multa,
682 1392 750 1416 cur
770 1378 810 1416 in
831 1380 907 1416 hoc
928 1392 1009 1416 uno
1030 1377 1192 1416 crimine
1214 1378 1288 1416 isto
1317 1392 1459 1428 genere

72 1455 111 1477 20
130 1443 370 1482 defensionis
392 1442 543 1481 uteris?
598 1445 697 1481 Sunt
718 1445 912 1493 quaedam
934 1443 1098 1481 omnino
1119 1443 1158 1481 in
1180 1451 1217 1482 te
1238 1443 1455 1494 singularia,

130 1521 231 1557 quae
246 1507 284 1545 in
307 1509 458 1545 nullum
479 1507 681 1546 hominem
698 1508 818 1546 alium
833 1508 910 1547 dici
925 1522 1054 1558 neque
1070 1507 1280 1547 convenire
1293 1508 1455 1558 possint,

130 1574 325 1623 quaedam
364 1572 435 1611 tibi
471 1587 561 1611 cum
598 1573 730 1611 multis
760 1573 998 1612 communia.
1059 1575 1174 1623 Ergo,
1206 1581 1248 1611 ut
1278 1573 1457 1612 omittam

130 1645 218 1676 tuos
248 1639 466 1687 peculatus,
495 1646 536 1676 ut
566 1638 618 1676 ob
648 1638 707 1676 ius
737 1638 951 1677 dicendum
982 1638 1170 1688 pecunias
1198 1645 1394 1688 acceptaS,
1416 1645 1458 1676 ut

131 1701 213 1740 eius
244 1702 351 1740 modi
382 1710 510 1741 cetera
539 1716 640 1752 quae
670 1702 829 1741 forsitan
859 1703 922 1741 alii
953 1717 1111 1753 quoque
1138 1702 1255 1741 etiam
1282 1702 1455 1750 fecerint,

73 1778 111 1810 25
133 1767 228 1806 illud
258 1767 297 1805 in
327 1781 407 1817 quo
437 1776 474 1806 te
505 1768 730 1818 gravissime
760 1768 951 1815 accusavi,
984 1769 1093 1818 quod
1122 1769 1175 1806 ob
1204 1767 1457 1807 iudicandam

130 1846 212 1871 rem
251 1832 457 1882 pecuniam
498 1833 726 1884 accepisses,
768 1835 907 1872 eadem
947 1833 1019 1872 ista
1057 1833 1206 1872 ratione
1253 1835 1455 1881 defendes,

130 1897 269 1936 fecisse
306 1898 433 1937 alios?
506 1900 559 1936 Vt
602 1912 675 1948 ego
721 1899 919 1937 adsentiar
967 1898 1143 1945 orationi,
1185 1898 1456 1937 defensionem

131 1969 263 2001 tamen
302 1977 382 2001 non
421 1963 609 2013 probabo.
688 1963 823 2002 Potius
863 1964 968 2002 enim
1008 1971 1046 2002 te
1084 1965 1273 2002 damnato
1320 1963 1457 2002 ceteris

179 2077 217 2097 12
242 2066 320 2098 dicit
337 2073 378 2107 pq
467 2067 613 2108 crimini]
633 2067 684 2098 his
702 2068 827 2098 crimen
848 2067 878 2098 O
1014 2077 1051 2106 14
1076 2078 1112 2098 se
1130 2067 1245 2097 habuit
1261 2078 1281 2106 q
1420 2076 1457 2105 15

130 2110 202 2141 iure
221 2121 289 2141 non
307 2121 350 2141 ex
367 2121 438 2150 aeq.
462 2121 528 2141 non
547 2122 589 2141 ex
606 2122 672 2141 om.
693 2111 724 2142 O
858 2112 897 2141 16
920 2121 989 2141 non
1018 2122 1061 2140 ex
1088 2122 1130 2141 eo
1157 2111 1247 2149 quod
1272 2111 1458 2149 oportuerit

132 2154 201 2185 cO:
233 2164 298 2184 om.
318 2158 342 2192 p
360 2154 425 2184 rell.
563 2155 600 2183 18
625 2153 681 2183 alii
704 2152 837 2192 quidem
862 2152 910 2183 O:
941 2152 997 2183 alii
1019 2152 1098 2191 quid
1120 2151 1183 2182 Vc:
1217 2152 1318 2192 aliqui
1341 2158 1367 2193 p
1392 2154 1455 2183 rell.

135 2207 174 2235 19
196 2198 342 2236 aliquam
368 2195 499 2236 scripsi:
524 2195 589 2225 alia
614 2205 714 2234 quam
742 2195 832 2227 codd.
863 2196 921 2235 (iv,
955 2199 969 2233 ᾗ
997 2198 1065 2235 56).
1169 2196 1257 2228 Fort.
1290 2197 1457 2228 Fecerunt

132 2241 234 2279 aliqui
250 2239 432 2279 aliquando
449 2238 564 2276 multa,
580 2237 601 2273 i,
624 2240 638 2274 ξ
656 2247 716 2276 44;
741 2238 775 2277 ii,
796 2240 811 2275 5
831 2239 890 2277 78;
916 2238 999 2269 Sesl.
1018 2242 1032 2276 ξ
1055 2249 1111 2277 14;
1149 2240 1277 2272 Cluent.
1299 2244 1313 2279 ξ
1337 2252 1378 2281 92

1477 113 1538 145 204

1480 678 1540 709 205

1481 1318 1540 1350 206
