1715 2734
157 116 293 161 48107
595 113 653 150 M.
686 111 855 148 TVLLI
886 109 1194 149 CICERONIS

229 224 321 263 dico
340 230 449 274 gesta
468 235 553 261 esse
574 226 853 266 memorantur,
876 226 934 257 est
954 220 1043 257 loco
1064 219 1288 268 perexcelso
1308 224 1426 268 atque
1439 217 1560 267 edito,

229 302 309 339 quo
330 290 369 326 in
390 300 546 326 summo
568 293 626 325 est
646 292 815 335 aequata
842 284 922 334 agri
948 283 1128 334 planities
1150 291 1188 322 et
1208 297 1334 334 aquae
1354 297 1559 334 perennes,

230 362 313 392 tota
327 367 418 392 vero
438 352 489 390 ab
509 351 619 390 omni
639 351 749 388 aditu
771 348 1002 387 circumcisa
1018 356 1137 398 atque
1158 348 1306 387 directa
1326 356 1383 386 est
1402 364 1411 396 3
1441 362 1558 399 quam

230 420 333 458 circa
351 420 458 456 lacus
479 416 637 466 lucique
658 423 749 453 sunt
770 414 926 465 plurimi
948 422 1066 464 atque
1087 413 1286 452 laetissimi
1309 415 1422 452 flores
1449 413 1558 452 omni

231 491 407 534 ternpore
427 482 531 527 anni,
554 483 665 519 locus
687 487 728 518 ut
750 480 832 529 ipse
853 486 1007 529 raptum
1028 478 1138 516 illum
1159 478 1463 528 virginis,quem
1479 478 1556 517 iam
1577 491 1593 523 5

229 562 253 587 a
281 547 412 598 pueris
439 546 677 595 accepimuS‚
701 545 898 582 declarare
923 542 1109 581 videatur.
1173 543 1330 582 Etenim
1360 557 1481 594 prope
1501 550 1559 582 est

231 614 419 662 spelunca
438 610 635 660 quaedam
652 621 841 647 conversa
861 609 911 646 ad
928 609 1154 658 aquilonem
1172 607 1326 646 infinita
1340 607 1557 656 altitudine,

230 690 309 727 qua
350 675 484 713 Ditem
523 681 673 724 patrem
719 674 848 712 ferunt
887 680 1047 722 repente
1087 686 1178 710 cum
1218 685 1331 710 curru
1370 673 1561 712 exstitisse

229 743 514 791 abreptamque
535 754 581 778 ex
602 753 650 777 eo
671 740 760 776 loco
781 737 970 788 virginem
991 751 1125 777 secum
1140 745 1360 788 asportasse
1376 746 1414 778 et
1431 739 1561 780 subito

230 821 310 845 non
332 808 448 857 longe
468 819 491 843 a
511 804 709 855 Syracusis
731 811 955 854 penetrasse
976 804 1049 842 sub
1070 811 1200 850 terraS,
1224 805 1434 854 lacumque
1455 804 1493 842 in
1514 819 1561 844 eo
1584 822 1618 844 ιο

230 874 319 911 loco
340 878 501 921 repente
522 869 725 916 exstitisse,
749 869 817 908 ubi
839 882 965 919 usque
986 870 1037 908 ad
1058 870 1134 907 hoc
1156 877 1311 919 tempus
1332 870 1560 919 Syracusani

231 940 349 976 festos
371 937 454 975 dies
483 934 769 973 anniversarios
799 941 919 984 agunt
949 934 1206 973 celeberrimo
1227 934 1398 973 virorum
1431 936 1562 974 mulie-

152 1013 210 1051 49
230 1017 396 1053 rumque
436 1008 644 1040 conventu.
718 1002 881 1050 Propter
921 999 1036 1038 huius
1075 999 1274 1050 opinionis
1314 1007 1562 1048 vetustatem,

231 1070 339 1119 quod
370 1070 510 1106 horum
541 1066 580 1104 in
613 1065 673 1104 his
700 1065 796 1104 locis
827 1065 988 1114 vestigia
1013 1079 1059 1104 ac
1085 1079 1207 1116 prope
1239 1065 1480 1104 incunabula
1509 1080 1562 1105 re-

231 1134 432 1185 periuntur
462 1134 637 1178 deorum,
676 1132 772 1169 mira
805 1132 1001 1181 quaedam
1035 1139 1117 1169 tota
1147 1130 1277 1169 Sicilia
1311 1130 1489 1181 privatim
1515 1145 1561 1170 ac
1584 1150 1618 1181 ¹5

232 1199 389 1251 publice
410 1197 544 1247 religio
564 1204 622 1235 est
644 1197 797 1236 Cereris
820 1196 1059 1235 Hennensis.
1122 1196 1280 1235 Etenim
1302 1198 1425 1235 multa
1446 1211 1562 1248 saepe

231 1264 409 1315 prodigia
443 1263 521 1301 vim
557 1262 640 1301 eius
672 1276 902 1313 numenque
937 1263 1168 1309 declarant;
1197 1263 1329 1300 multis
1368 1276 1485 1313 saepe
1523 1252 1562 1301 in

231 1329 469 1370 difficillimis
504 1328 620 1367 rebus
655 1342 839 1379 praesens
871 1328 1058 1366 auxilium
1091 1329 1174 1366 eius
1208 1328 1386 1366 oblatum
1417 1336 1485 1375 est,
1520 1335 1562 1367 ut

232 1397 330 1433 haec
359 1394 486 1432 insula
514 1394 565 1431 ab
596 1406 642 1431 ea
671 1406 752 1450 non
783 1394 910 1431 solum
939 1392 1045 1443 diligi
1070 1393 1138 1431 sed
1160 1393 1277 1431 etiam
1299 1392 1416 1432 incoli
1437 1400 1563 1432 custo-

152 1467 212 1498 108
232 1461 385 1511 dirique
414 1461 600 1498 videatur.
662 1460 748 1496 Nec
777 1459 904 1497 solum
936 1457 1067 1505 Siculi,
1099 1472 1233 1496 verum
1264 1460 1381 1497 etiarn
1411 1466 1562 1498 ceterae
1582 1474 1620 1496 20

231 1533 367 1576 gentes
401 1525 660 1573 nationesque
696 1525 957 1561 Hennensem
990 1524 1173 1563 Cererem
1209 1524 1377 1562 maxime
1415 1525 1559 1562 colunt.

234 1589 390 1629 Etenim
413 1589 443 1627 si
465 1587 768 1626 Atheniensium
791 1601 899 1626 sacra
915 1601 1069 1626 summa
1085 1587 1301 1637 cupiditate
1318 1595 1561 1639 expetuntur,

232 1657 282 1694 ad
313 1668 412 1705 quos
440 1655 559 1694 Ceres
590 1655 627 1691 in
659 1653 726 1691 illo
756 1667 882 1692 errore
904 1654 1056 1692 venisse
1077 1653 1219 1692 dicitur
1241 1655 1447 1704 frugesque
1467 1661 1563 1692 attu-

234 1722 334 1767 lisse,
357 1727 545 1770 quantam
576 1732 661 1757 esse
690 1717 917 1768 religionem
950 1718 1135 1757 convenit
1163 1732 1299 1757 eorum
1329 1720 1435 1769 apud
1464 1731 1562 1769 quos

234 1800 320 1825 eam
342 1792 474 1823 natam
499 1797 584 1822 esse
609 1790 646 1822 et
673 1784 801 1833 fruges
830 1783 1025 1821 invenisse
1055 1785 1239 1822 constat?
1297 1785 1437 1834 Itaque
1457 1783 1562 1834 apud
1583 1798 1618 1830 ²5

234 1860 361 1902 patres
391 1858 545 1889 nostros
574 1850 695 1887 atroci
726 1862 771 1887 ac
801 1848 949 1887 difficili
978 1849 1031 1888 rei
1053 1849 1234 1900 publicae
1262 1856 1450 1899 tempore,
1473 1861 1561 1888 cum

234 1915 396 1955 Tiberio
426 1915 607 1953 Graccho
637 1912 770 1951 occiso
802 1927 1032 1965 magnorum
1069 1915 1330 1964 periculorum
1368 1921 1494 1953 metus
1517 1927 1563 1952 ex

235 1981 398 2019 ostentis
428 1979 736 2029 portenderetur,
770 1981 811 2018 P.
845 1979 983 2018 Mucio
1017 1980 1062 2017 L.
1092 1978 1306 2028 Calpurnio
1336 1979 1562 2017 consulibus

235 2046 385 2085 aditum
417 2052 474 2083 est
507 2044 559 2083 ad
593 2044 713 2083 libros
745 2045 956 2095 Sibyllinos
981 2059 990 2092 3
1019 2059 1065 2083 ex
1095 2044 1238 2094 quibus
1269 2043 1471 2083 inventum
1506 2050 1563 2083 est

236 2113 420 2151 Cererem
445 2109 757 2159 antiquissimam
786 2111 927 2160 placari
950 2118 1139 2160 oportere.
1200 2111 1304 2147 Turn
1335 2123 1381 2147 ex
1410 2110 1562 2159 amplis·
1581 2121 1618 2153 30

236 2176 337 2215 simo
368 2174 534 2225 collegio
565 2174 816 2213 decemvirali
847 2177 1069 2214 sacerdotes
1098 2174 1234 2225 populi
1266 2174 1447 2222 Romani,
1471 2187 1560 2213 curn

280 2293 300 2322 3
324 2282 448 2314 directa
468 2282 532 2313 RS
547 2293 566 2312 π
584 2293 590 2312 :
624 2281 755 2318 direpta
774 2282 812 2310 δε
849 2281 986 2311 derecta
1009 2279 1132 2318 MuelL,
1153 2278 1242 2309 Nohl
1386 2290 1421 2317 14
1448 2279 1563 2310 horum

239 2326 272 2356 in
290 2327 342 2357 his
360 2326 423 2358 RS
438 2337 444 2356 :
470 2326 542 2357 lior.
564 2325 594 2356 in
613 2325 652 2355 iis
671 2324 777 2354 Halm
795 2336 799 2354 z
826 2334 940 2354 eorum
956 2325 988 2354 in
1006 2323 1058 2354 his
1074 2324 1090 2352 δ
1210 2333 1245 2361 17
1272 2323 1443 2353 declarant
1459 2321 1560 2360 codd„

239 2369 414 2401 Zielinski:
442 2369 652 2400 declararunt
669 2367 830 2407 Bcncdisl,
850 2367 920 2399 cdd.
1056 2377 1094 2406 27
1123 2366 1260 2397 Tiberio
1278 2366 1362 2406 RSp
1379 2378 1384 2396 :
1410 2366 1457 2397 Ti.
1475 2364 1544 2396 cdd.
