1715 2734
223 99 241 127 1
260 105 278 136 3
626 91 682 127 M.
713 90 882 127 TVLLI
914 87 1221 128 CICERONIS

259 207 415 250 propter
444 201 546 238 hanc
576 198 757 237 eximiam
788 198 970 236 virtutem
1000 198 1039 236 in
1069 211 1109 236 re
1139 196 1293 236 militari
1323 197 1457 236 omnia
1487 210 1589 248 quae

258 264 348 303 fecit
369 264 530 314 impune
549 263 692 302 fecerit.
751 263 870 302 Venit
888 263 992 302 enim
1010 262 1105 301 mihi
1126 263 1165 300 in
1187 270 1360 301 mentem
1381 262 1421 300 in
1442 262 1589 302 iudicio

259 332 325 368 M’.
350 329 484 380 Aquili
515 337 707 379 quantum
737 328 990 375 auctoritatis,
1017 335 1210 378 quantum
1242 327 1434 366 momenti
1464 327 1589 366 oratio

259 396 316 433 M.
338 394 489 433 Antoni
510 393 695 432 habuisse
723 393 943 432 existimata
967 393 1042 441 sit3
1072 394 1150 443 qui,
1175 401 1215 430 ut
1241 400 1321 431 erat
1346 393 1386 430 in
1416 393 1588 432 dicendo

257 474 337 498 non
367 462 494 498 solum
525 459 681 509 sapiens
711 460 781 497 sed
811 460 929 497 etiam
960 459 1079 506 fortis,
1110 472 1227 497 causa
1257 471 1380 508 prope
1411 466 1588 508 perorata
1609 473 1626 504 5

257 526 340 576 ipse
386 525 545 576 arripuit
594 526 660 562 M’.
701 524 907 575 Aquilium
955 524 1238 573 constituitque
1284 525 1323 561 in
1371 532 1587 574 conspectu

255 590 433 629 omnium
465 590 720 640 tunicamque
750 589 834 628 eius
859 603 882 628 a
912 597 1072 640 pectore
1102 589 1282 635 abscidit,
1320 596 1362 627 ut
1389 589 1588 627 cicatrices

255 658 426 706 populus
461 657 669 694 Romanus
704 655 935 705 iudicesque
969 654 1189 704 aspicerent
1223 655 1389 693 adverso
1424 667 1588 704 corpore

255 729 465 772 exceptas;
497 722 613 759 simul
644 728 682 760 et
711 722 761 759 de
791 721 859 760 illo
886 722 1048 759 vulnere
1077 722 1186 770 quod
1216 720 1280 758 ille
1310 720 1350 758 in
1379 720 1507 770 capite
1536 721 1587 759 ab

254 786 426 825 hostium
449 787 551 825 duce
575 794 780 836 acceperat
811 787 934 824 multa
961 785 1068 832 dixit,
1092 799 1220 836 eoque
1246 785 1410 824 adduxit
1431 799 1498 824 eos
1519 787 1587 836 qui
1610 800 1646 822 10

254 859 362 890 erant
391 851 599 890 iudicaturi
629 853 884 890 vehementer
912 858 956 889 ut
984 859 1208 890 vererentur
1237 864 1297 899 ne,
1321 865 1440 901 quem
1462 853 1587 890 virum

254 919 409 956 fortuna
430 932 477 956 ex
497 917 671 956 hostium
693 917 778 956 telis
800 917 1016 968 eripuisset,
1038 931 1128 956 cum
1155 917 1229 955 sibi
1250 919 1332 968 ipse
1353 931 1433 956 non
1455 931 1588 968 peper-

253 983 379 1030 cisset,
404 983 467 1022 hic
497 997 578 1022 non
607 984 659 1021 ad
689 983 825 1033 populi
856 983 1028 1021 Romani
1055 984 1213 1022 laudem
1242 984 1312 1022 sed
1333 984 1384 1022 ad
1411 983 1586 1022 iudicum

213 1065 232 1094 4
252 1048 524 1088 crudelitatem
547 1048 744 1087 videretur
771 1062 857 1087 esse
887 1056 1068 1086 servatus.
1134 1050 1286 1087 Eadem
1315 1063 1420 1088 nunc
1441 1050 1492 1088 ab
1513 1049 1586 1088 illis

252 1114 493 1152 defensionis
515 1114 612 1152 ratio
636 1113 778 1163 viaque
794 1121 1016 1164 temptatur,
1041 1113 1146 1152 idern
1169 1114 1375 1164 quaeritur.
1436 1115 1493 1153 Sit
1512 1116 1582 1162 fur,
1607 1128 1645 1159 15

252 1180 300 1219 sit
321 1180 545 1230 sacrilegus,
565 1179 613 1218 sit
635 1178 869 1229 flagitiorum
896 1179 1074 1218 omnium
1096 1179 1359 1230 vitiorumque
1380 1180 1586 1231 princeps3

251 1254 290 1284 at
321 1253 379 1284 est
408 1246 538 1284 bonus
571 1245 792 1295 imperator,
825 1252 864 1283 at
899 1244 990 1283 felix
1022 1253 1059 1284 et
1089 1246 1140 1283 ad
1170 1245 1291 1284 dubia
1320 1246 1374 1284 rei
1405 1246 1586 1297 publicae

208 1323 231 1349 2
251 1319 429 1361 tempora
450 1311 716 1349 reservandus.
778 1311 872 1348 Non
897 1324 1010 1360 agam
1041 1324 1197 1349 summo
1227 1311 1309 1349 iure
1338 1319 1481 1359 tecum,
1505 1326 1585 1350 non

251 1376 379 1415 dicam
416 1377 455 1416 id
488 1378 596 1427 quod
635 1377 805 1415 debeam
840 1376 999 1414 forsitan
1040 1376 1228 1424 obtinere,
1265 1390 1355 1415 cum
1396 1378 1583 1416 iudicium

251 1450 355 1480 certa
376 1444 459 1493 lege
489 1443 687 1489 sit‚—non
718 1441 814 1491 quid
844 1441 883 1479 in
915 1456 954 1480 re
985 1441 1137 1479 militari
1168 1441 1315 1481 fortiter
1344 1443 1491 1490 feceris,
1514 1445 1583 1482 sed
1604 1459 1643 1480 20
1713 1453 1715 1508 ἶ

252 1521 369 1557 quem
391 1509 441 1546 ad
470 1509 634 1546 modum
657 1520 797 1545 manus
818 1507 867 1545 ab
896 1507 1032 1545 alienis
1055 1507 1231 1557 pecuniis
1252 1508 1487 1547 abstinueris
1513 1509 1583 1547 abs

250 1582 288 1613 te
309 1573 441 1612 doceri
463 1581 642 1624 oportere
662 1588 671 1620 3
699 1586 791 1618 non,
811 1572 984 1622 inquam,
1008 1572 1062 1611 sic
1083 1586 1207 1623 agam,
1227 1575 1297 1612 sed
1318 1573 1370 1611 ita
1387 1587 1581 1624 quaeram,

251 1653 369 1690 quem
390 1641 441 1677 ad
463 1640 627 1677 modum
649 1646 687 1676 te
707 1640 806 1677 velle
828 1638 1026 1688 intellegO,
1039 1652 1140 1689 quae
1162 1647 1227 1677 tua
1248 1652 1367 1690 opera
1387 1648 1425 1678 et
1439 1648 1584 1690 quanta

250 1705 362 1744 fuerit
384 1705 423 1742 in
446 1705 559 1743 bello.

213 1787 230 1818 5
305 1771 413 1817 Quid
450 1770 581 1808 dicis?
623 1784 673 1808 an
710 1770 814 1808 bello
850 1770 1100 1820 fugitivorum
1138 1771 1308 1810 Siciliam
1341 1772 1482 1810 virtute
1516 1780 1582 1810 tua
1602 1783 1639 1816 25

250 1836 486 1875 liberatam?
543 1837 691 1885 Magna
712 1837 795 1872 laus
817 1843 854 1873 ct
883 1837 1049 1874 honesta
1077 1837 1201 1875 oratio
1220 1852 1228 1883 3
1258 1839 1327 1875 sed
1349 1845 1480 1875 tamen
1503 1851 1582 1888 quo

250 1903 386 1940 bello?
444 1903 529 1940 Nos
565 1901 681 1947 enim,
719 1909 807 1951 post
838 1901 934 1939 illud
967 1902 1115 1939 bellum
1151 1904 1258 1952 quod
1300 1905 1366 1941 M’.
1400 1904 1581 1953 Aquilius

249 1967 430 2014 confecit,
455 1967 509 2005 sic
530 1967 766 2017 accepimus',
792 1968 942 2005 nullum
967 1967 1005 2004 in
1027 1967 1155 2006 Sicilia
1170 1968 1418 2019 fugitivorum
1433 1970 1578 2008 bellum

250 2033 377 2071 fuisse.
438 2035 447 2052 ‘
467 2036 518 2070 At
540 2033 578 2070 in
602 2032 714 2070 Italia
743 2032 837 2070 suit)
896 2034 1047 2072 Fateor.
1072 2042 1109 2072 et
1139 2048 1323 2084 magnum
1353 2035 1512 2085 quidem
1533 2049 1579 2074 ac

250 2100 473 2137 vehemens.
536 2100 643 2136 Num
666 2098 779 2147 igitur
801 2113 845 2136 ex
868 2112 915 2136 co
946 2099 1050 2137 bello
1081 2108 1230 2150 partem
1259 2101 1429 2151 aliquam
1452 2101 1577 2140 laudis
1598 2108 1637 2140 30

249 2172 432 2213 appetere
465 2163 650 2201 conaris?
691 2177 784 2201 num
821 2163 890 2201 tibi
932 2163 1032 2202 illius
1065 2165 1248 2204 victoriae
1287 2167 1447 2216 gloriam
1487 2180 1576 2205 curn
1702 2191 1708 2296 Ι

293 2279 312 2306 3
340 2267 381 2299 M.
401 2268 487 2299 codd.
511 2269 564 2306 <ul
578 2267 675 2297 eliam
695 2270 732 2304 ἐξ
752 2277 781 2305 5,
803 2278 832 2306 7,
856 2268 908 2307 14)
1115 2271 1136 2299 6
1161 2270 1267 2309 ipsum
1286 2270 1400 2302 Ebcrh.
1425 2270 1580 2302 Zielinski

249 2320 283 2348 ¹7
308 2320 346 2340 ac
366 2310 443 2340 felix
465 2311 559 2351 (ΞΓ-Κ
692 2311 730 2340 18
755 2316 864 2340 tecum
884 2320 1014 2340 summo
1034 2311 1104 2341 iure
1123 2313 1237 2350 Quint.
1259 2313 1301 2343 ix.
1322 2323 1349 2342 2.
1373 2314 1414 2342 26
1701 2304 1706 2399 s
