1715 2734
230 143 497 183 ACTIONIS
528 142 589 181 IN
619 143 664 182 C.
685 143 927 180 VERREM
957 143 1252 182 SECVNDAE
1284 144 1387 181 LIB.
1409 145 1446 180 V
1509 153 1610 191 2152

228 255 353 293 rentia
385 262 423 293 et
454 254 590 294 Cassia
624 255 862 292 frumentum
893 253 1148 304 aequabiliter
1179 253 1256 292 emi
1286 255 1337 292 ab
1368 254 1553 293 omnibus

228 319 382 357 Siciliae
411 318 632 357 civitatibus
661 325 870 368 oporteret,
891 319 931 356 id
961 331 1120 367 quoque
1150 331 1291 356 munus
1321 320 1405 357 leve
1434 327 1552 368 atque

226 397 439 421 commune
461 382 706 421 Mamertinis
726 381 918 421 remisisti.
979 381 1098 420 Dices
1125 383 1364 420 frumentum
1386 383 1552 421 Mamer-

226 448 328 486 tinos
367 462 447 485 non
486 448 641 487 debere.
701 448 794 494 Quo
832 448 954 486 modo
992 460 1073 485 non
1111 447 1288 486 debere?
1333 461 1383 486 an
1421 455 1463 486 ut
1501 462 1552 486 ne

189 526 206 556 5
225 514 472 551 venderent?
500 526 581 550 non
601 512 707 551 enirn
727 520 808 551 erat
828 513 904 550 hoc
924 525 1046 562 genus
1074 511 1257 550 frumenti
1278 525 1323 550 ex
1343 525 1390 550 eo
1410 525 1551 562 genere

224 579 333 627 quod
372 577 598 627 exigeretur,
638 579 707 616 sed
746 591 793 615 ex
830 590 878 615 eo
917 577 1025 626 quod
1064 584 1266 615 emeretur.
1331 578 1399 618 ⁴Te
1437 576 1551 626 igitur

223 650 386 680 auctore
412 650 449 679 et
475 641 685 690 interprete
713 654 762 679 ne
793 643 876 679 foro
897 641 1058 690 quidem
1080 648 1118 678 et
1138 648 1361 679 commeatu
1384 640 1551 678 Mamer-

224 705 294 743 tini
325 707 455 742 iuvare
485 707 674 755 populum
706 707 933 744 Romanum
963 705 1194 743 debuerunt.
1255 705 1368 751 Quae
1388 707 1549 744 tandem
1571 717 1612 748 53

223 770 359 808 civitas
380 770 450 808 fuit
470 784 570 820 quae
591 770 750 808 deberet
767 772 784 808 ?
838 770 917 816 Qui
934 770 1113 820 publicos
1133 783 1244 820 agros
1264 778 1384 817 arant,
1400 778 1549 809 certum

166 849 207 871 10
224 843 282 873 est
311 835 408 885 quid
437 849 459 873 e
488 837 571 884 lege
598 835 774 873 censoria
801 835 998 874 debeant:
1027 848 1095 872 cur
1124 835 1183 872 his
1213 835 1551 886 quicquamprae-

224 907 329 938 terea
360 914 406 938 ex
440 899 516 938 alio
539 913 680 949 genere
711 899 978 949 imperavisti?
1034 899 1174 945 Quid?
1212 900 1422 938 decumani
1453 914 1548 938 num

223 965 319 1013 quid
350 972 500 1014 praeter
529 964 699 1013 singulas
729 965 916 1002 decumas
946 977 992 1002 ex
1021 965 1105 1014 lege
1135 964 1350 1003 Hieronica
1370 965 1550 1004 debent?

223 1042 290 1066 cur
318 1028 376 1066 his
403 1042 562 1078 quoque
594 1028 761 1066 statuisti
787 1036 977 1078 quantum
1006 1042 1052 1066 ex
1084 1030 1161 1067 hoc
1192 1042 1333 1078 genere
1364 1029 1548 1067 frumenti

222 1094 343 1143 empti
365 1087 533 1132 darent?
590 1094 698 1143 Quid
719 1093 943 1146 immunes?
973 1093 1011 1131 hi
1033 1101 1136 1132 certe
1164 1094 1259 1132 nihil
1287 1095 1444 1133 debent.
1494 1097 1548 1133 At

167 1172 201 1203 15
222 1159 277 1197 eis
317 1173 396 1197 non
437 1161 557 1198 modo
596 1159 804 1209 imperasti,
839 1172 974 1197 verum
1008 1159 1135 1204 etiam,
1171 1173 1251 1208 quo
1290 1161 1376 1208 plus
1410 1161 1548 1198 darent

222 1237 339 1273 quam
362 1232 551 1273 poterant,
574 1225 671 1262 haec
698 1237 889 1273 sexagena
919 1223 1025 1261 milia
1046 1223 1234 1270 modium,
1258 1237 1358 1273 quae
1381 1225 1548 1262 Mamer-

222 1289 311 1327 tinis
350 1289 562 1335 remiseras,
598 1288 794 1327 addidisti.
855 1290 997 1338 Neque
1036 1289 1112 1327 hoc
1150 1288 1252 1335 dico,
1290 1288 1427 1327 ceteris
1466 1303 1547 1327 non

221 1362 324 1392 recte
346 1354 588 1404 imperatum,
605 1355 674 1391 secl
697 1352 954 1399 Mamertinis,
978 1352 1045 1402 qui
1067 1360 1175 1391 erant
1196 1353 1235 1390 in
1256 1354 1395 1391 eadem
1417 1367 1545 1401 causa,

221 1426 258 1456 et
280 1419 422 1468 quibus
444 1420 660 1468 superiores
681 1431 818 1455 omnes
841 1417 934 1455 item
956 1426 997 1455 ut
1018 1417 1155 1455 ceteris
1177 1417 1412 1467 imperarant
1433 1432 1547 1467 pecu-

163 1483 407 1532 20niamque
439 1496 484 1520 ex
518 1491 675 1520 senatus
710 1484 891 1520 consulto
922 1490 959 1520 et
989 1496 1035 1521 ex
1070 1484 1153 1532 lege
1185 1482 1452 1530 dissolverant,
1487 1483 1547 1521 his

221 1549 312 1586 dico
333 1562 413 1586 non
430 1556 533 1586 recte
555 1547 771 1586 remissum.

275 1615 325 1651 Et
353 1621 394 1650 ut
423 1615 499 1651 hoc
526 1612 774 1659 beneficium,
802 1626 920 1662 quern
947 1613 998 1651 ad
1023 1613 1187 1651 modum
1220 1612 1372 1659 dicitur,
1408 1613 1545 1651 trabali

219 1680 330 1716 clavo
352 1679 494 1728 figeret,
517 1691 607 1716 cum
630 1677 794 1716 consilio
816 1691 973 1716 causam
993 1678 1320 1716 Mamertinorum
1343 1678 1545 1727 cognoscit

221 1751 258 1781 et
285 1744 335 1781 de
364 1742 502 1781 consili
531 1742 724 1781 sententia
754 1742 1000 1780 Mamertinis
1026 1756 1067 1781 se
1092 1744 1331 1781 frumentum
1363 1756 1444 1780 non
1476 1743 1544 1780 irn-

163 1824 201 1855 25
220 1821 354 1857 perare
375 1807 611 1857 pronuntiat.
670 1807 818 1845 Audite
845 1808 1047 1845 decretum
1073 1806 1328 1845 mercennarii
1356 1807 1543 1856 praetoris
1565 1820 1606 1851 54

220 1872 406 1923 exipsius
428 1872 722 1918 commentario,
756 1879 794 1910 et
824 1871 1050 1921 cognoscite
1080 1880 1227 1921 quanta
1259 1871 1299 1909 in
1333 1871 1543 1911 scribendo

217 1939 394 1988 gravitas,
418 1946 564 1988 quanta
584 1937 623 1975 in
647 1937 926 1976 constituendo
947 1937 1029 1975 iure
1049 1936 1097 1975 sit
1117 1937 1337 1975 auctoritas.
1391 1937 1540 1976 Recita.

219 2005 570 2043 COMMENTARIVS.
632 2005 694 2041 De
714 2002 851 2041 consili
872 2002 1065 2041 sententia
1085 2002 1251 2041 libenter
1270 2001 1323 2040 ait
1350 2016 1390 2040 se
1417 2004 1544 2041 facere

218 2070 350 2119 itaque
397 2068 609 2119 perscribit.
681 2068 800 2117 Quid,
841 2067 872 2106 si
911 2069 986 2105 hoc
1025 2068 1145 2106 verbo
1187 2081 1268 2105 non
1306 2080 1410 2105 esses
1450 2081 1542 2106 usus

159 2151 200 2180 30
224 2135 461 2173 ‘libenter'?
490 2147 561 2172 nos
589 2133 769 2172 videlicet
789 2132 955 2171 invitum
985 2140 1023 2171 te
1051 2139 1257 2182 quaestum
1285 2133 1411 2170 facere
1435 2140 1543 2182 puta-

261 2249 279 2276 4
306 2249 348 2268 ne
361 2243 385 2278 p
403 2250 409 2268 :
434 2248 498 2268 om.
518 2236 581 2267 RS
760 2246 794 2266 11
820 2236 1026 2275 imperavisti
1043 2234 1128 2274 RSp
1143 2246 1150 2265 z
1192 2235 1366 2273 imperasti
1383 2234 1422 2274 Gl
1445 2234 1537 2276 (Zt'el.

214 2287 248 2322 p.
275 2282 350 2320 197)
501 2292 540 2312 10
564 2292 581 2311 e
599 2281 674 2320 lege
692 2278 810 2309 RSD:
835 2289 878 2309 ex
896 2279 1009 2318 legep
1169 2287 1207 2316 15
1231 2279 1283 2308 his
1302 2279 1345 2317 pb
1503 2289 1542 2317 19

217 2335 335 2355 omnes
350 2323 435 2363 RSp
451 2336 457 2354 :
483 2332 602 2353 omnes
618 2327 793 2361 praetores
811 2323 826 2350 δ
848 2323 879 2357 (ξ
899 2331 940 2359 49
957 2322 1074 2360 supraN
1187 2331 1229 2350 20
1255 2321 1305 2350 his
1321 2320 1402 2351 RS&
1419 2333 1425 2352 ε
1451 2321 1478 2352 is
1492 2328 1516 2362 p
1532 2334 1539 2352 :

219 2368 259 2398 iis
276 2367 384 2398 Halm
511 2377 550 2405 27
579 2365 708 2396 Recita.
728 2364 998 2394 Commentarius
1015 2363 1132 2397 Halm,
1153 2363 1223 2393 edd.
1242 2375 1248 2393 z
1275 2363 1315 2394 R.
1336 2370 1539 2394 commenta-

219 2411 304 2441 rium
320 2409 419 2449 RSp2
604 2409 645 2438 28
670 2407 706 2438 C.
736 2407 772 2437 S.
798 2405 861 2435 RS
891 2406 960 2436 al.:
985 2415 1010 2435 r.
1028 2415 1058 2437 e.
1073 2405 1134 2445 ,ρ’-ἐ
1172 2405 1223 2435 De
1248 2415 1339 2436 cons.
1367 2409 1539 2439 sententia

220 2454 380 2496 (D.C.S.)
396 2453 524 2491 Zumpt
