1715 2734
103 780 140 803 10

101 1103 136 1135 15

96 1426 137 1450 20

93 1755 133 1787 25

163 70 432 109 ACTIONIS
462 69 523 107 IN
553 69 598 107 C.
620 68 861 106 VERREM
891 67 1190 106 SECVNDAE
1221 66 1323 105 LIB.
1347 67 1390 104 II
1427 64 1485 103 68
1506 68 1568 111 164

163 181 380 232 posuisset:
410 182 527 220 velim
552 193 738 231 quaerere
763 193 870 218 nunc
899 193 945 218 ex
969 179 1056 230 ipso
1086 180 1262 225 Metello,
1294 178 1484 228 quidnam

163 260 233 284 sua
270 246 307 284 vi
345 255 384 285 et
421 245 651 285 auctoritate
696 244 789 282 mihi
828 258 874 282 ex
916 245 990 282 hac
1027 243 1204 282 oratione
1242 242 1481 293 praeciderit.

164 312 315 350 Eadem
344 311 483 362 opinor
506 310 639 350 omnia
666 309 886 348 convenire.
947 310 1089 358 Neque
1118 307 1234 353 enim,
1258 307 1289 345 si
1319 307 1487 345 maxime

162 383 313 414 statuae
332 376 507 415 deiectae
531 382 661 414 essent
681 388 755 425 ego
775 388 839 413 eas
860 373 972 412 vobis
993 386 1149 423 possem
1174 372 1335 410 iacentis
1360 379 1486 410 osten-

161 442 278 488 dere;
321 443 398 479 hoc
436 454 516 479 uno
558 448 694 487 uterer,
735 440 932 478 civitatem
975 446 1055 477 tam
1094 451 1249 488 gravem
1293 436 1487 475 iudicasse

161 514 308 544 statuas
338 507 385 546 C.
415 506 546 545 Verris
580 505 863 544 demoliendas.
924 506 1018 542 Hoc
1051 503 1146 541 mihi
1183 504 1369 540 Metellus
1405 515 1486 539 non

160 571 327 621 eripuit;
356 572 452 610 haec
482 570 600 609 etiam
624 570 788 616 addidit,
818 577 860 607 ut
887 582 1077 618 quererer,
1103 567 1133 605 si
1161 567 1257 604 mihi
1278 566 1483 612 videretur,

160 643 240 673 tam
275 635 412 685 iniquo
443 635 524 673 iure
554 635 668 673 sociis
697 643 815 684 atque
846 633 981 672 amicis
1011 632 1191 683 imperari
1222 640 1263 670 ut
1293 631 1338 669 iis
1367 645 1417 670 ne
1446 631 1484 669 in

159 701 239 739 suis
287 701 448 750 quidem
496 699 698 739 beneficiis
751 699 874 737 libero
921 697 1067 737 iudicio
1115 697 1171 735 uti
1223 696 1366 742 liceret,
1416 710 1485 734 vos

158 778 333 815 rogarem
364 773 406 803 ut
435 764 701 803 coniecturam
736 763 913 801 faceretis
944 763 1101 812 qualem
1132 761 1171 799 in
1204 761 1264 799 his
1298 761 1414 799 rebus
1446 761 1484 799 in

159 843 222 868 me
247 832 289 868 L.
321 831 528 868 Metellum
554 829 671 867 fuisse
696 827 893 878 putaretis,
916 827 955 865 in
983 827 1127 877 quibus
1159 823 1313 878 [rebus]
1343 827 1485 864 obesse

158 894 255 932 mihi
284 902 428 944 posset,
460 907 550 932 cum
581 893 619 931 in
652 894 725 931 hac
760 906 799 931 re
831 900 910 930 tam
944 900 1078 941 aperta
1107 891 1322 941 cupiditate
1356 890 1481 937 fuerit,

158 958 197 996 in
229 972 307 1009 qua
341 959 437 997 nihil
467 958 604 997 obfuit.
664 958 743 996 Sed
773 971 846 1007 ego
877 958 1041 995 Metello
1071 970 1151 994 non
1181 955 1326 994 irascor
1354 969 1484 1005 neque

158 1023 193 1061 ei
232 1036 343 1061 suam
381 1023 628 1061 vacationem
664 1021 797 1072 eripio,
833 1035 911 1071 qua
949 1021 1013 1059 ille
1051 1021 1157 1070 apud
1190 1020 1320 1058 omnis
1352 1020 1481 1067 utitur,

157 1095 200 1126 ut
220 1088 316 1126 nihil
338 1087 529 1126 malitiose
550 1100 680 1136 neque
700 1088 881 1125 consulto
901 1085 1039 1124 fecisse
1060 1085 1246 1123 videatur.
1502 1115 1529 1152 6

212 1154 296 1191 Iam
318 1152 432 1203 igitur
447 1160 505 1191 est
525 1152 578 1190 ita
598 1151 847 1202 perspicuum
868 1158 910 1189 ut
926 1164 1067 1200 negare
1086 1164 1166 1188 non
1188 1150 1313 1200 possis
1334 1152 1481 1188 nullam

156 1218 227 1256 tibi
256 1226 424 1256 statuam
453 1219 653 1256 voluntate
677 1216 910 1266 cuiusquam
930 1217 1074 1263 datam,
1103 1217 1251 1253 nullam
1273 1215 1481 1266 pecuniam

154 1290 370 1321 statuarum
409 1282 570 1321 nomine
608 1281 683 1320 nisi
720 1281 758 1320 vi
796 1294 1016 1332 expressam
1061 1289 1099 1319 et
1139 1288 1328 1319 coactam.
1389 1282 1482 1329 Quo

155 1348 317 1397 quidem
347 1347 387 1385 in
422 1346 584 1385 crimine
615 1360 695 1385 non
730 1345 827 1384 illud
860 1347 988 1384 solum
1022 1345 1192 1396 intellegi
1223 1347 1325 1392 volo,
1361 1353 1398 1384 te
1429 1347 1480 1384 ad

154 1420 300 1451 statuas
331 1414 401 1451 HS
427 1411 573 1450 viciens
603 1411 788 1462 coegisse,
819 1412 889 1449 sed
919 1412 1044 1449 multo
1072 1410 1189 1449 etiam
1220 1410 1316 1449 illud
1345 1410 1478 1461 magis,

153 1479 262 1528 quod
310 1477 425 1515 simul
473 1478 784 1516 demonstratum
833 1484 892 1514 est
938 1483 1130 1525 quantum
1178 1475 1314 1514 odium
1362 1475 1401 1513 in
1443 1483 1481 1514 te

151 1551 359 1589 aratorum,
393 1549 584 1591 quantum
617 1540 796 1579 omnium
835 1540 1056 1579 Siculorum
1095 1540 1143 1578 sit
1175 1548 1213 1579 et
1246 1540 1369 1578 fuerit.
1431 1542 1478 1579 In

152 1620 233 1657 quo
259 1620 361 1657 quae
380 1614 507 1645 vestra
533 1605 711 1644 defensio
737 1606 865 1643 futura
885 1604 934 1643 sit
960 1604 1186 1643 coniectura
1205 1605 1369 1654 adsequi
1398 1618 1478 1643 non

153 1685 268 1721 queo.
326 1674 336 1690 ¹
351 1672 531 1710 Oderunt
553 1670 696 1717 Siculi;
726 1677 946 1719 togatorum
970 1670 1074 1708 enim
1096 1683 1213 1708 causa
1233 1672 1356 1708 multa
1379 1670 1478 1708 feci.'
1501 1675 1561 1707 166

153 1739 206 1774 At
227 1737 267 1774 hi
288 1736 448 1786 quidem
469 1735 645 1774 acerrimi
666 1734 814 1773 inimici
834 1742 934 1773 sunt.
998 1734 1209 1773 ‘Inimicos
1233 1735 1362 1773 habeo
1383 1735 1476 1773 civis

154 1803 368 1847 Romanos,
398 1802 506 1851 quod
535 1800 730 1838 sociorum
761 1801 973 1838 commoda
998 1813 1044 1838 ac
1073 1799 1156 1838 iura
1183 1798 1368 1838 defendi.’
1424 1802 1476 1838 At

151 1865 246 1904 socii
280 1865 319 1903 in
358 1864 530 1903 hostium
561 1877 726 1902 numero
764 1877 848 1902 sese
886 1864 956 1902 abs
991 1871 1029 1902 te
1060 1863 1216 1902 habitos
1249 1871 1474 1914 queruntur.

1505 1176 1566 1216 165

195 1981 213 2007 4
239 1979 301 2007 ego
319 1978 374 1999 eas
394 1967 452 1998 CO
468 1980 475 1999 :
500 1977 558 1998 eas
578 1978 642 2005 ego
656 1973 679 2007 p
696 1967 785 2008 vulg.
898 1978 917 2007 5
943 1967 1108 1998 iudicasse
1126 1972 1254 1998 statuas
1273 1967 1373 2008 COp:
1399 1972 1474 1998 stat.

151 2013 217 2043 iud.
237 2013 254 2041 b
271 2012 340 2042 edd.
565 2021 582 2049 7
609 2012 670 2041 hoe
692 2010 740 2040 Ob
960 2022 981 2050 9
1005 2021 1067 2042 vos
1085 2021 1239 2049 rogarem
1259 2010 1317 2041 CO
1334 2023 1341 2041 :
1365 2016 1401 2041 ut
1419 2021 1477 2042 vos

152 2066 223 2094 rog.
239 2061 263 2095 p
280 2056 345 2086 rell.
483 2065 521 2084 10
546 2054 599 2084 his
616 2054 704 2085 codd.
725 2066 731 2083 :
761 2054 803 2084 iis
819 2053 888 2085 edd.
904 2059 978 2095 post
995 2055 1171 2085 Gruterum
1316 2064 1350 2084 11
1378 2055 1476 2085 rebus

150 2109 217 2129 om.
240 2098 298 2129 CO
315 2109 322 2129 τ
345 2109 401 2138 ego
416 2098 532 2128 seclusi
666 2108 702 2135 14
726 2099 933 2128 vacationem
952 2097 1032 2128 CO:
1055 2103 1164 2137 vagat.
1179 2103 1225 2138 pq
1241 2097 1305 2128 rell.
1323 2109 1329 2127 :
1354 2107 1475 2137 purga-

151 2143 276 2172 tionem
293 2141 404 2182 Naug.
424 2141 511 2172 Ionl.
612 2151 654 2171 20
678 2141 740 2171 HS
757 2140 899 2182 viciens]
920 2145 956 2171 ut
973 2145 988 2179 ξ
1010 2151 1065 2179 141
1085 2147 1207 2180 snpra:
1235 2141 1295 2172 HS
1315 2151 1344 2172 00
1372 2152 1400 2172 00
1430 2141 1476 2172 C:

153 2184 214 2215 HS
233 2194 319 2216 ·cxx-
339 2185 428 2215 milia
443 2190 466 2224 p
597 2194 635 2214 21
663 2185 927 2215 demonstratum
946 2183 1027 2215 CO:
1057 2185 1196 2215 -andum
1210 2190 1234 2226 p
1252 2185 1318 2216 rell.
1425 2190 1476 2215 est

151 2233 313 2266 quantum
331 2238 396 2258 om.
417 2227 486 2258 60¹
592 2228 622 2257 in
642 2233 674 2257 te
694 2227 773 2258 CO:
798 2238 862 2258 om.
878 2228 921 2267 pb
937 2228 1025 2268 vulg.
1170 2238 1211 2267 25
1236 2228 1281 2259 At
1298 2229 1331 2258 hi
1347 2233 1369 2269 p
1384 2228 1452 2259 edd.
1470 2240 1476 2259 z

152 2271 196 2302 At
213 2271 259 2301 hii
277 2270 302 2301 C
320 2283 327 2302 ε
351 2271 405 2301 Ali
428 2270 457 2299 V
587 2271 710 2301 inimici
731 2270 814 2301 CO:
839 2271 1126 2310 inimicissimique
1141 2277 1163 2311 p
1180 2272 1244 2302 rell.
1435 2282 1473 2311 27

154 2324 292 2345 numero
310 2324 385 2345 sese
405 2316 456 2353 (se
474 2314 506 2353 b)
525 2315 582 2344 abs
601 2314 680 2344 COb
698 2326 704 2344 :
728 2325 887 2345 numeros
906 2325 942 2345 se
960 2315 1018 2345 abs
1039 2314 1086 2344 V:
1112 2315 1301 2355 numerosss)
1319 2315 1378 2346 abs
1397 2316 1438 2346 rrk
