1715 2734
178 124 222 162 31
242 125 281 155 82
592 119 648 156 M.
671 119 841 155 TVLLI
869 118 1178 157 CICERONIS

175 690 216 728 83

241 228 350 268 iubet
381 236 500 279 atque
539 229 740 279 imperare.
803 230 895 267 Hoc
934 242 981 267 eo
1021 228 1112 267 facit
1147 236 1189 267 ut
1221 228 1285 268 ille
1325 243 1405 268 non
1445 231 1573 270 solum

239 295 396 333 abesset
426 308 450 332 a
480 295 603 332 domo
642 295 737 332 dum
774 293 982 343 navigaret,
1016 295 1086 332 sed
1118 294 1237 332 etiam
1277 294 1444 333 libenter
1482 309 1573 334 cum

240 373 384 410 magno
423 361 573 398 honore
613 358 888 408 beneficioque
922 359 1092 407 abesset,
1132 359 1216 410 ipse
1253 367 1387 398 autem
1422 368 1574 399 remoto

237 432 357 475 atque
391 425 573 473 ablegato
601 424 682 461 viro
718 437 798 461 non
831 423 989 462 liberius
1022 437 1141 474 quam
1175 425 1437 474 antea—quis
1469 424 1574 463 enim

238 502 427 540 umquam
450 489 559 527 istius
580 489 734 527 libidini
756 489 908 527 obstitit
924 491 1068 528 ?—sed
1094 491 1212 539 paulo
1233 490 1420 529 solutiore
1440 490 1574 529 animo

237 561 370 593 tamen
403 568 537 593 secum
571 554 676 592 illam
713 554 886 601 haberet,
920 554 951 591 si
983 568 1064 592 non
1105 562 1307 604 tamquam
1341 555 1465 593 virum
1505 557 1575 594 sed

237 626 440 670 tamquam
461 620 662 657 aemulum
684 618 923 657 removisset.

291 684 448 734 Accipit
468 684 578 722 navis
599 684 795 723 sociorum
817 692 936 734 atque
956 684 1173 723 amicorum
1203 686 1440 725 Cleomenes
1469 687 1576 737 Syra-

165 757 217 794 32
237 762 417 788 cusanus.
479 749 588 798 Quid
609 749 779 799 primum
800 758 867 788 aut
886 763 1069 789 accusem
1091 759 1158 789 aut
1179 753 1350 801 querar?
1391 751 1577 791 Siculone

236 815 387 853 homini
422 815 548 865 legati,
591 815 819 865 quaestoris,
861 816 1049 866 praetoris
1101 816 1275 867 denique
1325 825 1573 867 potestatem,

236 882 439 927 honorem,
476 880 751 919 auctoritatem
790 880 905 919 dari?
961 881 1001 920 Si
1036 889 1074 920 te
1108 881 1351 932 impediebat
1382 883 1454 920 ista
1486 896 1578 921 con-

234 946 426 985 viviorum
456 946 745 996 mulierumque
762 946 981 996 occupatio,
1005 946 1074 985 ubi
1095 954 1332 997 quaestores,
1356 947 1424 986 ubi
1445 947 1573 998 legati,

235 1012 303 1051 ubi
336 1012 454 1051 ternis
489 1011 660 1051 denariis
694 1011 944 1050 aestimatum
976 1013 1228 1059 frumentum,
1263 1012 1332 1051 ubi
1364 1012 1471 1060 muli,
1507 1012 1576 1051 ubi

235 1078 499 1125 tabernacula,
534 1078 603 1116 ubi
639 1085 695 1116 tot
731 1085 918 1127 tantaque
953 1085 1185 1116 ornamenta
1219 1077 1509 1128 magistratibus
1537 1086 1575 1116 et

235 1144 371 1195 legatis
409 1157 432 1182 a
470 1151 608 1182 senatu
648 1144 877 1193 populoque
923 1144 1109 1181 Romano
1156 1142 1346 1193 permissa
1393 1150 1431 1181 et
1469 1144 1574 1191 data,

235 1211 408 1260 denique
436 1209 503 1248 ubi
532 1209 729 1260 praefecti,
752 1208 821 1247 ubi
848 1207 994 1246 tribuni
1030 1208 1118 1246 tui?
1175 1208 1213 1247 Si
1242 1208 1336 1247 civis
1368 1210 1575 1246 Romanus

235 1275 377 1326 dignus
391 1275 466 1313 isto
484 1274 644 1325 negotio
661 1287 780 1312 nemo
801 1273 884 1320 fuit,
903 1274 999 1323 quid
1021 1273 1197 1312 civitates
1219 1287 1320 1324 quae
1342 1273 1381 1311 in
1403 1273 1576 1312 amicitia

235 1342 394 1392 fideque
415 1339 550 1390 populi
574 1339 746 1377 Romani
767 1347 958 1389 perpetuo
980 1342 1236 1378 manserant?
1266 1339 1333 1377 ubi
1350 1339 1572 1389 Segestana,

234 1406 301 1444 ubi
334 1405 593 1455 Centuripina
624 1404 792 1443 civitas?
832 1418 934 1454 quae
968 1418 1059 1442 cum
1091 1404 1228 1443 officiis
1260 1405 1337 1442 fide
1367 1412 1571 1451 vetustate,

234 1479 317 1510 tum
346 1472 463 1510 etiam
493 1470 729 1521 cognatione
748 1469 885 1520 populi
908 1469 1080 1508 Romani
1102 1483 1248 1508 nomen
1269 1469 1476 1520 attingunt.
1537 1470 1573 1507 O

234 1537 274 1576 di
296 1537 535 1575 immortales
556 1539 562 1574 !
592 1535 722 1585 quid?
751 1535 782 1573 si
802 1536 940 1573 harum
962 1535 1133 1585 ipsarum
1155 1534 1357 1572 civitatum
1373 1535 1572 1582 militibus,

235 1602 410 1650 navibus,
441 1601 649 1640 nauarchis
684 1602 949 1651 Syracusanus
981 1602 1218 1640 Cleomenes
1251 1600 1378 1639 iussus
1413 1608 1471 1639 est
1505 1600 1574 1638 im-

234 1681 380 1718 perare,
403 1681 483 1706 non
505 1666 634 1706 omnis
655 1667 783 1705 honos
804 1667 854 1704 ab
876 1666 951 1704 isto
981 1666 1192 1716 dignitatiS,
1214 1665 1432 1716 aequitatis,
1456 1666 1574 1704 offici-

234 1747 311 1783 que
332 1734 509 1771 sublatus
530 1734 618 1770 est?
675 1733 843 1781 Ecquod
866 1732 904 1769 in
927 1731 1057 1770 Sicilia
1088 1732 1235 1770 bellum
1263 1731 1455 1781 gessimus
1476 1731 1571 1782 quin

235 1797 503 1848 Centuripinis
523 1797 650 1844 sociiS,
673 1796 924 1846 Syracusanis
950 1796 1131 1835 hostibus
1152 1799 1381 1835 uteremur?
1437 1799 1571 1848 Atque
1619 1810 1630 1817 ·

234 1865 331 1902 hacc
370 1877 443 1913 ego
481 1864 533 1902 ad
572 1862 801 1901 memoriam
835 1862 1048 1909 vetustatis,
1087 1875 1167 1900 non
1203 1863 1253 1900 ad
1288 1862 1570 1900 contumeliam

234 1928 399 1966 civitatis
421 1927 550 1967 referri
571 1930 671 1966 volo.
734 1929 874 1977 Itaque
895 1928 958 1966 ille
979 1927 1035 1965 vir
1055 1927 1292 1966 clarissimus
1314 1941 1571 1977 summusque

234 1994 454 2043 imperator,
480 1995 535 2031 M.
561 1994 782 2038 Marcellus,
814 1993 924 2031 cuius
955 1993 1095 2031 virtute
1123 2001 1272 2043 captae,
1304 1993 1570 2032 misericordia

234 2067 486 2098 conservatae
517 2066 607 2096 sunt
635 2060 856 2107 Syracusae,
880 2058 1056 2096 habitare
1078 2058 1117 2096 in
1139 2072 1183 2096 ea
1205 2066 1313 2108 parte
1341 2058 1446 2097 urbis
1468 2072 1569 2109 quae

279 2174 297 2192 2
324 2164 401 2193 dum
424 2162 472 2192 l’:
497 2168 566 2193 tum
585 2162 662 2192 dum
681 2160 765 2191 RS:
791 2166 858 2191 tum
878 2172 952 2192 cum
967 2167 1000 2202 p,
1022 2167 1099 2192 tunc
1119 2173 1193 2192 cum
1213 2164 1228 2191 δ
1366 2174 1384 2201 4
1411 2162 1568 2201 ablegato

239 2207 326 2246 Vs›l.›5
342 2218 347 2236 :
372 2207 560 2236 abalienato
579 2205 672 2235 RSv
821 2215 840 2243 5
866 2206 977 2236 animo
996 2211 1107 2236 tamen
1133 2205 1180 2245 Vp
1198 2217 1203 2235 :
1230 2211 1342 2236 tamen
1362 2206 1474 2236 animo
1490 2206 1524 2236 R
1539 2210 1569 2236 et

231 2252 309 2290 pler.
435 2252 455 2280 6
480 2255 531 2279 set
549 2248 632 2279 RS:
657 2254 689 2279 at
710 2248 775 2288 Vp&
794 2249 842 2285 (ii,
862 2250 883 2286 i,
905 2252 919 2286 ξ
937 2253 991 2287 94“ι
1107 2250 1127 2279 8
1153 2249 1299 2287 Accepit
1322 2248 1351 2277 V
1463 2259 1566 2288 13-15

235 2294 289 2323 ubi
316 2294 419 2323 ternis
438 2317 444 2324 .
465 2317 472 2324 .
496 2318 501 2323 .
520 2299 552 2323 ct
577 2293 654 2322 data
680 2292 748 2322 secl.
768 2297 829 2322 aul
851 2292 909 2323 dcl.
931 2292 1058 2331 Esau-11„
1080 2292 1177 2329 lvoltl,
1198 2292 1357 2322 Schmalz
1523 2302 1566 2322 20

236 2347 301 2367 P.R.
322 2347 446 2367 nomen
468 2336 534 2376 Vp&
551 2348 557 2367 :
583 2346 650 2366 ΕΗ.
672 2334 771 2365 RSD
926 2337 967 2365 26
991 2337 1073 2366 haec
1091 2346 1154 2374 ego
1171 2336 1211 2366 ad
1230 2335 1293 2366 RS
1310 2347 1316 2365 :
1341 2346 1404 2375 ego
1422 2336 1505 2366 haec
1521 2335 1564 2366 ad

239 2380 286 2411 V:
312 2380 393 2411 haec
411 2380 521 2410 omnia
539 2380 580 2410 ad
593 2380 640 2419 pk

1600 834 1637 857 10

1596 1483 1635 1505 20
