1715 2734
207 120 474 158 ACTIONIS
508 121 567 158 IN
599 120 645 159 C.
667 121 909 158 VERREM
941 118 1238 159 SECVNDAE
1270 119 1374 156 LIB.
1397 120 1434 154 V
1481 128 1532 166 24
1553 122 1593 153 61

0 245 3 263 ι
207 229 383 279 spicione
412 229 657 280 susceperis?
704 230 862 268 Deinde
888 229 952 268 alii
980 236 1164 279 quaestus
1196 228 1460 275 instituuntur,
1489 242 1535 267 ex

206 308 287 332 uno
306 308 447 344 genere
468 294 594 333 navali
614 294 744 333 videte
764 308 882 344 quarn
904 294 1015 333 multi
1033 298 1039 332 Ξ
1069 293 1246 344 accipere
1265 308 1287 332 a
1312 293 1534 332 civitatibus

206 359 413 409 pecuniam
431 373 480 397 ne
494 367 631 398 nautas
652 361 800 407 darent,
817 361 941 410 pretio
957 367 1063 399 certo
1081 359 1219 397 missos
1236 361 1362 398 facere
1383 366 1533 406 nautas,

207 423 414 461 missorum
448 438 566 463 omne
600 424 840 474 stipendium
873 424 1021 472 lucrari,
1045 424 1202 474 reliquis
1233 426 1343 474 quod
1373 425 1535 463 deberet

168 504 186 536 5
206 502 287 526 non
307 489 566 537 dare,—haec
587 489 721 528 omnia
740 504 787 528 ex
807 489 1007 528 civitatum
1033 489 1266 528 testimoniis
1294 489 1531 539 cognoscite.

206 553 356 591 Recita.
432 556 699 592 TEsTlMomA
748 567 988 593 CIVITATVM.
1066 553 1256 592 Huncine
1317 554 1531 601 hominem,
1555 542 1604 624 (²³5

206 618 373 657 hancine
403 618 699 669 impudentiam,
730 619 890 666 iudices,
917 621 1019 658 hanc
1043 619 1274 657 audaciam!
1312 618 1534 657 civitatibus
1579 603 1594 624 ²

205 697 275 734 pro
296 697 460 722 numero
482 684 647 722 militum
669 686 923 733 pecuniarum
945 698 1118 723 summas
1139 683 1361 731 discribere,
1383 692 1534 722 certum

206 749 384 799 pretium,
408 763 590 788 sescenos
608 763 803 796 nummos,
821 757 1027 788 nautarum
1050 748 1246 787 missionis
1271 748 1534 787 constituere!

148 832 186 853 10
205 827 305 863 quos
350 814 417 864 qui
455 816 617 853 dederat
655 822 921 853 commeatum
952 814 1071 853 totius
1109 813 1266 852 aestatis
1307 814 1534 862 abstulerat,

206 878 288 925 iste,
311 881 418 929 quod
451 879 533 918 eius
566 888 708 918 nautae
739 879 900 917 nomine
935 893 1006 929 pro
1036 879 1234 928 stipendio
1256 880 1534 928 frumentoque

204 952 419 994 acceperat,
442 946 673 983 lucrabatur.
749 947 809 982 Ita
830 952 1015 994 quaestus
1036 946 1181 994 duplex
1201 944 1317 983 unius
1337 944 1534 983 missionis

206 1010 334 1047 fiebat.
393 1012 525 1059 Atque
542 1012 638 1048 haec
659 1011 780 1048 homo
799 1009 1089 1048 amentissimus
1111 1009 1149 1046 in
1167 1016 1276 1048 tanto
1290 1011 1533 1059 praedonum

206 1074 355 1124 impetu
378 1081 566 1124 tantoque
587 1075 760 1124 periculo
781 1074 1004 1125 provinciae
1026 1074 1080 1112 sic
1101 1076 1229 1124 palam
1251 1074 1419 1113 faciebat
1433 1082 1475 1113 ut
1495 1082 1534 1113 et

146 1152 185 1184 15
207 1138 279 1189 ipsi
301 1141 518 1189 praedones
539 1140 681 1178 scirent
702 1147 739 1178 et
760 1147 842 1178 tota
862 1139 1062 1189 provincia
1091 1139 1198 1177 testis
1220 1147 1331 1178 esset.

261 1205 363 1243 Cum
385 1213 542 1254 propter
562 1205 672 1243 istius
692 1206 794 1242 hanc
814 1204 1013 1242 avaritiam
1034 1204 1195 1243 nomine
1215 1204 1349 1243 classis
1369 1212 1472 1243 esset
1492 1205 1531 1243 in
1553 1209 1595 1252 63

204 1267 347 1316 Sicilia,
367 1283 406 1308 re
427 1269 588 1319 quidem
613 1283 702 1307 vera
729 1283 847 1308 naves
868 1269 1017 1315 inanes,
1038 1282 1139 1318 quae
1159 1271 1345 1318 praedam
1366 1270 1533 1320 praetori

205 1347 284 1371 non
318 1347 418 1383 quae
450 1334 715 1384 praedonibus
746 1342 896 1373 metum
934 1336 1141 1381 adferrent,
1182 1342 1325 1382 tamen,
1359 1349 1449 1374 cum
1488 1338 1531 1374 P.

205 1399 408 1437 Caesetius
448 1407 485 1437 et
524 1402 565 1437 P.
606 1399 755 1438 Tadius
793 1401 933 1438 decem
972 1399 1136 1438 navibus
1181 1400 1260 1438 suis
1308 1400 1533 1450 semiplenis

146 1477 185 1498 20
205 1463 440 1513 navigarent,
465 1478 604 1503 navem
626 1466 826 1514 quandam
848 1464 1057 1514 piratarum
1079 1467 1224 1514 praeda
1245 1467 1423 1504 refertam
1452 1479 1532 1504 non

203 1536 401 1578 ceperunt,
436 1531 505 1568 sed
536 1530 783 1568 abduxerunt
821 1543 939 1568 onere
974 1543 1045 1567 suo
1079 1531 1194 1579 plane
1229 1537 1383 1580 captam
1414 1538 1534 1581 atque

202 1595 439 1643 depressam.
500 1597 591 1633 Erat
621 1609 666 1633 ea
693 1595 801 1633 navis
827 1596 943 1644 plena
972 1594 1184 1633 iuventutis
1215 1595 1530 1643 formosissimae,

203 1660 319 1708 plena
343 1659 490 1709 argenti
516 1660 606 1698 facti
636 1668 754 1710 atque
782 1659 933 1710 signati,
957 1661 1079 1698 multa
1106 1674 1196 1698 cum
1225 1663 1393 1711 stragula
1413 1670 1531 1701 veste.

205 1726 319 1762 Haec
345 1738 422 1762 una
449 1725 558 1763 navis
585 1739 607 1762 a
635 1727 757 1763 classe
784 1733 915 1763 nostra
942 1739 1022 1763 non
1044 1733 1158 1775 capta
1179 1733 1247 1772 est,
1278 1727 1347 1764 sed
1375 1726 1534 1765 inventa

146 1802 185 1834 25
204 1791 255 1828 ad
279 1790 536 1839 Megaridem,
558 1790 624 1840 qui
645 1792 755 1829 locus
776 1798 833 1828 est
854 1804 935 1828 non
964 1791 1079 1840 longe
1099 1804 1121 1827 a
1142 1790 1350 1839 Syracusis.
1411 1793 1533 1840 Quod

205 1854 272 1893 ubi
311 1854 373 1893 isti
411 1855 633 1893 nuntiatum
668 1863 737 1902 est,
777 1855 931 1893 tametsi
970 1855 1009 1892 in
1047 1863 1134 1893 acta
1173 1869 1262 1893 cum
1296 1856 1532 1896 mulierculis

204 1919 356 1958 iacebat
377 1920 517 1967 ebrius,
541 1920 659 1958 erexit
680 1934 720 1959 se
746 1928 877 1958 tamen
899 1927 936 1958 et
957 1919 1087 1957 statim
1109 1920 1304 1969 quaestori
1325 1922 1533 1972 legatoque

203 1998 275 2022 suo
307 1987 489 2024 custodes
525 1985 628 2024 misit
653 1985 876 2036 compluris,
899 1992 941 2023 ut
975 1984 1108 2023 omnia
1134 1985 1208 2023 sibi
1236 1985 1384 2035 integra
1413 2000 1531 2036 quam

203 2050 373 2100 primum
390 2050 675 2089 exhiberentur.
718 2050 940 2100 Adpellitur
953 2049 1060 2088 navis
1078 2051 1307 2099 Syracusas,
1337 2059 1532 2101 exspecta-
1553 2057 1592 2099 64

145 2129 184 2160 30
204 2123 265 2153 tur
283 2116 334 2154 ab
355 2115 539 2155 omnibus
561 2115 808 2166 supplicium.
870 2117 948 2153 Iste
963 2114 1073 2164 quasi
1095 2116 1239 2164 praeda
1259 2115 1333 2153 sibi
1353 2117 1528 2163 advecta,

246 2222 267 2250 6
291 2221 395 2251 recita
412 2221 604 2251 testimonia
628 2220 798 2251 civitatum
823 2219 929 2259 suppl.
951 2219 984 2248 in
1003 2218 1060 2249 lac.
1074 2217 1109 2257 p²
1127 2230 1131 2247 :
1174 2219 1278 2248 recita
1300 2219 1528 2251 testimonium

205 2264 285 2303 (om.
307 2265 415 2300 civit.)
434 2264 498 2294 RS
668 2274 685 2302 7
710 2264 854 2293 hancine
873 2263 949 2292 aud.
962 2263 1004 2301 ῥδ
1175 2263 1194 2291 8
1220 2262 1413 2292 describere
1432 2263 1531 2303 R2Sp

209 2319 247 2338 10
270 2317 342 2337 cum
362 2312 584 2337 commeatum
603 2305 667 2336 RS
757 2316 794 2335 12
819 2306 929 2344 itaque
946 2307 962 2334 δ
1066 2315 1104 2344 19
1128 2304 1266 2334 navibus
1285 2304 1336 2335 his
1350 2307 1391 2344 ρδ
1490 2317 1527 2336 21

207 2351 415 2381 adduxerunt
435 2349 497 2380 RS
585 2349 684 2388 plane
701 2349 828 2379 tardam
842 2348 957 2379 Eberh.
1048 2359 1087 2377 22
1112 2348 1312 2387 deprensam
1327 2347 1363 2379 G.
1376 2348 1530 2380 Ammon
