1715 2734
171 113 226 159 67
249 126 312 157 150
344 111 400 149 M.
418 111 574 149 TVLL.
593 111 697 151 CIC.
715 111 836 150 ACT.
857 111 917 148 IN
940 111 984 149 C.
1001 110 1242 147 VERREM
1264 107 1374 148 SEC.
1394 109 1498 147 LIB.
1518 109 1578 147 IV

157 691 215 724 151

243 219 352 269 quod
373 219 522 269 populo
544 219 729 256 Romano
753 216 932 263 mitteret,
952 215 1067 254 sicuti
1088 215 1336 266 superiores?
1364 215 1575 266 negabunt.

243 283 352 332 Quid
374 282 541 321 militurn
562 290 628 321 aut
650 289 857 321 nautarum
875 295 943 332 per
956 281 1166 320 triennium
1184 280 1396 320 dederint?
1425 282 1577 318 nullum

241 350 378 387 datum
400 348 544 387 dicent.
606 348 742 386 Fuisse
775 349 1005 386 Messanam
1037 346 1215 385 omnium
1246 345 1356 384 istius
1386 347 1577 384 furtorum

240 427 286 452 ac
308 414 542 464 praedarum
575 412 830 464 receptricem
862 426 1004 462 negare
1032 425 1112 450 non
1143 419 1356 462 poterunt3
1385 413 1578 461 permulta

242 479 373 517 multis
395 478 560 517 navibus
589 478 695 517 illinc
726 485 938 528 exportata,
962 479 1064 515 hanc
1091 491 1230 516 navem
1259 476 1432 526 denique
1462 477 1577 515 maxi-

240 558 357 591 mam,
389 559 411 582 a
445 544 693 583 Mamertinis
725 545 870 591 datam,
905 550 1089 581 onustam
1121 556 1211 581 cum
1251 541 1325 580 isto
1360 543 1575 592 profectam

239 609 476 647 fatebuntur.

294 676 426 723 Quam
449 673 502 712 ob
523 686 604 712 rem
628 671 698 711 tibi
722 672 823 711 habe
853 686 946 711 sane
968 671 1082 710 istam
1108 671 1376 712 laudationem
1407 675 1575 712 Mamer-

238 739 409 777 tinorum
428 754 437 786 ;
466 740 747 788 Syracusanam
780 737 941 788 quidem
972 737 1170 776 civitatem
1194 745 1235 777 ut
1262 739 1332 777 abs
1355 746 1392 777 te
1418 740 1573 778 adfecta

237 812 296 843 est
331 804 384 843 ita
418 804 457 842 in
495 812 532 842 te
567 817 651 842 esse
690 803 905 842 animatam
944 803 1134 850 videmus,
1176 805 1282 854 apud
1320 818 1418 854 quos
1454 804 1571 844 etiam

238 869 374 908 Verria
406 869 470 908 illa
505 869 697 920 flagitiosa
730 870 885 907 sublata
923 875 1024 907 sunt.
1086 868 1244 907 Etenim
1286 869 1448 908 minime
1482 884 1573 909 con-

237 935 420 974 veniebat
450 935 484 974 ei
515 937 679 975 deorum
710 937 879 973 honores
909 934 1045 973 haberi
1075 934 1142 984 qui
1172 934 1378 973 simulacra
1407 936 1572 974 deorum

236 1000 472 1039 abstulisset.
552 1000 682 1039 Etiam
721 1001 880 1039 hercule
926 999 1023 1039 illud
1063 999 1102 1037 in
1142 999 1393 1049 Syracusanis
1433 1001 1572 1040 merito

236 1067 595 1117 reprehenderetur,
634 1065 676 1113 si,
713 1079 803 1104 curn
836 1065 942 1104 diem
978 1066 1119 1103 festum
1159 1066 1342 1104 ludorum
1381 1067 1430 1105 de
1462 1066 1569 1105 fastis

236 1131 315 1170 suis
345 1131 593 1169 sustulissent
628 1130 927 1169 celeberrimum
966 1138 1005 1169 et
1037 1129 1339 1178 sanctissimum,
1377 1133 1485 1181 quod
1520 1146 1568 1169 eo

236 1197 323 1247 ipso
352 1196 417 1235 die
447 1198 660 1246 Syracusae
688 1210 711 1234 a
742 1197 932 1235 Marcello
963 1204 1100 1246 captae
1130 1209 1214 1234 esse
1244 1195 1438 1243 dicuntur,
1462 1196 1568 1235 idem

236 1263 341 1301 diem
364 1264 506 1301 festum
528 1261 658 1300 Verris
680 1261 840 1300 nomine
869 1269 1037 1311 agerent,
1062 1275 1152 1300 cum
1183 1261 1254 1300 iste
1275 1276 1297 1300 a
1318 1262 1569 1312 Syracusanis

236 1341 337 1378 quae
362 1327 426 1367 ille
451 1327 702 1366 calamitosus
731 1326 815 1366 dies
847 1327 1054 1377 reliquerat
1079 1327 1301 1366 ademisset.
1362 1330 1415 1366 At
1440 1328 1570 1368 videte

235 1393 407 1432 hominis
432 1392 719 1443 impudentiam
748 1400 868 1442 atque
897 1392 1180 1443 adrogantiam,
1208 1392 1371 1441 iudices,
1390 1393 1456 1443 qui
1488 1408 1568 1432 non

235 1460 363 1497 solum
394 1458 530 1497 Verria
565 1459 661 1497 haec
693 1457 820 1508 turpia
854 1471 899 1495 ac
930 1457 1093 1496 ridicula
1125 1472 1171 1497 ex
1207 1459 1366 1497 Heracli
1401 1459 1568 1510 pecunia

234 1523 491 1570 constituerit,
529 1537 663 1562 verum
700 1523 818 1561 etiam
855 1523 1058 1562 Marcellia
1092 1523 1175 1562 tolli
1216 1524 1423 1575 imperarit,
1459 1533 1500 1563 ut
1532 1525 1568 1564 ei

234 1603 342 1628 sacra
381 1591 552 1628 facerent
592 1588 804 1638 quotannis
844 1588 955 1626 cuius
995 1601 1116 1639 opera
1155 1589 1335 1627 omnium
1372 1603 1566 1629 annorum

234 1669 342 1694 sacra
370 1656 548 1705 deosque
578 1654 723 1704 patrios
751 1653 975 1700 amiserant,
1008 1653 1090 1692 eius
1120 1662 1252 1693 autem
1284 1654 1453 1694 familiae
1483 1655 1567 1695 dies

233 1722 352 1759 festos
401 1721 580 1759 tollerent
629 1733 696 1770 per
744 1732 863 1769 quam
912 1726 1063 1758 ceteros
1111 1733 1271 1770 quoque
1319 1722 1438 1759 festos
1481 1720 1566 1760 dies

231 1793 513 1836 recuperarant.

274 1899 295 1927 9
318 1888 437 1918 affecta
454 1887 497 1918 sit
509 1889 551 1927 j>5
689 1898 726 1927 13
751 1888 942 1919 mehercule
955 1890 999 1928 ῥδ
1134 1889 1172 1919 18
1197 1889 1390 1920 calamitoso
1409 1888 1481 1920 dies
1497 1900 1503 1918 :
1531 1888 1564 1919 in

231 1930 283 1961 lu's
297 1932 397 1961 verbis
413 1932 463 1962 ltt'c
478 1930 596 1961 desinit
614 1931 646 1961 R
738 1931 920 1971 reliquerat
936 1931 1007 1972 Spq
1021 1931 1063 1962 al.
1085 1943 1091 1962 :
1117 1932 1292 1971 reliquerit
1305 1933 1321 1961 δ
1410 1931 1454 1962 At
1473 1931 1540 1971 Sp&
1557 1942 1565 1962 ε

229 1984 267 2004 ac
289 1974 330 2015 G3
347 1973 417 2004 edd.
438 1974 529 2014 (Div.
552 1978 566 2011 ξ
585 1985 625 2013 44
644 1986 649 2004 z
674 1984 705 2011 ν,
728 1977 742 2011 ξ
762 1974 798 2013 9)
970 1984 1010 2004 22
1034 1975 1186 2005 omnium
1210 1984 1373 2005 annorum
1389 1973 1419 2005 S
1433 1978 1463 2005 et
1477 1973 1564 2005 codd.

230 2015 320 2047 rell.:
355 2017 505 2047 omnium
531 2017 684 2048 sanorum
712 2016 931 2047 Luterbacher
955 2018 1008 2055 (ξς
1039 2018 1226 2058 124—131):
1260 2019 1373 2048 omnia
1398 2018 1559 2049 maiorum

228 2059 304 2100 Jeep

1595 491 1612 522 5

1596 820 1633 842 10

1591 1149 1628 1181 15

1589 1473 1628 1494 20
