1715 2734
109 1325 146 1346 10

107 1648 145 1680 Ι5

101 1970 142 1991 20

470 389 540 439 Μ.
587 390 798 437 TVLLI
851 389 1252 437 CICERONIS

211 531 299 584 IN
355 530 416 583 C.
467 528 825 582 VERREM
879 527 1130 580 ACTIO
1187 526 1460 580 PRIMA

222 726 346 773 QVOD
367 730 447 762 erat
469 723 688 772 optandum
715 720 893 766 maxime,
918 720 1078 767 iudices,
1101 729 1139 759 et
1163 722 1272 771 quod
1297 735 1419 760 unum
1444 723 1494 761 ad

167 789 355 828 invidiam
377 787 491 826 vestri
520 786 668 825 ordinis
698 786 981 836 infamiamque
1012 785 1246 825 iudiciorum
1277 788 1494 826 sedandam

168 854 336 892 maxime
386 852 617 903 pertinebat,
655 852 695 890 id
735 865 815 889 non
855 852 1031 889 humano
1065 851 1231 890 consilio
1265 853 1334 890 sed
1374 856 1495 902 prope

167 919 352 957 divinitus
382 919 520 956 datum
548 923 667 965 atque
697 916 874 954 oblatum
904 915 1016 953 vobis
1045 929 1202 954 summo
1232 916 1283 954 rei
1314 916 1495 966 publicae

167 991 343 1033 ternpore
373 982 538 1020 videtur.
598 979 835 1018 Inveteravit
865 979 970 1017 enim
1001 979 1077 1017 iam
1110 980 1245 1030 opinio
1277 981 1496 1031 perniciosa

166 1048 218 1087 rei
242 1047 420 1098 publicae
441 1045 634 1095 vobisque
662 1044 890 1094 periculosa,
915 1058 1015 1094 quae
1043 1058 1123 1082 non
1151 1046 1272 1084 modo
1298 1047 1405 1095 apud
1430 1060 1496 1084 7205

164 1115 231 1152 sed
247 1115 354 1162 apud
371 1120 520 1151 exteras
542 1110 721 1149 nationes
747 1109 925 1149 omnium
953 1124 1134 1148 sermone
1161 1111 1411 1160 percrebruit,
1435 1112 1494 1150 his

166 1178 319 1217 iudiciis
340 1192 441 1228 quae
469 1190 575 1215 nunc
602 1175 977 1241 suntlpecuniosum
1006 1175 1222 1223 hominem,
1243 1176 1421 1225 quamvis
1446 1176 1495 1214 sit

166 1257 324 1290 nocens,
348 1241 548 1281 neminem
576 1254 691 1291 posse
712 1240 901 1278 damnari.
961 1241 1079 1278 Nunc
1101 1240 1140 1277 in
1162 1240 1247 1290 ipso
1268 1241 1494 1280 discrimine

165 1307 313 1347 ordinis
342 1306 658 1355 iudiciorumque
686 1313 916 1351 vestrorum,
937 1319 1027 1343 cum
1059 1304 1135 1343 sint
1164 1306 1287 1355 parati
1308 1307 1374 1356 qui
1403 1321 1495 1345 con-

165 1373 338 1411 tionibus
384 1380 421 1410 et
467 1371 619 1421 legibus
665 1372 767 1409 hanc
813 1370 1000 1409 invidiam
1049 1378 1207 1410 senatus
1251 1371 1494 1411 inflammare

164 1445 367 1484 conentur,
399 1450 486 1475 reus
516 1436 555 1473 in
590 1435 780 1474 iudicium
810 1436 1006 1474 adductus
1037 1443 1095 1474 est
1123 1437 1168 1475 C.
1190 1438 1344 1484 Verres,
1372 1439 1494 1488 homo

164 1502 241 1541 vita
261 1510 379 1552 atque
400 1501 511 1540 factis
536 1500 714 1540 omnium
744 1500 820 1538 iam
849 1500 1037 1550 opinione
1057 1502 1278 1549 damnatus,
1301 1503 1493 1552 pecuniae

165 1566 435 1618 magnitudine
456 1564 526 1605 sua
546 1580 615 1617 spe
636 1573 674 1604 et
700 1565 992 1615 praedicatione
1016 1566 1231 1604 absolutus.
1291 1567 1399 1606 Huic
1419 1581 1493 1618 ego

165 1646 321 1680 causae,
358 1631 519 1678 iudices,
560 1645 650 1670 cum
690 1645 845 1669 summa
885 1632 1085 1669 voluntate
1124 1639 1162 1669 et
1200 1632 1493 1682 exspectatione

164 1697 300 1748 populi
340 1697 512 1736 Romani
550 1704 659 1735 actor
692 1696 850 1742 accessi,
887 1710 967 1734 non
1007 1703 1049 1734 ut
1087 1709 1269 1746 augerem
1304 1697 1492 1736 invidiam

164 1761 323 1808 ordinis,
358 1762 427 1800 sed
462 1769 503 1799 ut
538 1761 721 1800 infamiae
757 1761 959 1799 communi
996 1774 1271 1800 succurrerem.
1332 1762 1491 1801 Adduxi

164 1826 269 1865 enim
297 1826 499 1865 hominem
526 1825 566 1863 in
587 1839 667 1875 quo
694 1825 944 1864 reconciliare
976 1825 1303 1864 existimationem
1328 1825 1492 1866 iudicio-

164 1906 248 1930 rum
270 1891 465 1938 amissam,
489 1890 614 1930 redire
635 1890 673 1928 in
695 1890 856 1940 gratiam
885 1905 975 1929 cum
1003 1892 1152 1941 populo
1180 1893 1375 1938 Romano,
1399 1893 1490 1931 satis

163 1957 290 1995 facere
328 1956 466 1995 exteris
505 1955 730 1994 nationibus
778 1955 957 2005 possetis,
998 1957 1318 2006 depeculatorem
1355 1958 1491 2006 aerari,

207 2072 226 2099 4
252 2060 346 2091 nobis
371 2061 407 2099 G¹
499 2062 520 2090 6
545 2070 611 2091 non
641 2060 738 2091 modo
762 2060 851 2100 apud
878 2071 939 2091 nos
966 2061 1026 2091 sed
1054 2062 1145 2100 apud
1173 2066 1309 2092 exteras
1335 2062 1490 2093 nationes

164 2104 262 2135 Harl.
284 2105 368 2143 5428
387 2113 432 2134 (Α.
448 2114 479 2134 D.
504 2105 602 2142 1470}
620 2115 626 2134 ι
652 2114 717 2134 non
736 2105 833 2134 modo
852 2104 981 2134 Rornae
998 2106 1058 2135 sed
1077 2110 1109 2135 et
1128 2105 1241 2142 (etiam
1259 2104 1383 2145 Halm)
1400 2107 1489 2145 apud

165 2152 230 2178 ext.
260 2153 326 2178 nat.
353 2147 550 2186 Naugerius,
579 2147 666 2187 vulg.
695 2147 745 2187 (cf.
774 2148 805 2176 ἰν
832 2151 846 2184 ξ
874 2149 955 2186 58);
995 2158 1061 2178 non
1088 2150 1187 2178 modo
1214 2150 1302 2188 apud
1328 2150 1488 2188 populum

167 2191 357 2221 Romanum
384 2192 443 2221 sed
472 2192 572 2221 etiam
599 2191 687 2229 apud
715 2195 782 2220 ext.
803 2196 871 2222 nat.
889 2191 960 2222 edit.
979 2191 1066 2221 Imzt.
1087 2193 1186 2222 secuti
1205 2192 1327 2230 Baiter,
1350 2193 1485 2232 Kayser,

167 2233 312 2265 Mueller.
330 2234 465 2264 Habent
480 2245 545 2264 non
571 2235 671 2264 modo
693 2235 781 2272 apud
799 2239 868 2265 ext.
888 2239 969 2272 nat.,
991 2234 1105 2265 mediis
1121 2236 1263 2272 omissis,
1280 2235 1335 2276 Dp
1353 2240 1381 2266 et
1396 2235 1485 2266 codd.

163 2281 289 2315 praeter
312 2288 330 2306 r
350 2282 377 2307 et
400 2278 508 2307 Burn.
540 2278 610 2315 158,
633 2277 666 2306 in
693 2277 810 2315 quibus
836 2280 882 2307 est
899 2277 1053 2315 (itemque
1075 2277 1108 2306 in
1131 2277 1178 2308 ed.
1202 2278 1276 2308 Ven.
1300 2280 1395 2316 1483‘)
1423 2289 1487 2308 non

165 2321 261 2351 modo
278 2322 367 2361 apud
385 2327 453 2353 ext.
470 2327 536 2353 nat.
558 2322 618 2352 sed
635 2322 783 2352 omnium
800 2333 958 2353 sermone
968 2324 1046 2361 fort.
1061 2327 1155 2361 recle3
1181 2324 1226 2354 Cl.
1244 2324 1320 2355 Rev.
1334 2324 1412 2354 xvii.
1431 2334 1490 2362 199

1515 705 1532 731 Ῑ

1520 763 1530 785 1

1518 1258 1533 1279 2
